4050 6014
184 244 246 304 280
471 259 475 266 ·
817 230 1060 292 tulimus
1075 232 1244 299 tonnus

185 391 280 460 refert,
304 392 406 447 multos
429 391 600 461 existimare,
628 391 783 459 pobenmns
805 405 865 444 esse
889 391 920 443 in
941 389 1017 444 calls
1048 395 1122 448 1081.
1140 395 1287 459 postquam
1301 386 1423 455 dixisset,
1435 387 1583 440 naturales
1599 386 1739 454 quaeum
1756 383 1883 439 rationes

70 487 115 531 xx.
126 487 173 532 ete.
186 479 338 548 Josaplot.
357 478 506 538 Nonnulli,
527 477 625 548 inquit,
644 477 685 546 id,
704 479 782 546 quod
800 480 835 532 de
852 477 1020 530 oothosa·
1047 477 1185 531 offudis
1207 475 1287 529 illius
1310 474 1386 544 ignis
1405 473 1528 529 Annaei
1545 472 1646 526 montis
1662 489 1680 525 a
1704 469 1883 541 pbilosophis

185 565 258 637 pltat
276 565 378 618 abella
390 564 725 633 qswdornproeteritosio
735 563 852 617 diotain
864 561 1021 631 &numu
1047 564 1155 634 offerri,
1172 560 1324 632 subjungit,
1343 560 1495 615 uerisimile
1512 575 1579 627 esse,
1598 557 1739 628 quidquid
1755 563 1884 611 natuont

187 653 313 718 babetur,
334 653 375 705 ad
391 652 537 710 infernum
560 652 682 705 trabunt.
719 649 798 704 Idem
813 647 899 704 refert
915 647 1021 719 (trogo
1045 648 1216 719 philosophi,
1233 648 1271 702 iis
1289 649 1319 701 in
1338 647 1409 702 locis
1426 663 1487 701 esee
1507 648 1649 717 quaedam
1671 643 1791 698 Tartari
1808 643 1885 698 ostia

186 739 244 792 rins
267 736 340 792 libro
366 743 390 793 4.
415 736 514 808 dialog.
539 752 602 807 cap.
622 741 663 792 42.
689 735 764 790 Huic
782 734 905 805 opinioni
922 731 1022 804 proba·
1049 744 1098 789 cut
1116 723 1349 804 loco'puniendie
1368 732 1515 787 onbnobus
1534 733 1684 799 destinata,
1704 731 1885 800 quemadmo-

187 822 283 878 bilitas
290 828 384 892 posset
393 821 534 877 conciliari
545 839 578 877 ex
588 821 783 892 appellatione,
796 821 870 892 quod
880 819 1024 890 Scriptura
1049 824 1115 876 dun
1133 820 1163 874 in
1181 820 1315 875 islandia
1332 819 1427 873 insula
1445 836 1523 873 mons
1540 827 1581 873 est
1600 819 1771 873 condentem
1787 834 1886 873 rerem

187 908 324 963 infernum
337 915 418 963 roost
435 910 596 977 pebennom.
633 906 688 962 Sed
705 906 876 961 ostendimus
888 905 1023 976 supensus,
1051 909 1142 962 Hecla
1162 908 1264 972 dictate,
1287 923 1308 959 a
1324 922 1378 975 ouo
1396 923 1452 960 non
1471 906 1554 972 lonpe
1572 906 1672 960 obmnt
1682 905 1810 975 fodinae
1827 905 1885 959 sul

187 1012 242 1050 non
264 994 451 1062 rationalem,
480 1011 575 1049 verum
594 993 630 1049 ob
652 993 709 1047 alia
725 992 863 1062 quaedam
880 1006 1024 1062 compara·
1043 996 1141 1064 furis,
1165 995 1243 1065 quod
1263 994 1331 1048 inde
1351 993 1463 1061 copiose
1483 992 1579 1061 plenis
1608 992 1723 1045 nooibu
1751 991 1886 1055 condor,

187 1081 270 1154 tionis
284 1082 407 1136 membre
420 1080 472 1135 hoe
487 1097 587 1136 nomen
605 1078 716 1134 inferno
733 1077 829 1133 tribui.
862 1083 886 1133 4
904 1076 1024 1142 Quidam
1050 1083 1178 1136 oimntur
1189 1080 1251 1135 illic
1266 1087 1440 1134 σιοιιιισιιιιιι
1453 1079 1581 1147 spiritus,
1601 1078 1650 1147 oui
1669 1079 1700 1131 in
1711 1085 1779 1132 noto
1796 1078 1891 1146 specie

187 1167 216 1222 in
235 1183 337 1238 genere
356 1167 462 1232 dieunt,
481 1182 539 1220 esse
559 1166 651 1219 locum
669 1165 886 1218 mbtmaneum.
914 1162 1024 1217 Tertnl·
1052 1169 1173 1238 offerunt
1199 1184 1228 1220 se
1252 1166 1448 1231 familiaribus
1466 1165 1615 1234 colloquiis
1633 1164 1785 1230 bominum,
1804 1165 1891 1233 idque

189 1253 278 1308 lienus
302 1253 331 1307 in
349 1254 488 1324 apologet.
511 1268 572 1322 cap.
590 1257 631 1308 45.
657 1250 795 1305 infernum
820 1256 902 1304 vocat
921 1248 1026 1303 menni
1052 1255 1124 1307 adeo
1149 1260 1179 1305 ut
1202 1252 1296 1306 adbuc
1320 1252 1412 1305 sinere
1433 1257 1571 1320 putentur
1601 1251 1637 1304 ab
1664 1250 1738 1317 silis,
1765 1250 1816 1320 qui
1843 1268 1891 1305 eos

188 1341 263 1408 ipns's
276 1340 486 1394 subterraneum
500 1340 668 1393 timaus-um.
688 1336 751 1391 libr.
766 1335 894 1393 deunim
908 1339 1025 1405 caput:
1051 1339 1178 1393 annunt
1196 1338 1240 1393 oel
1262 1337 1465 1403 submersione,
1493 1338 1535 1390 vel
1564 1337 1626 1390 alia
1650 1337 1774 1392 nolente
1800 1345 1891 1391 morte
1904 1343 2021 1386 uuo.

190 1426 277 1481 Nobis
304 1426 395 1489 inferi
417 1443 473 1479 non
498 1427 576 1478 nudo
600 1425 740 1477 oooontos
761 1439 850 1493 neque
868 1421 1026 1476 ιιιόιλὼολὶι
1048 1426 1178 1496 periisse,
1192 1442 1257 1479 nom
1277 1424 1349 1477 tales
1366 1424 1520 1495 praecipue
1538 1431 1685 1492 apparent,
1710 1441 1773 1477 cuns
1795 1432 1889 1479 autem

190 1513 290 1580 aliqua
312 1511 411 1564 mundi
422 1510 532 1565 sonans
545 1511 706 1578 “aduoluta
724 1509 920 1571 861110ΐο00
933 1515 1026 1561 mat
1053 1529 1099 1566 eos
1118 1519 1201 1565 mont
1215 1511 1302 1564 amici
1316 1510 1361 1564 osl
1379 1512 1445 1575 noti,
1463 1516 1494 1562 ut
1513 1511 1625 1561 domum
1642 1510 1768 1574 redeant,
1788 1511 1889 1565 dicunt

191 1605 218 1651 et
236 1598 266 1649 in
284 1597 344 1651 olto
364 1597 521 1650 oostdaset
534 1596 565 1649 in
576 1596 647 1665 ipsis
660 1595 882 1662 οιίοοιίοιιιιίιιι
894 1593 1026 1647 writes
1053 1616 1115 1652 esan
1132 1597 1239 1666 inpenti
1259 1597 1375 1663 pontu,
1396 1612 1426 1647 se
1453 1595 1571 1648 Heclam
1596 1604 1714 1649 montem
1739 1603 1844 1666 petere,
1864 1604 1890 1653 et

187 1685 381 1755 profunditas.
409 1681 530 1753 cyrillus
549 1681 611 1736 libr.
631 1683 668 1737 de
686 1689 764 1736 reeta
775 1679 1026 1735 tideadTheodos.
1053 1684 1289 1751 ilicoeiieparent.
1324 1679 1457 1735 Nominat
1474 1689 1567 1736 autem
1586 1681 1683 1737 Surius
1701 1681 1786 1753 hujus
1803 1682 1888 1738 histo·

189 1777 253 1826 tom.
273 1776 295 1828 3.
316 1787 342 1840 p.
365 1773 424 1825 106.
444 1774 528 1824 soost
544 1769 741 1823 subterraneos
758 1783 866 1837 specus.
892 1767 1026 1836 Hierony·
1052 1770 1110 1825 riae
1130 1775 1228 1824 testem
1241 1766 1342 1823 Olaum
1356 1765 1488 1838 Μιςιιοιο
1506 1767 1534 1821 in
1549 1766 1644 1822 histor.
1656 1768 1760 1838 region.
1779 1774 1890 1839 septen·

191 1873 252 1910 mus
270 1856 298 1910 in
317 1872 377 1926 esp.
397 1861 421 1910 4.
440 1854 542 1925 Ephes.
560 1871 644 1926 super
661 1853 747 1910 rerba
765 1853 910 1908 descendit
927 1853 969 1905 ad
985 1852 1027 1906 in·
1053 1857 1134 1911 trion.
1165 1855 1220 1911 Sed
1240 1854 1319 1909 addit
1338 1853 1433 1921 Olane,
1451 1854 1570 1920 placium
1582 1855 1667 1908 ιλίοιιι
1684 1855 1765 1908 illiue
1777 1856 1889 1911 insulae

191 1944 314 2008 seriores
322 1950 437 2012 portes.-
462 1942 613 2007 Insernum
632 1942 683 1994 sub
700 1949 780 1994 terra
796 1955 853 1995 esse
871 1956 951 1993 nemo
961 1938 1025 2007 jam
1053 1947 1163 2010 mser-re
1179 1943 1309 2011 percitum
1327 1946 1353 1994 at
1370 1940 1507 2010 ejulatum
1526 1940 1665 1995 boemanos
1682 1941 1767 2005 οοσιὶι,
1782 1957 1815 1996 ex
1834 1959 1890 2011 quo

192 2028 324 2097 antipas.
364 2027 540 2098 Augustinus
561 2027 622 2082 libr.
640 2032 663 2082 t.
683 2030 792 2081 remeet
815 2042 876 2095 esp.
897 2028 943 2081 24:
983 2025 1029 2078 Do
1053 2027 1209 2085 confirmari
1223 2031 1391 2097 possetnon
1404 2027 1493 2080 solum
1509 2026 1611 2097 ignem,
1625 2025 1773 2081 sedetiam
1787 2043 1891 2098 squam

192 2115 295 2183 inseris
319 2115 412 2182 mopis
439 2113 511 2166 miti
535 2113 634 2167 uideor
659 2114 760 2167 docere
781 2112 922 2176 ἀιὸιιιιισ,
951 2102 1028 2182 guod
1054 2114 1202 2187 glacialem
1226 2118 1255 2168 et
1280 2112 1371 2184 frigus
1390 2111 1500 2183 proprie
1522 2111 1627 2167 dictum
1644 2112 1673 2166 in
1693 2111 1801 2168 inferno
1820 2130 1890 2172 ease.

191 2201 242 2254 eut
266 2201 351 2253 terris
368 2199 437 2266 sint,
467 2215 552 2267 ossam
578 2199 717 2254 rationem
736 2199 872 2262 reddere,
903 2214 954 2251 aur
978 2195 1028 2248 ml
1055 2200 1157 2258 Confer
1174 2199 1347 2253 lddnsterum
1366 2198 1437 2254 libro
1458 2205 1481 2257 4.
1502 2215 1636 2271 monogr.
1655 2214 1715 2269 oap.
1734 2204 1776 2256 32.

192 2287 277 2341 torris
296 2303 354 2340 esse
382 2285 538 2339 credantur
560 2284 617 2338 sive
637 2285 785 2348 ἀίοοοσιιι,
810 2284 894 2353 quasi
912 2299 968 2336 non
986 2281 1029 2335 ito
1090 2294 1132 2345 se,
1161 2285 1336 2357 Opponimus
1357 2302 1423 2340 vero
1443 2285 1508 2339 hnic
1527 2283 1735 2339 Pontificiorum
1756 2284 1889 2354 opinioni,

192 2373 236 2428 sit.
280 2369 432 2442 Gregorius
458 2370 529 2425 libro
553 2376 577 2426 4.
604 2369 707 2441 dialog.
727 2387 750 2424 c.
771 2375 816 2425 42:
850 2370 916 2424 Non
937 2368 1028 2433 uideo,
1058 2372 1307 2446 1,quodcoelnm‚
1335 2379 1459 2426 terreae
1479 2371 1602 2425 marein
1622 2371 1890 2441 disjudieiiessen·

193 2458 265 2527 qnid
288 2458 389 2523 obstet,
419 2463 450 2508 ut
473 2457 523 2510 sub
546 2464 624 2509 terra
647 2458 776 2523 infernus
799 2471 859 2510 esse
886 2455 1028 2508 acuatur.
1055 2460 1158 2516 sialiter
1184 2459 1240 2513 sint
1268 2458 1405 2529 periture,
1438 2464 1470 2511 ut
1497 2457 1526 2511 in
1555 2457 1739 2528 praecedente
1769 2465 1891 2515 tractatu

194 2541 371 2599 Innocentius
398 2541 445 2598 lib.
464 2546 490 2597 3.
516 2542 551 2596 de
572 2547 701 2597 content·
719 2542 812 2597 mund.
835 2557 896 2611 oep-
917 2538 1029 2596 610οο
1056 2545 1235 2601 ostendimus.
1282 2543 1387 2608 Quodsi
1408 2559 1473 2614 ergo
1502 2542 1625 2598 infernus
1649 2549 1722 2599 esset
1747 2543 1776 2599 in
1797 2553 1891 2602 oentm

194 2631 273 2685 ditur
288 2629 418 2699 infernum
435 2629 662 2698 arenosus-ts,
682 2630 835 2685 seeundum
853 2628 930 2682 illud
948 2625 1028 2682 Esai.
1055 2639 1159 2701 terrae,
1199 2631 1297 2703 utiquo
1325 2630 1409 2686 etiam
1439 2646 1496 2684 uns
1525 2647 1587 2684 eum
1621 2636 1695 2685 terra
1724 2629 1892 2689 aboleretur.

194 2721 243 2772 14.-
268 2716 406 2781 Infernue
423 2715 516 2769 suom
535 2722 560 2770 te
578 2717 758 2769 oonmrbalus
778 2723 827 2770 est.
865 2713 972 2769 Eodem
991 2713 1029 2767 vi·
1056 2717 1192 2789 anpiam
1204 2717 1331 2788 legimus,
1349 2722 1457 2786 partem
1468 2714 1589 2788 aliquam
1601 2721 1691 2772 terrae
1704 2719 1892 2788 transituram,

195 2802 275 2857 detur
284 2800 422 2855 sententia
434 2800 601 2856 Damasceni
622 2799 691 2855 libro
709 2805 733 2856 ³.
752 2817 776 2856 e
789 2805 830 2857 19.
849 2799 944 2855 Bedee
958 2798 1029 2855 libro
1055 2812 1164 2876 partem
1180 2818 1382 2866 remansuram,
1409 2805 1461 2858 scd
1477 2803 1585 2856 coelun
1603 2811 1629 2857 et
1644 2811 1723 2858 terro
1740 2803 1782 2857 ita
1801 2811 1891 2859 trans-

194 2893 218 2944 3.
239 2887 268 2942 in
285 2886 349 2942 lob.
370 2902 432 2956 esp.
453 2893 478 2940 ’1.
501 2885 631 2940 Primasii
652 2885 766 2956 Apoeal.
785 2893 810 2943 7.
837 2885 980 2942 Anshelmi
1000 2885 1028 2938 in
1056 2893 1149 2959 ibunt,
1174 2899 1205 2945 ut
1224 2892 1304 2945 locus
1323 2890 1364 2943 eis
1385 2906 1440 2942 non
1458 2890 1618 2944 inveniatur
1637 2888 1723 2959 Apoo
1742 2893 1785 2954 20,
1805 2908 1831 2946 s.
1852 2896 1892 2947 11.

194 2973 346 3030 elucidario
369 2979 423 3026 etc.
461 2978 485 3028 0.
512 2972 632 3038 Quidam
652 2973 681 3027 in
702 2974 802 3042 abysso
822 2974 911 3027 noris
928 2971 1028 3028 interni
1056 2984 1080 3034 2.
1097 2976 1177 3043 Quod
1197 2991 1231 3030 ex
1248 2975 1399 3048 gentilium
1411 2973 1488 3030 fonte
1506 2973 1560 3029 hoo
1574 2973 1676 3045 dogma
1691 2974 1821 3031 rideatur
1832 2992 1893 3032 esse

82 3107 83 3110 ,
193 3059 283 3116 locum
304 3063 456 3130 quaerunt,
479 3059 597 3128 permoti
622 3058 709 3115 dubio
729 3061 825 3130 procul
844 3058 1029 3130 appellatione
1055 3065 1193 3119 haustum.
1232 3060 1420 3117 Tertullianus
1440 3060 1501 3115 libr.
1527 3060 1562 3114 de
1587 3061 1670 3116 anim.
1689 3077 1749 3131 esp.
1769 3068 1817 3119 54:
1845 3063 1892 3117 ln·

194 3145 290 3217 abyssi
308 3145 416 3198 inferno
441 3143 584 3199 attributa.
620 3144 850 3201 Keelsermuunus
869 3146 898 3200 in
915 3149 1028 3216 system.
1050 3153 1138 3221 feros
1156 3150 1230 3204 selue
1241 3150 1378 3217 premium
1395 3157 1489 3203 terrae
1509 3147 1643 3203 describit
1657 3147 1744 3203 Plato
1761 3149 1791 3202 in
1799 3149 1891 3205 Pboo-

195 3231 314 3303 theolog.
339 3246 400 3300 oap.
422 3235 446 3284 7.
470 3247 537 3302 pag.
555 3235 619 3288 288:
644 3232 796 3287 Pr0bobs'le
815 3240 863 3301 est,
884 3232 1029 3296 infernum
1056 3240 1136 3293 done.
1155 3236 1292 3291 Homerus
1314 3235 1375 3291 libr.
1390 3233 1764 3290 Olliadtsrtsrilocumsie
1782 3234 1892 3293 definit:

195 3320 224 3373 in
247 3316 487 3388 profundioribus
513 3324 608 3372 terroe
630 3318 772 3387 marisque
797 3318 938 3386 spolrencis
962 3334 1029 3371 esse.

151 3414 153 3417 '
196 3410 220 3462 0.
240 3403 359 3469 Quidam
380 3402 514 3473 inspeoie
532 3418 566 3457 ee
583 3402 765 3458 determinate
784 3403 814 3456 s'n
831 3412 925 3458 centro
938 3412 1030 3458 terrae
1126 3405 1271 3464 Βάθισιοι
1289 3403 1345 3462 ὑπὸ
1364 3403 1472 3479 χθονός
1490 3408 1547 3462 ἐστι
1565 3411 1708 3482 βέρεθρον,

195 3489 332 3547 infernum
352 3494 494 3556 statuunt,
520 3505 604 3559 quam
626 3489 783 3560 opinionem
802 3489 940 3546 Pontifieii
957 3507 1029 3546 eom·
1086 3490 1175 3551 Ἔνθα
1196 3492 1334 3567 σιδήρειαί
1349 3513 1378 3548 τε
1396 3489 1482 3548 πύλαι
1497 3497 1542 3546 καὶ
1558 3488 1678 3561 χάλκεος
1695 3488 1787 3555 οὐδός,

196 3576 272 3630 muni
300 3590 436 3630 oonwnsu
462 3573 544 3630 hodie
563 3575 782 3646 amplectuntur,
810 3582 843 3632 ut
866 3583 975 3632 oonstat
997 3593 1030 3632 ex
1094 3578 1201 3637 Τόσσοι
1215 3578 1303 3652 ἔνερθ’
1315 3578 1417 3643 Ἀΐδεω,
1436 3575 1504 3634 ὅσοι
1524 3576 1643 3653 οὐρανός
1662 3576 1714 3633 tor'
1732 3577 1791 3633 ἀπὸ
1802 3586 1891 3649 γαίης.

196 3662 330 3719 Bnrredio
358 3661 430 3716 libro
459 3667 498 3717 10.
528 3670 674 3720 comment.
700 3664 885 3736 evangelicor.
914 3681 975 3735 esp.
1006 3672 1030 3722 4.

196 3765 261 3821 pag.
280 3752 338 3805 018.
359 3747 526 3802 Bellsrmino
544 3747 605 3804 libr.
627 3755 653 3804 4.
671 3750 706 3805 de
722 3747 831 3804 Christo
848 3766 908 3821 eap.
922 3755 959 3807 10.
977 3759 1029 3812 etc.
1056 3751 1104 3808 ubi
1122 3751 1286 3807 Eustathius
1312 3749 1424 3804 Homeri
1449 3749 1623 3804 scholiastes:
1647 3743 1692 3813 tn
1717 3749 1805 3812 τόπος
1830 3767 1894 3806 oao-

196 3835 271 3901 Qnin
288 3841 316 3890 et
332 3835 432 3888 ostium
449 3834 507 3890 sive
524 3835 630 3891 editum
649 3835 750 3891 inferni
768 3836 957 3893 demonstrare
974 3855 1028 3892 non
1056 3840 1144 3901 ιεινός
1167 3836 1223 3892 ὑπὸ
1245 3839 1299 3909 γῆν
1318 3832 1441 3909 loonio,
1468 3833 1663 3910 ἀφωρισμένος
1687 3841 1801 3908 ψυχαῖς.
1837 3836 1893 3892 Lu·

196 3928 332 3978 verentur.
364 3919 516 3992 Gregorius
535 3921 597 3977 libr.
616 3929 655 3978 15.
675 3922 820 3977 moralium
839 3914 899 3993 cap.
914 3929 955 3979 30.
975 3941 1029 3979 me·
1056 3927 1152 3982 cianus
1177 3925 1213 3979 de
1241 3923 1319 3979 luctu
1347 3922 1491 3977 constituit
1516 3919 1604 3977 τόποι
1628 3922 1690 3977 τινὰ
1716 3918 1772 3977 ὑπὸ
1799 3923 1832 3998 τῇ
1857 3928 1895 3999 γῇ

196 4013 293 4076 morat,
311 4009 451 4077 quendam
463 4008 663 4062 anachoretam
672 4009 785 4072 σιίλίιιι,
798 4026 890 4076 sepem
905 4009 1030 4064 Tlssodo-
1056 4011 1158 4081 probo,
1179 4016 1271 4086 pirus
1282 4015 1330 4064 sul
1342 4007 1508 4081 πολύχωρον
1521 4012 1569 4062 nat
1582 4007 1699 4082 ζοφερὸν
1709 4012 1757 4061 καλ
1771 4005 1894 4077 ἀνήλιοι.

196 4096 285 4149 riourn
310 4094 383 4147 inter
399 4092 558 4146 Jobannem
579 4111 690 4163 popam
715 4102 740 4149 et
764 4095 959 4164 Symmachum
979 4113 1030 4164 pa·
1057 4103 1082 4154 3.
1102 4098 1183 4163 Quod
1202 4113 1257 4151 non
1274 4096 1361 4166 possit
1380 4093 1554 4150 evidentibus
1572 4099 1601 4148 et
1619 4092 1706 4147 firmis
1723 4095 1895 4164 argumentis

197 4181 307 4234 ericium
333 4181 513 4248 discinctum,
538 4181 740 4235 discalceatum
764 4183 953 4237 acuminatis
973 4199 1030 4235 ma·
1057 4202 1090 4240 ex
1111 4183 1261 4254 seripturis
1279 4181 1400 4252 probari,
1421 4189 1453 4234 ut
1471 4196 1503 4235 ex
1524 4179 1638 4250 speciali
1656 4195 1750 4235 eorum
1770 4182 1895 4236 momine

197 4267 277 4320 nibsss
302 4268 451 4319 dedicatum
477 4265 507 4319 in
526 4267 614 4320 ollam
637 4268 769 4335 Vulcani,
794 4269 905 4324 insulae
928 4269 1034 4338 [sapori
1058 4269 1210 4342 apparebit
1261 4268 1370 4340 Urgent
1398 4272 1419 4322 1.
1445 4267 1584 4335 quaedam
1614 4266 1782 4335 Scripturas
1809 4267 1893 4322 elicta.

196 4353 325 4419 οἰσίιιοιιι,
346 4370 404 4407 οισι
418 4353 567 4422 jactatum.
587 4370 648 4425 cup.
671 4359 717 4411 θοι
740 4355 822 4419 Quod
840 4356 1032 4425 Eumorplss'us
1061 4366 1082 4415 1,
1108 4357 1191 4413 Num.
1215 4360 1254 4424 16,
1279 4373 1305 4410 v.
1328 4359 1376 4412 3³:
1405 4352 1486 4420 core,
1509 4351 1629 4405 Datlson
1655 4358 1682 4404 et
1706 4351 1818 4406 Abiran
1839 4354 1897 4408 cles·

197 4441 282 4493 morti
296 4439 405 4494 ricinus
419 4440 451 4492 in
470 4439 601 4494 Siciliam
619 4459 649 4496 ss
667 4443 734 4495 duci
751 4450 866 4496 testatus
885 4449 939 4507 est,
964 4442 1034 4510 quid
1059 4445 1264 4499 descenderunt
1275 4443 1304 4494 in
1323 4443 1474 4508 infernum,
1493 4457 1555 4493 cum
1573 4448 1652 4492 terro
1672 4456 1717 4494 eos
1736 4440 1895 4509 deplutiret.

196 4525 298 4581 sentiri
315 4527 399 4579 atiud
412 4532 521 4594 potest,
538 4527 597 4581 nisi
616 4531 693 4597 quod
704 4545 780 4599 prae
801 4529 900 4582 ceteris
917 4528 988 4582 locis
1002 4528 1033 4581 in
1060 4529 1159 4586 Psalm.
1188 4512 1245 4593 100,
1272 4545 1298 4583 v.
1329 4532 1373 4583 ll:
1398 4526 1507 4595 Aperta
1530 4533 1571 4578 est
1597 4532 1674 4578 terro
1698 4533 1723 4578 et
1748 4526 1897 4594 deglutivit

197 4612 259 4681 ejus
280 4621 373 4666 terrm
392 4611 493 4666 insulis
511 4622 654 4669 auctorite
670 4615 945 4684 ipnetormentorum
959 4614 1033 4668 ollae
1061 4616 1187 4672 Dotion.
1226 4614 1452 4684 Respondemus:
1485 4611 1604 4676 Quidam
1628 4628 1678 4683 per
1695 4612 1789 4665 scheol
1816 4611 1896 4669 intel·

192 4700 369 4767 potueruut!
395 4716 468 4768 quae
494 4708 525 4752 ut
542 4701 633 4755 solent
654 4717 790 4768 narrare,
819 4700 870 4769 qui
889 4708 1033 4769 noverunt,
1060 4702 1151 4774 lignnt
1173 4700 1218 4755 hio
1241 4700 1304 4755 loca
1325 4699 1461 4754 duntaxat
1479 4697 1660 4753 subterranea
1682 4714 1715 4753 ao
1734 4698 1896 4768 voraginem

198 4786 303 4839 aaut
329 4785 456 4855 ριιοσίιὶίι
480 4787 589 4841 sinibus
608 4796 786 4858 commouet,
812 4794 842 4840 ut
860 4788 961 4841 mundi
978 4793 1033 4841 ter·
1058 4795 1163 4855 terrae,
1180 4793 1213 4840 ut
1233 4786 1269 4841 sit
1287 4802 1394 4852 sensns,
1416 4784 1490 4856 quod
1509 4784 1652 4840 seditiosos
1671 4783 1733 4839 illos
1751 4790 1827 4841 terra
1845 4801 1896 4840 suo

197 4872 273 4925 mino
292 4873 552 4942 appropinquante,
576 4881 681 4942 quanm
704 4880 808 4927 certum
829 4880 870 4927 est
887 4872 957 4926 illue
975 4892 1033 4928 om·
1058 4875 1137 4929 hiatu
1167 4873 1245 4927 vivos
1270 4871 1350 4943 qussi
1374 4870 1549 4926 devoraverit
1574 4887 1607 4925 so
1631 4869 1803 4940 sepeliverit,
1833 4889 1896 4926 cum

195 4958 274 5028 plius
286 4960 441 5012 saurenclcs
458 4959 565 5029 callipi,
583 4967 662 5012 tanto
680 4967 706 5013 st
724 4960 821 5013 eadem
835 4967 1033 5025 tormentorum
1059 4960 1128 5015 alias
1146 4976 1201 5013 non
1219 4959 1272 5012 nisi
1290 4957 1391 5012 mortui
1403 4955 1484 5012 terris
1497 4956 1591 5012 inferri
1604 4957 1797 5012 consueverint
1815 4975 1840 5012 v.
1855 4962 1897 5013 29.

197 5045 262 5098 loco
283 5044 406 5116 amplisu
429 5047 579 5099 uideantur
597 5045 715 5117 ιιριιιίιί.
754 5043 832 5099 Idem
852 5045 953 5116 repetit
972 5044 1033 5100 libr.
1059 5064 1115 5102 non
1138 5050 1232 5100 autem
1260 5044 1397 5098 infernum
1415 5044 1473 5098 sive
1491 5044 1583 5099 locum
1599 5044 1802 5110 damnatorum,
1831 5042 1899 5114 qnia

198 5135 223 5184 4.
236 5124 339 5201 dialog.
355 5137 379 5186 9.
398 5149 425 5202 p.
445 5138 486 5190 45.
505 5147 587 5202 quem
606 5130 697 5186 losum
715 5130 840 5198 allegans
848 5131 1033 5188 Bellarminus
1060 5133 1129 5188 alias
1154 5136 1330 5203 sequeretur,
1355 5130 1449 5185 omnia
1476 5130 1585 5185 illorum
1606 5130 1799 5186 seditiosorum
1824 5130 1899 5185 bona

198 5215 259 5274 libr.
283 5222 308 5272 2.
335 5217 370 5272 de
399 5218 561 5289 purgatorio
587 5234 646 5288 cap.
667 5224 692 5273 0.
720 5217 831 5289 scribit,
865 5219 1033 5288 Greporiurn
1060 5219 1096 5274 sd
1118 5216 1257 5272 infernum
1283 5217 1448 5287 pervenisse.
1487 5217 1541 5273 Sed
1562 5219 1586 5272 si
1603 5219 1648 5273 vel
1665 5217 1782 5272 maxime
1801 5233 1899 5275 oonoe-

195 5311 319 5371 putasse,
341 5305 440 5358 camos
461 5304 622 5374 eruptiones
641 5304 723 5372 ipnir,
741 5322 812 5374 quoe
831 5307 861 5359 in
877 5314 957 5361 terro
983 5323 1034 5376 ap·
1061 5307 1166 5372 damus,
1192 5320 1242 5374 per
1259 5301 1352 5358 scheol
1379 5303 1510 5359 hocloco
1532 5303 1650 5375 intelligi
1670 5305 1760 5359 loeum
1784 5303 1898 5359 damna·

193 5396 308 5455 parent,
333 5405 391 5443 esee
417 5388 527 5442 indicia
550 5391 691 5458 σοοιιλοιιι
715 5392 827 5463 inferni
844 5393 921 5447 intra
941 5400 1035 5447 terrae
1060 5397 1166 5457 torum,
1191 5406 1224 5444 ex
1250 5405 1282 5444 eo
1310 5395 1404 5445 tamem
1428 5389 1524 5445 inferri
1541 5389 1652 5461 nequit,
1671 5406 1735 5445 eum
1755 5391 1784 5444 in
1803 5396 1899 5447 oenuo

196 5475 309 5530 cucero
329 5475 491 5530 musam
527 5473 677 5532 Lurentius
686 5475 782 5534 Surim
799 5478 828 5533 in
839 5478 955 5535 hutoris
970 5477 1035 5534 anni
1063 5483 1154 5533 terroe
1166 5491 1226 5533 esse
1239 5473 1426 5543 sumendum,
1443 5491 1539 5530 sensns
1554 5473 1625 5530 enim
1638 5482 1689 5545 est
1707 5475 1782 5546 quod
1795 5492 1814 5531 a
1826 5481 1901 5533 terra
