4050 6014
681 377 732 430 DE
752 375 1081 432 CONSUMMATIONE
1100 374 1243 433 SECULI.
1748 386 1805 443 169

114 529 202 583 stituti
230 529 321 582 animo
343 530 554 598 perturbantur,
579 530 671 585 lumen
697 533 762 586 solis
790 533 858 603 ipsis
878 547 945 601 quo·
972 546 1037 583 orso
1054 531 1146 584 coelos
1163 548 1249 584 nouos
1268 538 1292 583 st
1309 538 1416 582 terram
1433 548 1549 594 novarn,·
1574 530 1694 584 nondum
1715 535 1808 584 tamen

114 614 260 668 dammodo
279 614 428 668 obscurum
448 616 569 680 ridetur;
588 617 636 670 sed
657 634 720 671 eum
741 618 848 671 laetitia
865 617 946 684 redit,
972 632 1143 687 consequens
1162 616 1222 681 en't,
1243 616 1444 670 restitutionem
1464 615 1539 670 illam
1558 615 1617 671 forc
1634 632 1685 685 per
1704 616 1807 669 nudam

113 706 179 754 tunc
203 701 296 754 omnia
316 700 437 754 vicissim
461 701 552 754 ridere
575 718 607 755 ae
631 703 724 756 sidera
749 703 810 773 ipsa
828 703 945 772 splendi·
974 701 1140 770 qualitatum
1173 701 1404 766 immutationem,
1437 717 1499 755 curn
1528 716 1579 770 per
1614 717 1713 755 novam
1744 699 1808 753 nori

113 786 191 840 diora
208 802 342 856 apparere
361 787 497 839 videntur.
536 787 610 839 Esth.
636 794 677 855 ll,
694 807 719 840 r.
739 795 762 843 8.
786 790 820 842 de
840 742 1041 861 infeliciieoeli
1061 803 1094 840 ac
1113 804 1201 841 norae
1218 793 1307 841 terrac
1325 786 1494 841 creationem
1512 785 1607 840 futura
1619 786 1806 855 promittatur.

113 872 285 926 iudaeorum
302 879 376 926 statu
395 872 511 927 dicitur:
536 872 603 925 ibit
623 874 684 926 dios
702 874 755 926 ilia
770 875 946 927 tenebrarum
959 864 961 868 ⁷
974 871 1028 934 Qui
1046 890 1096 941 pro
1117 872 1242 926 obsoleta
1261 890 1294 927 ac
1313 872 1415 925 detrita
1440 877 1515 926 veste
1540 887 1639 925 novam
1668 888 1702 926 ae
1726 871 1808 943 longe

114 965 139 1010 ct
157 957 338 1022 discriminis,
359 959 551 1012 tribulationis
570 966 596 1010 et
614 960 771 1025 anpnstiae,
798 968 823 1012 ot
850 961 946 1026 inperia
974 957 1159 1026 pulchriorem
1185 958 1292 1024 reddit,
1312 957 1335 1010 is
1355 975 1410 1011 non
1431 957 1520 1011 minus
1548 964 1651 1012 restem
1678 956 1808 1025 restituit,

112 1045 239 1106 formido
257 1061 342 1113 super
361 1053 480 1111 terrom;
506 1044 553 1101 sed
574 1043 609 1098 de
628 1049 736 1099 mutata
759 1045 787 1097 in
806 1045 945 1098 meliorem
958 1046 961 1077 ⁹
974 1060 1056 1113 quam
1077 1044 1124 1111 qni
1144 1043 1261 1111 priorem
1280 1042 1474 1112 interpolatam
1488 1061 1521 1097 ac
1538 1061 1555 1097 a
1572 1043 1700 1097 sordibus
1719 1042 1808 1096 deter-

114 1135 216 1184 sortem
238 1129 410 1184 iudaeorum
435 1129 591 1183 conditione
613 1148 636 1183 e.
664 1137 688 1197 s,
717 1148 740 1182 r.
769 1135 806 1184 16.
832 1130 945 1184 dicitur:
973 1146 1030 1180 sam
1049 1129 1146 1184 reddit.

114 1215 321 1268 Junasrsnoua
343 1215 391 1267 iun
409 1215 483 1268 oriri
499 1216 561 1266 viru
583 1222 632 1281 est,
651 1216 796 1282 pendium,
815 1215 904 1268 honor
922 1223 948 1267 rt
1008 1220 1048 1268 52.
1082 1220 1096 1267 l
1135 1214 1210 1268 Rom
1238 1219 1268 1281 8,
1297 1232 1322 1268 r.
1355 1220 1399 1268 ltl:
1448 1215 1631 1282 Exspectatio
1661 1211 1841 1300 creaturas}¹
1855 1211 1964 1300 &50³¹-

114 1300 278 1369 tripudium.
317 1303 343 1362 2)
368 1298 484 1368 Typiec,
509 1299 625 1368 mystice
646 1315 679 1352 ac
705 1300 857 1370 anagogice
880 1299 1172 1353 fate-:rautasionem
1189 1300 1315 1361 fitiorum
1338 1299 1396 1352 Dei
1411 1307 1570 1367 carpenas,
1589 1318 1613 1353 v.
1632 1305 1672 1355 20.
1692 1298 1812 1352 vanitati
1836 1290 1843 1308 ⁹
1873 1290 1879 1301 ’
1921 1289 1926 1300 '

115 1402 176 1439 mur
194 1385 398 1439 accommodari
418 1401 499 1454 posse
517 1385 552 1437 ad
566 1384 794 1438 instaurationem
814 1385 948 1438 ecclesiae
959 1342 962 1437 i
974 1384 1047 1436 enirn
1063 1392 1195 1437 ereatura
1212 1385 1337 1452 subjecta
1357 1392 1407 1453 cst,
1426 1404 1482 1439 non
1501 1386 1605 1448 uolens,
1623 1387 1676 1438 ssd
1688 1393 1809 1455 propter

114 1470 297 1525 inchoandam
324 1487 371 1539 per
397 1469 575 1540 evangelicas
599 1469 670 1523 lucis
690 1470 948 1540 splendoremque
975 1486 1045 1537 sum,
1069 1470 1118 1538 qui
1141 1471 1259 1539 subjecit
1283 1487 1345 1522 earn
1370 1471 1400 1522 in
1419 1487 1477 1539 spa,
1498 1488 1523 1524 r.
1544 1476 1585 1525 21.
1611 1471 1680 1540 quta
1701 1470 1810 1540 etipsa

114 1557 247 1626 nunquan
268 1556 336 1625 legis
357 1556 456 1610 umbra
475 1556 636 1624 dispoliatur
654 1561 720 1625 (quo
739 1557 949 1610 accommodant
975 1564 1108 1609 creatura
1137 1557 1303 1610 liberabitur
1338 1575 1356 1608 a
1391 1557 1524 1610 servituto
1557 1558 1748 1627 corruptionis
1778 1558 1810 1610 in

115 1643 187 1696 hane
203 1642 377 1712 prophetiam
396 1640 518 1711 Cyrillus
539 1646 567 1693 et
586 1641 738 1709 Procopius
757 1642 785 1695 iu
804 1632 1131 1695 commenaltitertuam
1161 1643 1272 1709 pieriae
1306 1643 1435 1710 filiorum
1465 1644 1530 1698 Dei.
1567 1661 1592 1698 v.
1618 1649 1659 1698 22.
1701 1644 1811 1697 Scimus

115 1728 291 1798 Augustinus
309 1727 338 1780 iu
353 1733 463 1797 quaest.
485 1728 629 1797 utriusque
640 1727 810 1783 'l'estameuti
830 1745 857 1798 q.
872 1728 1057 1793 105.l,renim,
1075 1730 1153 1797 puori
1172 1728 1262 1780 ouinis
1281 1737 1414 1780 nectara
1435 1728 1599 1797 inperniscat
1623 1737 1648 1782 ct
1664 1729 1811 1798 parturiat

115 1813 359 1868 consummandam
382 1814 411 1867 in
438 1814 535 1867 ultimo
553 1813 654 1867 Ohristi
678 1814 714 1867 ad
736 1814 875 1884 judicium
901 1814 949 1867 ad·
976 1831 1062 1882 usquo
1081 1815 1181 1866 στίίταο.
1218 1813 1271 1867 Ηίο
1293 1813 1369 1867 Ιοσιττ
1398 1814 1567 1882 apostolicus
1592 1815 1741 1885 primarius
1760 1821 1810 1878 est,

116 1904 208 1967 ventu,
236 1915 287 1968 per
311 1915 392 1968 quem
416 1898 501 1968 plena
527 1897 563 1951 ab
588 1897 716 1953 omuibus
735 1899 861 1953 hostibus
882 1898 951 1953 libe·
977 1917 1059 1970 quem
1084 1916 1135 1968 pro
1162 1899 1300 1953 contraria
1322 1900 1460 1954 sententia
1484 1901 1528 1953 vel
1555 1901 1672 1954 maxime
1700 1905 1810 1972 urgent.

116 1983 186 2039 ratio
205 1991 233 2038 et
252 1984 375 2054 perlecta
392 1984 512 2038 felicitas
526 1984 580 2053 piis
599 1984 742 2053 continget
760 1986 828 2054 (quo
846 2000 951 2038 aeeom·
976 1986 1112 2056 Expressa
1141 1986 1214 2039 enim
1244 1986 1354 2040 videtur
1385 1985 1526 2055 apostolus
1563 2002 1699 2054 asserere,
1735 1984 1809 2056 quod

117 2070 231 2124 modaut
265 2069 317 2124 hoc
348 2069 509 2123 vaticinium
541 2068 744 2138 Hieronymus,
781 2069 903 2140 Haymo'
923 2076 951 2124 et
977 2076 1104 2126 ereatura
1129 2088 1217 2143 aeque
1242 2088 1275 2125 ae
1293 2071 1343 2126 filii
1367 2072 1418 2125 Dei
1445 2089 1463 2126 a
1485 2072 1661 2142 corruptione
1689 2073 1725 2126 sit
1740 2070 1812 2126 libe·
1868 2117 1870 2121 s

116 2157 245 2226 Lyrauus
264 2157 292 2209 in
309 2159 482 2225 comment.);
500 2155 548 2209 scd
567 2160 633 2209 tune
645 2161 841 2227 μεταφορικοῖς
859 2155 951 2209 verbis
977 2159 1065 2211 randa
1078 2165 1106 2211 et
1120 2158 1156 2212 ad
1167 2158 1323 2211 libertatern
1336 2156 1371 2211 ab
1385 2158 1460 2211 omni
1474 2157 1650 2228 corruptione
1663 2157 1812 2212 immunem

116 2243 199 2314 hujus
219 2243 303 2296 seculi
330 2257 372 2296 res
389 2241 475 2295 futuri
500 2241 586 2294 seculi
611 2240 732 2294 describi
755 2242 874 2311 quilibet
891 2243 950 2296 ani·
977 2243 1157 2297 traducenda.
1185 2244 1412 2312 Respondemus:
1428 2243 1629 2298 consideranda
1643 2242 1746 2296 suntin
1759 2241 1812 2297 hoc

117 2327 274 2384 madvertit.
309 2329 336 2394 3)
358 2326 429 2383 Nam
449 2327 512 2380 Esa.
535 2332 576 2389 60,
594 2342 619 2380 r.
640 2330 678 2380 19.
699 2327 786 2396 Apoe.
807 2334 850 2393 21,
868 2345 894 2381 v.
910 2333 950 2381 23.
978 2329 1051 2383 dicto
1071 2335 1093 2384 1.
1115 2329 1275 2397 arsijestum,
1293 2334 1316 2383 2.
1338 2329 1544 2400 praedicatura.
1581 2327 1745 2398 subjeetum
1770 2332 1813 2382 est

117 2414 242 2470 eoelestis
267 2413 464 2481 Hierosolyma
486 2412 548 2467 lucc
577 2412 641 2465 solis
673 2412 800 2482 indigere
823 2417 950 2483 negatur.
979 2412 993 2483 ἡ
1022 2422 1111 2476 κτίσις
1139 2432 1165 2466 v.
1197 2418 1236 2469 ta
1263 2419 1293 2466 et
1320 2412 1431 2483 quidam
1457 2416 1535 2467 πᾶσα
1565 2411 1579 2479 ἡ
1602 2419 1690 2475 κτίσις
1712 2432 1736 2467 r.
1771 2418 1810 2467 22.

116 2506 156 2554 Λα
177 2506 273 2553 notum
298 2504 354 2562 cst,
375 2497 562 2568 septenarium
587 2514 647 2552 esse
675 2513 819 2552 numerum
845 2497 951 2567 perfec·
978 2499 1050 2564 Quid
1069 2515 1134 2554 vero
1154 2499 1264 2554 nominc
1283 2507 1430 2552 σοαοιαταα
1448 2497 1474 2553 h.
1491 2497 1508 2552 l.
1528 2496 1710 2568 intelligatur,
1729 2498 1763 2553 de
1780 2514 1813 2553 co

115 2587 207 2654 tionis,
236 2585 306 2639 nihil
335 2601 402 2654 ergo
431 2583 508 2638 aliud
541 2599 625 2653 quam
652 2583 777 2654 perfecta
807 2582 951 2637 beatorum
978 2587 1125 2658 plurimum
1151 2586 1261 2640 variant
1283 2585 1463 2654 interpretum
1489 2583 1650 2638 sententiae.
1693 2583 1812 2650 Quidam

116 2671 223 2728 laetitia
241 2677 270 2726 et
286 2670 375 2741 gloria
393 2668 575 2740 significatur.
978 2673 1012 2728 de
1039 2671 1176 2743 angelica,
1206 2670 1318 2741 quidam
1343 2671 1379 2724 de
1400 2669 1528 2738 humana,
1554 2669 1669 2739 quidam
1697 2670 1732 2724 de
1755 2688 1813 2723 cor-

73 2783 103 2818 u.
151 2764 191 2813 51.
222 2763 245 2812 3.
266 2758 361 2811 Actor.
381 2762 405 2823 3,
424 2774 448 2812 v.
471 2763 511 2813 21.
535 2757 596 2809 dias
610 2753 722 2822 judicii
746 2761 863 2807 vaomar
885 2760 950 2808 tarn·
979 2757 1065 2828 parali
1089 2763 1191 2811 natura
1218 2755 1387 2826 intelligunt.
1418 2761 1439 2810 t.
1459 2755 1604 2826 Origenes,
1623 2753 1813 2810 Theodoretus

72 2830 88 2871 ¹·
115 2863 170 2914 pus
193 2840 444 2904 ἀποκαταστάσεως
466 2839 588 2897 πάντων.
631 2841 712 2907 Erpa
740 2839 824 2892 stiam
854 2839 954 2891 meursii
978 2845 1007 2896 in
1026 2860 1122 2898 comm.
1157 2841 1352 2897 Nazianzenus
1369 2845 1436 2894 orat.
1458 2845 1480 2894 t.
1500 2839 1528 2893 in
1549 2839 1652 2896 Julian.
1690 2839 1813 2910 Cyrinus

118 2932 289 2985 instauratio
317 2932 347 2983 in
374 2946 406 2982 co
434 2931 489 2991 fiet.
531 2925 756 2996 Respondemus:
801 2925 827 2994 t)
863 2924 951 2978 Occu·
980 2930 1026 2984 lib.
1048 2938 1072 2987 3.
1092 2928 1215 2983 thesauri
1236 2943 1259 2984 c.
1283 2933 1302 2981 t.
1322 2932 1373 2981 ete.
1398 2942 1448 2995 per
1473 2931 1629 2980 ereaturam
1655 2924 1815 2996 intelligunt

119 3016 226 3073 menius
250 3017 282 3072 τὸ
306 3010 547 3071 ἀποκαθιστάνειν
576 3012 776 3081 intorpretatur
803 3015 842 3072 tls
866 3015 953 3083 πέρας
979 3017 1108 3085 anpetos,
1135 3015 1183 3084 qui
1207 3013 1325 3068 vanitati
1348 3020 1377 3067 et
1400 3012 1526 3068 servituti
1550 3011 1735 3081 corruptionis
1758 3028 1813 3067 non

120 3108 222 3170 iterio,
243 3117 326 3174 quam
346 3101 577 3172 significationem
601 3098 686 3153 etiam
709 3097 838 3168 exprimit
856 3095 951 3165 Syrus.
980 3118 1046 3156 suae
1066 3101 1114 3156 sed
1131 3100 1287 3167 homiuum,
1312 3099 1430 3153 maxima
1454 3097 1616 3163 electorum,
1639 3094 1763 3152 serviunt
1786 3102 1815 3152 et

119 3188 159 3241 At
174 3189 243 3243 haec
259 3187 453 3257 interpretatio
474 3185 567 3256 potius
585 3184 749 3238 adversatur
761 3181 857 3236 mundi
874 3196 953 3234 reno·
980 3186 1015 3241 ub
1049 3186 1103 3241 hac
1134 3186 1266 3239 servitute
1297 3184 1491 3239 liberabuntur
1519 3184 1549 3238 iu
1579 3183 1815 3237 consummatione

119 3274 232 3328 radoni.
275 3277 301 3337 2)
325 3272 475 3327 Restitutio
499 3270 549 3326 illa
570 3269 692 3325 omnium
718 3267 884 3339 explicanda
912 3271 955 3320 est
980 3273 1067 3325 seculi
1092 3276 1121 3325 et
1140 3269 1341 3324 resurrections
1357 3270 1465 3339 piorum
1493 3268 1529 3322 ad
1557 3269 1643 3322 vitam
1666 3272 1813 3325 aeteruum.

119 3359 270 3413 meandum
291 3357 357 3413 fidei
375 3357 532 3426 analogiam
556 3361 585 3410 et
601 3353 783 3425 intelligenda
801 3352 954 3407 secundum
982 3357 1100 3421 Quidam
1126 3362 1219 3410 tamen
1248 3356 1355 3425 piorum
1382 3353 1534 3425 posteriora
1567 3353 1702 3408 duntaxat
1730 3354 1816 3409 rerba

120 3445 273 3517 subjectam
287 3444 437 3498 materiam.
465 3442 526 3496 Deo
539 3438 955 3510 restitueturhonoretgloria,
982 3462 1006 3497 v.
1028 3448 1068 3498 22.
1093 3443 1183 3496 omnis
1209 3449 1344 3495 creatura
1367 3440 1531 3507 inpensissit,
1557 3438 1669 3509 quidam
1695 3456 1760 3493 vero
1789 3446 1817 3494 et

121 3548 205 3603 quam
222 3531 353 3600 princeps
374 3529 456 3599 hujus
475 3525 560 3582 seculi
579 3525 731 3593 imminuit3
755 3525 853 3579 ruinae
871 3542 954 3595 ange-
982 3529 1075 3599 priora
1094 3532 1122 3582 et
1141 3527 1292 3597 posteriora
1320 3525 1354 3579 ad
1381 3525 1495 3596 angelos
1513 3523 1643 3578 referunt.
1679 3522 1817 3594 Hierony-

120 3618 207 3672 lourm
226 3633 277 3686 per
293 3616 404 3670 beatam
423 3614 499 3668 illam
519 3609 750 3669 ἀποκατάστασιν
769 3615 796 3665 et
813 3611 955 3666 beatorum
983 3632 1043 3669 mus
1061 3615 1091 3668 iu
1109 3619 1253 3669 comment.
1273 3611 1374 3666 dubius
1397 3617 1447 3676 est,
1468 3609 1556 3679 magis
1580 3616 1674 3664 tamen
1702 3610 1819 3665 inclinat

121 3703 262 3758 homiuum
292 3700 519 3773 glorificationem
557 3696 762 3768 implebuntur3
793 3712 910 3767 corpora
942 3713 957 3751 e
983 3701 1011 3755 in
1041 3717 1136 3756 eorum
1169 3698 1347 3765 senteutiam,
1381 3697 1429 3767 qui
1463 3696 1499 3750 de
1527 3695 1634 3766 augelis
1666 3701 1817 3766 exponunt.

119 3795 209 3844 terrae
239 3787 352 3858 pulvere
383 3786 519 3841 suscitata
552 3782 697 3838 animabus
725 3783 906 3838 restituentur
929 3789 958 3836 et
987 3787 1108 3854 Diversi,
1125 3785 1223 3856 iuquit,
1238 3785 1310 3838 bunc
1323 3784 1416 3838 iocum
1434 3781 1553 3836 dirersis
1566 3781 1820 3851 modiscrponunt,

120 3876 241 3947 glorioso
273 3873 376 3929 Christi
415 3872 523 3943 corpori
556 3869 817 3936 conformabuntur;
855 3869 893 3940 pii
928 3869 958 3923 iu
983 3871 1144 3928 αίοοσαταία
1162 3877 1295 3925 nectura
1312 3868 1529 3922 resurrectionis
1547 3875 1655 3937 tempus
1672 3875 1820 3940 rumestat,

122 3960 322 4033 possessiouem
346 3959 425 4030 regni
448 3973 499 4029 per
523 3958 632 4027 lapsum
657 3956 738 4010 Adae
765 3955 858 4010 amissi
884 3962 957 4025 post·
991 3961 1058 4029 quia
1081 3967 1145 4012 tnnc
1170 3957 1201 4010 in
1221 3956 1321 4012 melissa
1343 3954 1571 4023 commmoratur,
1596 3953 1655 4008 sios
1683 3954 1820 4023 capetias,

75 4058 108 4098 rs.
124 4047 230 4102 liminio
250 4047 329 4118 quasi
347 4046 543 4112 restituentnr3
569 4041 705 4096 defunctis
731 4042 893 4111 parentibus
918 4057 958 4096 re·
985 4047 1041 4100 τίσσ
1057 4044 1212 4100 rationalis
1230 4050 1369 4098 ereatma.
1405 4042 1508 4095 Petrus
1533 4041 1607 4094 enirn
1636 4040 1715 4105 dicit,
1735 4042 1821 4093 stiam

125 4135 276 4189 stituentur
299 4131 393 4199 liberi,
420 4130 526 4184 maritis
551 4145 657 4194 uxores,
685 4127 817 4183 iratribus
844 4143 960 4192 sorores,
987 4132 1102 4200 anysius
1119 4129 1242 4198 pieriam
1260 4129 1427 4182 τίααίτίανοτα
1449 4133 1617 4179 sanctorum.
1653 4126 1690 4179 Et
1710 4132 1821 4195 postea:

125 4238 158 4275 ac
176 4220 237 4274 viee
254 4235 343 4273 versa,
373 4218 406 4271 In
425 4216 468 4270 his
488 4215 571 4270 mata
591 4213 639 4267 illa
651 4211 876 4272 ἀποκατάστασις
896 4230 960 4267 cou-
994 4218 1119 4271 Vanitati
1136 4216 1264 4284 abjecta
1280 4220 1320 4266 est
1339 4221 1482 4279 aratura,
1498 4212 1525 4264 si
1544 4210 1641 4279 anpeli
1663 4209 1820 4264 bominibus

125 4308 204 4362 sistit.
242 4306 268 4372 3)
288 4305 388 4358 Petrus
407 4303 465 4373 ipse
486 4300 687 4356 restitutionem
709 4298 785 4353 illam
806 4299 908 4352 limitat
924 4299 960 4352 ad
987 4303 1155 4369 ministrant,
1173 4301 1246 4353 sicat
1271 4299 1369 4367 anpaii
1390 4300 1514 4366 pandent
1536 4312 1621 4365 srspsr
1639 4295 1821 4364 prandentes,

127 4407 173 4459 ea,
202 4394 237 4445 de
263 4390 365 4461 quibus
395 4389 425 4442 in
452 4387 537 4442 verbo
564 4389 655 4440 exstat
681 4384 777 4438 divina
808 4384 962 4454 promissio,
986 4389 1027 4442 ita
1051 4389 1148 4443 dolent
1172 4402 1259 4455 ταρατ·
1283 4384 1408 4439 conanti
1432 4383 1561 4438 nolentes.
1596 4381 1680 4435 Item:
1720 4380 1821 4433 Mani-

126 4477 205 4532 addit
225 4475 297 4532 enim
315 4474 430 4530 πάντων
452 4461 490 4528 ὧν
508 4469 638 4540 ἐλάλησεν
661 4470 676 4526 ὁ
699 4469 766 4533 θεὸς
789 4468 836 4525 διὰ
855 4466 961 4543 στόμα·
986 4477 1057 4539 feste
1082 4474 1178 4526 docuit
1202 4471 1364 4540 apostolus,
1388 4471 1456 4539 quia
1480 4466 1720 4538 inpomiscentiam
1744 4482 1821 4520 erea-

127 4585 173 4626 ws
191 4561 305 4619 πάντων
329 4561 418 4633 ἁγίων
455 4557 541 4614 αὐτοῦ
570 4560 733 4634 προφητῶν,
759 4573 830 4624 qnae
852 4557 961 4611 locutus
986 4569 1069 4615 turae
1096 4559 1201 4626 tribuit,
1226 4559 1304 4626 quod
1320 4574 1376 4609 non
1395 4558 1430 4609 ris
1451 4553 1620 4608 irrationali
1636 4553 1680 4607 vsi
1704 4553 1822 4607 insensi-

128 4659 167 4704 sst
187 4651 267 4702 Dens
285 4665 339 4716 per
367 4663 398 4700 os
425 4645 547 4699 omnium
575 4653 737 4698 sanctornm
763 4659 879 4696 suornm
895 4658 961 4712 pro·
987 4647 1039 4700 bili
1066 4651 1198 4700 nactura
1226 4659 1380 4698 ammonem
1399 4641 1514 4709 secent.
1559 4638 1613 4694 Sed
1644 4637 1713 4693 haee
1739 4639 1880 4703 inter-11.
1898 4659 1930 4698 ττ,

123 4737 302 4805 piratarum.¹
323 4732 442 4797 Quidam
469 4731 615 4785 relativum
643 4718 683 4787 ὧν
711 4729 834 4785 referunt
860 4728 896 4782 ad
921 4745 962 4783 re·
988 4731 1107 4803 pretatio
1133 4729 1245 4800 probari
1268 4745 1325 4782 non
1352 4734 1457 4797 potest,
1491 4729 1515 4788 li
1538 4725 1604 4795 quia
1629 4725 1770 4794 apostolus
1795 4725 1824 4778 iu

128 4822 228 4878 metim
255 4819 385 4874 videlieet
406 4815 534 4893 χρόνον,
563 4817 613 4872 sed
645 4819 748 4873 rectius
783 4817 901 4872 retertur
926 4817 962 4869 ad
988 4833 1089 4890 genere
1108 4815 1231 4886 loquitur
1247 4811 1358 4880 niani
1379 4819 1480 4879 κτίσιςς
1500 4814 1525 4879 2)
1546 4809 1639 4881 angeli
1666 4816 1731 4864 suut
1749 4808 1824 4863 beati

128 4906 324 4979 propinquius,
357 4905 422 4975 quia
453 4904 530 4958 Dens
560 4920 615 4959 nou
643 4905 771 4958 restituet
800 4902 963 4972 simpliciter
989 4910 1017 4959 et
1035 4903 1151 4958 inbono
1171 4918 1204 4955 ac
1222 4900 1313 4972 gloria
1337 4898 1499 4965 confirmati,
1522 4913 1588 4967 ergo
1613 4895 1647 4950 de
1673 4895 1741 4964 ipsis
1767 4892 1822 4947 diei

129 4994 229 5059 omnia,
252 4991 301 5046 sed
324 5007 357 5046 ea
382 4995 498 5058 tantum,
526 5006 598 5060 quac
620 4989 747 5059 promisit
768 5005 797 5042 sc
821 4988 963 5043 restitutu-
990 4990 1095 5061 nequit,
1108 4987 1181 5059 qnod
1199 4988 1255 5040 sint
1271 4984 1522 5053 sanitatisnbjecti
1537 4981 1660 5036 etabea
1677 4978 1822 5042 liberandi,

129 5097 196 5135 rum.
242 5084 268 5142 t)
304 5079 332 5133 Si
368 5076 495 5130 absolute
528 5091 562 5129 ac
588 5073 751 5143 simpliciter
781 5074 963 5128 universalem
989 5076 1063 5148 quod
1090 5075 1145 5128 sint
1172 5072 1200 5126 in
1229 5072 1322 5126 dolore
1346 5078 1374 5125 et
1397 5069 1562 5140 gemitibus3
1592 5070 1620 5134 3)
1649 5065 1742 5138 angeli
1767 5078 1824 5119 non

130 5167 250 5222 omnium
272 5164 473 5219 restitutionem
492 5167 613 5216 statuere
639 5160 763 5225 velimus,
786 5161 870 5215 etiam
888 5161 963 5214 dam-
990 5162 1069 5217 inviti
1090 5160 1138 5215 sed
1157 5164 1257 5229 sponte
1283 5158 1436 5211 inserviunt
1459 5152 1616 5208 hominibus
1640 5150 1743 5205 Psalm.
1765 5155 1823 5215 103,

130 5261 224 5322 natos,
254 5252 337 5306 etiarn
371 5250 454 5304 bruta
486 5246 631 5314 animalia,
661 5246 745 5300 etiam
776 5247 964 5317 paradisiacas
991 5268 1016 5305 r.
1035 5256 1076 5305 21.
1100 5248 1186 5303 Hebr.
1211 5253 1234 5314 t,
1260 5262 1287 5302 r.
1308 5244 1357 5298 ult
1377 5249 1430 5297 etc.
1457 5244 1484 5308 4)
1505 5239 1654 5309 explicatio
1676 5238 1724 5293 ills
1747 5253 1824 5294 occa·

131 5340 243 5394 arbores
276 5355 369 5394 omnes
402 5341 431 5391 et
455 5335 579 5407 singulas
609 5329 861 5395 ἀποκαταστάσεως
891 5334 964 5387 illius
991 5337 1095 5389 sionem
1119 5332 1195 5388 dedit
1220 5330 1321 5401 impiae
1339 5328 1538 5383 haereticorum
1566 5324 1739 5396 quorundam
1765 5324 1824 5394 opi·

131 5441 262 5495 cogemur
280 5424 396 5479 reddere
422 5421 578 5492 participes.
616 5420 643 5490 5)
664 5419 692 5474 si
716 5418 760 5473 vel
787 5418 905 5472 maxime
929 5419 964 5472 ad
991 5420 1080 5485 nioni,
1106 5420 1186 5488 cujus
1210 5415 1333 5471 meminit
1357 5412 1533 5484 Augustinus
1551 5411 1569 5467 l.
1596 5415 1637 5468 83.
1663 5415 1770 5479 quaest.
1796 5427 1823 5480 q.

132 5511 239 5566 coelam
265 5516 294 5564 et
322 5515 424 5563 terram
448 5506 497 5561 illa
523 5506 662 5561 restitutio
690 5504 825 5558 referatur
852 5508 966 5573 propter
991 5503 1236 5574 stationanpsb'
1254 5501 1397 5557 amassia
1421 5499 1521 5553 dolore
1545 5503 1572 5550 st
1595 5495 1742 5565 pernicibus
1760 5495 1825 5557 sint,

133 5597 255 5655 divinam
283 5593 493 5667 promissionem
516 5591 580 5648 lisa.
604 5597 646 5660 tt,
670 5610 695 5646 r.
721 5596 766 5648 1¹1:
809 5589 884 5644 Εσοα
915 5605 965 5657 spo
992 5591 1080 5643 dossa
1096 5605 1149 5644 sos
1167 5588 1292 5642 bonius
1306 5586 1419 5656 penitus
1435 5585 1473 5638 ab
1488 5582 1565 5639 omni
1589 5582 1709 5636 miseria
1727 5580 1828 5632 aem.
