4050 6014
750 277 803 332 DE
821 276 1008 334 EXTREMO
1025 277 1187 336 JUDICIO.
1777 290 1815 346 67

117 433 272 487 crediderit
291 441 317 486 et
333 433 489 501 baptizatas
503 434 605 500 suerit,
622 434 717 486 salom
736 434 791 487 erit
810 431 895 487 Marc.
912 437 952 497 16,
982 429 1165 499 ἀποκάλυψις
1183 436 1231 503 τῆς
1248 436 1453 507 δικαιοκρισίας
1468 433 1547 490 Rom.
1564 439 1588 499 2,
1607 451 1632 488 v.
1646 441 1676 503 53
1693 439 1718 490 3,
1737 451 1819 488 seam

116 535 141 572 v.
165 523 203 574 16.
241 517 299 573 Sub
316 517 369 572 hac
388 520 492 590 majore
511 518 655 575 subsumet
674 517 802 574 Christus
826 518 854 572 in
878 518 953 588 111111-
966 569 967 604 ,
981 518 1178 587 benignitatem
1192 535 1227 572 ac
1245 521 1377 588 aratiam,
1396 521 1462 590 quia
1477 520 1538 589 pios
1554 520 1818 590 supracondiguum

116 604 172 658 cio:
198 603 256 660 Vos
276 602 332 659 fide
349 602 527 660 benedictum
546 621 640 660 semen
659 605 725 658 estis
745 603 874 673 amplexi,
899 601 1009 682 fide,et
1040 621 1124 673 supra
1148 620 1229 660 omne
1254 604 1382 660 meritum
1404 605 1627 660 remunerabitur
1654 606 1817 661 immensum

115 687 167 742 filii
191 688 245 744 Dei
266 694 297 743 et
318 688 436 761 proinde
467 688 550 744 etiarn
577 689 692 745 heredes
716 691 795 760 regni
828 688 968 767 coelestinii
980 689 1084 759 glorias
1102 695 1131 743 et
1148 689 1288 745 felicitatis
1305 696 1435 745 aeternae
1454 690 1622 755 thesaurum,
1644 691 1770 761 adeoque
1787 705 1818 744 se

117 774 267 842 estisfacti‚
288 773 343 830 tide
356 775 393 830 ab
407 782 519 830 aeterno
531 776 598 832 estis
615 775 705 840 electi,
725 775 820 846 sicque
836 790 953 842 regnum
966 806 968 839 ,
980 775 1069 845 ipsum
1089 775 1212 844 perfecte
1230 776 1299 847 ipsis
1317 776 1556 831 communicando.
1594 776 1701 830 Christi
1722 776 1818 845 pieria

115 860 185 915 illud
210 860 289 915 vobis
313 877 331 915 a
354 860 439 915 Patre
460 859 572 916 coelesti
597 877 615 915 a
640 861 838 917 constitutione
858 844 1008 914 mnndi'in
1027 859 1075 914 illo
1097 859 1144 916 die
1161 861 1257 914 critico
1275 860 1512 929 manifestabitur,
1536 859 1602 932 quia
1619 867 1713 915 notam
1732 859 1818 916 faciet

115 953 160 1000 est
177 953 314 1017 paratum,
334 959 418 1016 quarn
437 945 520 1000 fidem
540 946 620 1000 bonis
633 945 774 1016 operibus,
792 939 1006 1014 cumprimisli.
1027 962 1108 999 seam
1128 947 1254 999 divinans
1278 947 1454 1015 majestatem
1480 947 1508 1000 in
1533 946 1653 1017 glutineo
1680 946 1716 1000 ad
1741 945 1817 1015 judi-

115 1029 302 1086 benelicentia
319 1046 388 1100 erga
398 1046 536 1100 pauperes
550 1037 684 1101 tauquam
700 1030 866 1085 indubitatis
876 1030 953 1085 testi·
965 1017 968 1101 1
980 1031 1053 1085 cium
1079 1032 1218 1100 adventn3
1245 1038 1270 1087 2.
1294 1050 1375 1086 suam
1398 1033 1567 1101 sapientiam
1590 1032 1618 1087 iu
1642 1032 1818 1102 separatione

115 1115 215 1170 moniis
235 1121 264 1171 et
279 1115 446 1171 immediatis
470 1116 608 1171 fructibus
633 1116 842 1186 comprobastis.
877 1114 1114 1211 Ergopbonorum
1140 1135 1173 1172 ac
1194 1119 1344 1188 malorum,
1372 1124 1395 1174 3.
1416 1136 1497 1172 seam
1523 1120 1720 1187 benignitatem
1749 1133 1818 1187 crea

115 1201 217 1267 venite,
236 1201 377 1280 possidete
396 1210 425 1256 et
442 1201 563 1272 accipite
578 1217 704 1272 regnum.
735 1201 777 1254 Ex
797 1217 853 1271 quo
869 1200 953 1256 facile
965 1204 1044 1291 'pios
1058 1203 1093 1256 ad
1114 1204 1240 1258 dextram
1261 1205 1440 1270 constitutos,
1465 1203 1569 1274 quibus
1582 1212 1715 1273 tanquam
1734 1218 1818 1257 mem·

116 1285 236 1357 intelligi
255 1293 361 1357 potest,
389 1287 457 1357 qnid
476 1286 511 1342 de
529 1286 679 1342 Piscatoris
696 1287 875 1358 pronuntiato
900 1287 953 1341 vol.
965 1302 967 1353 1
980 1287 1037 1342 bris
1051 1289 1109 1342 suis
1127 1289 1245 1359 gloriam
1266 1307 1345 1344 snam
1360 1306 1393 1344 ex
1415 1297 1494 1358 parte
1513 1289 1736 1355 communicabit,
1757 1288 1816 1344 Col.

117 1378 140 1427 1.
162 1372 244 1431 locor.
269 1389 292 1427 o.
309 1376 350 1427 22.
368 1390 395 1441 p.
415 1377 474 1428 333.
491 1372 530 1426 th.
554 1378 594 1428 18.
623 1374 816 1441 statuendum,
846 1373 874 1426 in
897 1379 1004 1442 quola,
1025 1381 1094 1432 nt:
1118 1375 1186 1429 cnm
1210 1375 1340 1429 Christus
1355 1378 1531 1445 apparuerit,
1551 1377 1609 1428 nita
1628 1384 1732 1441 vestra,
1750 1382 1817 1427 tnnc

115 1459 244 1520 infantes
261 1460 415 1512 ascraeum
430 1459 724 1529 praedestinationem
738 1460 901 1527 judicatam
915 1459 954 1510 iri
964 1455 966 1512 i
979 1469 1006 1513 ct
1022 1477 1071 1514 ons
1092 1478 1154 1514 cnm
1171 1462 1233 1532 ipso
1251 1463 1428 1531 apparebitis
1448 1463 1478 1513 in
1495 1462 1597 1528 pieria.
1633 1466 1656 1515 2.
1675 1460 1772 1514 Thess.
1793 1466 1816 1525 1,

115 1544 221 1598 ament
257 1543 409 1598 Antonin
433 1544 549 1613 opponit
573 1544 626 1598 hon
650 1544 796 1614 evangelio
822 1549 851 1598 et
878 1542 1003 1621 fideilv,
1026 1552 1070 1602 to:
1105 1547 1322 1611 Glortfiraoiter
1340 1548 1369 1600 in
1387 1548 1492 1600 ιαιιιιι
1515 1555 1542 1599 ιι
1564 1546 1762 1608 mirificatam
1785 1546 1817 1598 1ο

115 1636 148 1684 nt
166 1628 290 1684 stabiliat
308 1628 470 1684 absolutum
489 1628 630 1685 decretum
651 1635 680 1684 et
697 1628 779 1684 fidem
798 1628 966 1688 infantibus:
979 1633 1164 1701 errantibus,
1185 1633 1251 1703 quia
1270 1633 1360 1703 gloria
1377 1633 1532 1702 illaquam
1551 1632 1655 1686 sanctis
1673 1631 1730 1685 suis
1743 1647 1816 1685 com-

116 1715 247 1784 deroget,
276 1731 331 1786 quo
354 1702 437 1770 sensu
463 1714 533 1770 illud
561 1717 660 1772 merito
690 1715 870 1787 repudiatnr;
903 1723 966 1784 autj
979 1718 1140 1786 manicabit,
1158 1735 1265 1772 omnem
1281 1719 1419 1773 humanae
1434 1718 1550 1772 rationis
1562 1725 1674 1786 captum
1687 1717 1815 1783 excedet:

115 1799 291 1872 evangelium
309 1806 336 1855 et
354 1800 438 1855 fidem
462 1801 722 1870 praedestinationis
748 1802 859 1856 decreto
885 1798 1002 1876 sub-is.
1028 1821 1107 1856 suam
1128 1804 1274 1871 jectitiom
1297 1803 1325 1857 in
1344 1802 1567 1874 promulgatione
1592 1802 1729 1871 ejusmodi
1755 1819 1816 1856 sen·

115 1887 241 1954 ordinat,
274 1886 349 1957 quod
372 1888 453 1953 juxta
480 1886 639 1958 Scripturas
665 1887 831 1942 sententiam
861 1884 1082 1962 facereftentiae
1112 1889 1262 1955 decisivac,
1298 1905 1382 1959 qnam
1413 1904 1507 1943 omnes
1538 1887 1720 1958 justissimam
1755 1903 1816 1941 esse

115 1973 226 2027 omnino
244 1971 373 2028 debebat.
404 1973 627 2029 Praedestinatio
646 1973 719 2027 enim
737 1988 788 2026 nec
807 1973 1144 2045 enanpds'olagnoscent3
1176 1982 1199 2029 t.
1227 1992 1310 2027 saum
1325 1975 1482 2044 potentiam
1509 1974 1536 2028 in
1563 1973 1717 2028 sententiae
1742 1971 1815 2027 latae

116 2073 168 2111 nec
187 2059 256 2122 fidei
273 2074 324 2112 nec
343 2057 456 2114 Christo
475 2063 518 2112 est
537 2059 673 2128 opposita,
689 2073 781 2128 neque
799 2057 952 2128 quidquam
964 2086 966 2097 ·
979 2059 1164 2128 exsecutione,
1183 2060 1212 2113 in
1224 2060 1303 2130 regni
1324 2059 1457 2115 diabolici
1475 2075 1507 2114 ac
1520 2061 1615 2114 mortis
1630 2059 1755 2130 plenaria
1768 2058 1815 2112 de·

115 2142 214 2198 horum
226 2143 358 2208 excludit,
379 2143 429 2198 sed
444 2145 537 2214 potius
551 2145 704 2199 arctissime
718 2143 845 2199 includit.
874 2140 1143 2213 Quaelstructione,
1169 2147 1198 2199 in
1217 2146 1295 2217 regni
1314 2147 1356 2200 eni
1384 2146 1513 2200 coelestis
1536 2151 1566 2199 et
1588 2147 1692 2200 aeterni
1716 2142 1814 2198 confir·

115 2228 187 2284 euim
208 2230 301 2301 gratia
318 2229 373 2284 Dei
392 2231 522 2301 eligentis
552 2228 710 2284 inclinem
736 2237 801 2283 onte
824 2231 1113 2297 temporalmatione,
1139 2238 1208 2286 tunc
1227 2233 1302 2285 enirn
1321 2248 1416 2286 omnes
1432 2232 1560 2285 inimicos
1578 2247 1644 2283 snos
1662 2229 1815 2283 scabellum

115 2316 259 2369 secularia
279 2316 360 2369 nohis
379 2316 445 2370 data
458 2322 508 2383 est,
527 2331 561 2370 ea
574 2317 760 2378 manifestata
773 2324 814 2368 est
826 2316 951 2368 incerto
963 2319 1080 2387 lpedrsm
1098 2334 1212 2369 suornm
1230 2325 1316 2386 ponet
1335 2316 1438 2371 Psalm.
1459 2321 1517 2382 110,
1535 2333 1560 2370 τ.
1583 2323 1606 2371 1.
1635 2324 1751 2369 mortem
1769 2316 1815 2368 de·

115 2401 256 2470 evangeiii
274 2407 298 2455 2.
317 2399 387 2456 Tim.
407 2409 430 2465 1,
447 2419 472 2455 v.
487 2407 511 2457 8.
532 2418 565 2456 ac
583 2402 664 2457 electi
682 2417 776 2455 sumne
795 2403 825 2454 ia
840 2400 951 2455 Christo
963 2416 965 2426 ·
977 2409 1066 2455 street
1092 2408 1113 2456 1.
1133 2402 1195 2457 Cor.
1218 2409 1258 2470 15,
1284 2419 1310 2455 v.
1331 2407 1372 2458 26.
1398 2419 1431 2458 no
1453 2417 1483 2456 re
1506 2402 1567 2472 ipsa
1593 2400 1815 2471 potentissimum

113 2486 185 2557 Eph.
207 2492 230 2551 1,
247 2505 271 2543 v.
288 2493 313 2542 1.
331 2488 361 2540 in
381 2488 439 2552 fide
457 2488 585 2541 caritatis
610 2493 634 2542 2.
654 2486 790 2554 Thesei,
807 2506 833 2547 v.
850 2494 888 2543 13.
909 2503 950 2540 se·
962 2501 965 2531 ¹
978 2487 1114 2547 Satanae,
1137 2488 1234 2542 mortis
1256 2493 1285 2543 et
1310 2487 1409 2542 inferni
1434 2487 1662 2556 triumphatorem
1686 2501 1746 2539 sese
1768 2485 1815 2539 de·

114 2574 235 2625 candum
252 2573 472 2641 praescientiam
487 2574 546 2627 Dei
562 2574 662 2626 Patris
681 2575 711 2626 in
728 2573 1143 2659 sanctificationeJmonstrablt
1169 2573 1233 2630 Ose.
1255 2578 1294 2641 13,
1317 2591 1342 2625 v.
1367 2578 1406 2627 11.
1441 2581 1462 2631 l.
1483 2572 1549 2628 doh.
1571 2579 1595 2639 3,
1620 2589 1645 2624 v.
1672 2577 1695 2626 8.
1719 2577 1815 2625 contra

115 2658 239 2726 Spiritus
257 2658 287 2710 in
306 2658 494 2712 obedientiam
515 2667 541 2712 et
567 2659 778 2728 adapertionem
802 2660 1041 2733 sanguinitatem
1065 2659 1215 2730 imaginem
1240 2658 1376 2726 divinam,
1406 2657 1442 2711 nd
1474 2673 1557 2728 quani
1588 2658 1669 2712 homo
1696 2656 1814 2726 primum

115 2743 222 2798 Christi
241 2751 263 2798 1.
283 2742 358 2797 Patr.
379 2749 402 2810 1,
421 2760 447 2797 v.
462 2749 487 2800 2.
509 2761 578 2813 pisos
598 2751 668 2797 enim
685 2745 842 2816 praescivit
862 2746 948 2812 Deris,
960 2755 962 2814 l
975 2751 1035 2799 erat
1051 2744 1187 2811 conditus,
1212 2745 1241 2797 in
1261 2744 1357 2798 electis
1376 2760 1409 2797 ac
1427 2744 1536 2798 dilectis
1556 2742 1613 2796 suis
1631 2741 1752 2808 perfecte
1770 2760 1814 2798 re-

111 2830 162 2883 hos
175 2830 404 2900 praedestinavit
430 2828 508 2883 Rom.
528 2835 553 2897 8,
572 2848 597 2883 v.
619 2836 660 2886 29.
696 2830 802 2895 Quodsi
821 2847 888 2900 ergo
906 2829 1089 2885 innovabit
1108 2847 1140 2885 ae
1159 2829 1322 2885 reformabit
1338 2831 1423 2902 inque
1436 2830 1477 2883 eie
1496 2830 1621 2885 velutin
1641 2830 1745 2899 templo
1764 2846 1814 2883 auo

111 2914 201 2970 fantes
228 2914 379 2970 secundnm
408 2914 572 2970 electionem
599 2915 816 2985 judicabuntur,
850 2908 1096 2987 ntiqnelglorioso
1116 2917 1143 2969 iu
1162 2923 1304 2971 aeternnm
1322 2914 1463 2970 habitabit
1481 2915 1553 2970 Phil.
1575 2922 1599 2977 3,
1619 2933 1645 2972 v.
1663 2920 1704 2971 21.
1738 2916 1815 2985 Apo·

110 3001 195 3056 etiam
214 3002 365 3055 secuudum
384 3003 568 3072 evangelium,
594 3002 669 3072 quod
687 3003 830 3057 electionis
853 3001 1026 3057 decre-'cal
1045 3005 1087 3066 21,
1111 3019 1137 3055 v.
1158 3007 1252 3056 31111.
1288 3001 1348 3056 Nec
1382 3008 1490 3056 tantum
1522 3003 1552 3052 in
1578 3017 1659 3054 senar
1686 2999 1814 3054 abscisae

109 3095 169 3141 tuus
191 3086 363 3154 manifestat;
392 3087 415 3140 ei
438 3088 520 3156 juxta
544 3088 719 3159 evangelium
743 3087 959 3158 judicabuntur*
973 3086 1026 3142 Dei
1048 3094 1077 3140 et
1096 3085 1199 3141 Christi
1218 3087 1308 3157 gloria
1327 3088 1356 3140 in
1375 3087 1421 3140 die
1442 3086 1542 3156 judicii
1567 3085 1656 3140 modis
1680 3085 1814 3140 hactenus

109 3180 137 3226 et
156 3187 173 3225 a
192 3172 315 3242 peccatis
337 3171 458 3227 absoluti
486 3173 715 3241 declarabuntur,
739 3175 836 3243 utique
862 3175 945 3230 eham
957 3189 959 3264 ,
972 3174 1105 3242 expositis
1124 3174 1325 3245 conspicietur,
1351 3173 1503 3227 sedetiam
1527 3175 1557 3226 in
1575 3189 1659 3226 sense
1683 3172 1813 3241 relation,

108 3255 163 3311 fide
192 3257 311 3326 praediti
339 3262 434 3327 erunt,
465 3259 531 3329 qnia
558 3259 731 3330 evangelium
760 3261 896 3316 neminem
929 3276 959 3331 af
972 3260 1041 3330 qnia
1059 3259 1149 3314 sancti
1165 3265 1194 3313 et
1212 3260 1295 3315 electi
1316 3261 1345 3312 in
1363 3274 1458 3313 ornnes
1473 3274 1616 3329 nunquam
1629 3256 1814 3311 finiendorum

108 3343 233 3412 peccatis
249 3341 369 3398 absolvit
394 3343 500 3414 absque
528 3342 583 3397 fide
602 3344 741 3402 Christum
765 3336 1131 3411 mediatoremieeculorum
1157 3344 1336 3399 aeternitates
1361 3343 1452 3397 Deum
1478 3349 1506 3398 st
1532 3345 1645 3413 Agnnm
1672 3343 1814 3397 sedentem

108 3428 341 3500 apprehendente.
956 3430 1002 3483 lin
1018 3429 1118 3483 throno
1139 3428 1336 3500 glorificabunt
1357 3429 1468 3483 divinae
1488 3428 1653 3498 sapientiae,
1671 3427 1814 3485 boniatis,

957 3514 1106 3578 iveritatis,
1133 3515 1261 3584 justitiae
1280 3523 1309 3569 et
1329 3515 1471 3584 potentiae
1491 3515 1610 3584 gloriam
1631 3514 1719 3584 gratis
1738 3529 1814 3569 meu·

958 3600 1048 3655 ltibne
1068 3601 1247 3671 agnoscendo
1260 3617 1293 3655 ac
1306 3601 1448 3670 perpetuis
1462 3600 1594 3655 laudibus
1612 3599 1812 3669 prosequendo.

422 3588 625 3596 s—————-

396 3718 418 3779 c
431 3661 496 3778 ss
510 3717 578 3778 ΠΤ
608 3719 660 3781 ῃ,
958 3686 1073 3741 iPenlm.
1096 3693 1136 3750 81,
1152 3701 1178 3742 ν.
1197 3694 1225 3741 5:
1257 3688 1358 3750 Beati,
1384 3688 1433 3755 qni
1452 3688 1577 3740 hubitant
1600 3688 1632 3740 in
1652 3689 1736 3740 domo
1755 3694 1813 3750 tna,

958 3772 962 3831 1
976 3773 1107 3834 Domine,
1127 3774 1158 3824 in
1175 3773 1270 3825 sectsiu
1287 3773 1447 3826 secederem
1465 3773 1622 3825 laudabant
1640 3779 1674 3824 te.

218 3855 270 3911 DE
288 3856 377 3915 FINE
396 3856 446 3911 ΕΤ
466 3856 641 3914 EFFECTU
662 3858 836 3913 EX‘I'REMI
959 3869 962 3943 1
1011 3863 1051 3914 ts.
1088 3857 1188 3911 Minus
1203 3859 1378 3927 principalis
1398 3859 1463 3921 finis
1480 3866 1523 3913 eat
1541 3857 1587 3912 vel
1608 3857 1752 3925 generalis
1768 3856 1815 3911 vel

453 3958 603 4016 JUDJOJI,
959 3945 1116 4014 lepecialis.
1158 3943 1305 3999 Generalis
1330 3960 1426 3998 omnes
1452 3943 1577 3998 homines
1599 3943 1755 4011 concernit,
1782 3948 1815 3996 ut
1909 3996 1911 4000 Α

960 4041 1067 4135 ‘coram
1084 4028 1218 4084 tribunali
1241 4028 1344 4084 Christi
1362 4029 1392 4083 in
1411 4030 1469 4083 suis
1493 4030 1656 4098 corporibus
1682 4029 1816 4082 sistantur
1827 4037 1882 4080 xlx.
1899 4036 1947 4081 111.

12 4128 99 4179 σοι.»
144 4121 184 4171 11.
220 4116 311 4182 llinis,
329 4120 541 4186 propterquam
562 4114 724 4169 instituetur
741 4116 898 4171 universale
917 4125 945 4172 et
960 4116 1073 4170 ·Mntth.
1093 4121 1135 4183 21,
1154 4133 1180 4171 v.
1201 4121 1242 4173 31.
1260 4132 1283 4171 ο.
1297 4122 1340 4178 25,
1358 4133 1384 4170 v.
1398 4121 1438 4171 32.
1459 4133 1493 4170 ac
1512 4115 1631 4186 quilibet
1649 4114 1815 4168 sententiam

12 4184 61 4278 1,·,11
71 4191 100 4239 ¹¹¹·
111 4201 287 4255 novissimum
307 4201 377 4256 illud
400 4200 553 4271 judicium,
579 4201 681 4271 duplex
700 4208 751 4262 est,
773 4166 1078 4291 princepalisijndicis
1101 4201 1198 4256 audiat
1222 4211 1373 4270 reportans
1403 4211 1490 4271 prout
1517 4204 1547 4254 in
1574 4217 1693 4269 corpore
1720 4200 1814 4268 pessit,

111 4295 136 4339 et
153 4288 247 4340 minsa
267 4287 451 4356 principalis.
487 4285 656 4357 Principalis
683 4295 724 4340 est
742 4289 801 4340 Dei
820 4296 847 4341 at
867 4288 1032 4342 Chri-tsine
1050 4289 1159 4352 honam,
1178 4289 1236 4342 sies
1255 4289 1360 4341 maium
1380 4287 1517 4355 aeone,
1535 4305 1560 4339 v.
1577 4290 1616 4340 ill.
1636 4285 1814 4354 oneratione

113 4373 148 4424 sti
168 4372 329 4426 Sahratmis
347 4373 439 4425 ιιοιιοί
454 4372 557 4441 pieria,
576 4377 600 4427 2.
620 4371 717 4429 Thess.
741 4378 763 4440 1,
783 4392 807 4426 v.
824 4380 867 4429 ill:
902 4375 948 4428 Ve-
961 4365 963 4439 1
976 4375 1085 4427 occaita
1105 4374 1280 4428 tenebrarum
1303 4382 1328 4426 οι
1351 4373 1516 4426 αὺοοοαάέισ
1539 4372 1659 4425 consilio
1682 4370 1812 4423 cordiam

113 4458 168 4511 αιόι
186 4457 329 4512 Dominus
348 4460 568 4525 ἐνδοξασθῆναι,
592 4458 766 4524 glorificari,
793 4460 823 4511 in
843 4454 1107 4528 sandmlpotetient
1132 4464 1152 4514 1.
1174 4461 1236 4516 cor.
1264 4465 1289 4522 1,
1312 4474 1337 4512 r.
1356 4466 1380 4513 5.
1406 4457 1471 4511 dum
1496 4473 1528 4510 ex
1554 4472 1610 4510 una
1632 4463 1710 4525 perte
1734 4455 1811 4521 tides,

113 4544 169 4596 sais
186 4551 214 4597 et
233 4543 414 4597 admirabilis
438 4544 503 4605 fieri
527 4544 557 4595 in
582 4544 723 4608 omnibus,
748 4545 797 4613 qni
820 4526 1079 4615 credide-ipietas,
1107 4545 1267 4599 innocentia
1288 4551 1316 4598 οι
1338 4543 1412 4597 bona
1431 4542 1603 4597 conscientia
1624 4542 1747 4611 piorum3
1778 4557 1812 4597 ex

113 4635 176 4682 rant
193 4629 223 4682 in
244 4629 291 4682 die
309 4629 371 4683 iilo.
397 4628 450 4684 Dei
470 4628 561 4699 gloria
581 4628 609 4682 iu
623 4629 672 4684 illo
686 4622 1063 4711 jndicioi·elncebit,ialtera
1077 4637 1156 4699 parta
1171 4629 1360 4693 incredulitas,
1379 4627 1544 4699 hypocrisis,
1557 4628 1685 4697 impietas
1700 4635 1728 4682 et
1739 4627 1813 4682 mala

114 4713 179 4783 qnia
194 4713 386 4770 manifestabit
406 4721 427 4769 1.
446 4733 528 4768 saum
546 4716 707 4781 οιοιιοιιια,
732 4715 761 4768 in
780 4715 948 4785 propheticis
960 4714 963 4791 1
975 4715 1146 4769 couscientia
1168 4715 1313 4785 impiorum
1334 4715 1362 4767 in
1382 4712 1523 4784 publicam
1547 4712 1636 4768 lucem
1660 4713 1812 4780 producen-

113 4808 139 4854 et
155 4799 315 4870 apostolicis
331 4799 451 4854 oraculis
469 4800 603 4870 promisit,
629 4799 753 4854 futurum
770 4815 831 4855 esse
847 4803 948 4856 consti·
974 4807 1027 4855 tur.
1063 4799 1200 4868 Specialis
1226 4799 1289 4870 pios
1312 4808 1341 4856 et
1367 4799 1466 4869 impios
1490 4799 1518 4853 in
1544 4800 1636 4869 specie
1660 4799 1810 4863 concernit,

113 4891 170 4942 tuto
180 4893 304 4955 tempore
320 4885 467 4953 judicium,
484 4885 569 4955 hujus
578 4886 706 4955 promissi
715 4887 948 4955 complementum
975 4891 1007 4940 ut
1029 4885 1137 4939 scilicet
1157 4885 1198 4939 illi
1222 4891 1365 4956 partorum
1390 4886 1538 4941 aChristo
1560 4891 1590 4940 et
1613 4885 1810 4955 promissorum

114 4970 222 5026 divinae
247 4969 373 5026 veritatis
397 4969 513 5040 gloriam
538 4971 684 5026 confirmat
711 4988 745 5027 ac
775 4970 947 5042 manifestat;
974 4971 1004 5024 in
1021 4971 1168 5040 evangelio
1184 4971 1319 5026 honorum
1331 4972 1481 5042 participes
1494 4970 1654 5036 reddantur,
1674 4969 1811 5023 abomni·

114 5060 135 5110 2.
163 5073 245 5109 enam
269 5056 432 5125 justitiam,
463 5056 593 5125 promisit
614 5057 669 5126 piis
692 5056 828 5126 praemia,
855 5057 948 5127 impiis
974 5056 1027 5110 bns
1049 5056 1129 5111 malis
1148 5064 1176 5112 οι
1195 5056 1320 5112 adversis
1337 5056 1461 5128 perfecte
1481 5055 1633 5110 liberentur
1645 5055 1713 5108 etin
1729 5055 1810 5109 amis·

112 5142 293 5198 comminatas
311 5147 355 5197 est
372 5142 512 5215 supplicia
535 5158 591 5197 non
613 5143 778 5214 temporalia
802 5142 947 5205 duntuat,
974 5159 1033 5196 sam
1052 5141 1179 5197 coelestis
1197 5143 1318 5213 paradisi
1339 5143 1541 5213 possessiouem
1560 5140 1642 5211 plene
1662 5139 1810 5195 1·eetituan·

112 5227 260 5282 sedetiam
285 5243 319 5282 1111
342 5228 505 5299 cumprimis
530 5234 657 5293 aeterua,
685 5229 798 5300 quando
821 5245 889 5300 ergo
918 5229 947 5284 in
973 5233 1027 5290 tur,
1048 5228 1123 5283 uude
1140 5228 1198 5282 dies
1215 5229 1264 5283 illa
1282 5236 1397 5283 vacatur
1411 5228 1470 5283 dies
1489 5222 1717 5301 ἀπολυτρώσεως,
1737 5224 1810 5282 ἀπο·

112 5311 155 5367 die
176 5313 279 5384 judicii
304 5315 496 5386 unusquisque
519 5315 548 5369 iu
575 5328 690 5384 corpore
716 5332 768 5371 suo
794 5313 949 5386 reportabit
974 5313 1081 5382 ψύξεως
1100 5319 1147 5368 καὶ
1175 5311 1429 5376 ἀποκαταστάσεως
1456 5317 1511 5370 τῶν
1536 5310 1652 5369 πάντων
1676 5311 1745 5366 Luc.
1768 5316 1810 5377 21,

112 5414 223 5469 opernm
241 5413 353 5454 suorum
377 5400 548 5463 mercedem,
570 5399 680 5453 divinae
706 5400 835 5470 justitiae
858 5399 948 5471 gloria
973 5417 999 5456 v.
1019 5405 1060 5456 23.
1079 5398 1157 5454 Rom.
1179 5405 1203 5465 8,
1223 5418 1250 5457 v.
1269 5404 1310 5455 23.
1325 5399 1396 5468 Eph.
1416 5408 1442 5461 1,
1461 5415 1485 5453 ν.
1506 5405 1545 5454 311.
1565 5401 1659 5452 Actor.
1681 5402 1705 5461 3,
1726 5414 1752 5452 v.
1768 5402 1811 5451 211.

112 5483 145 5540 ab
163 5486 291 5541 omnibus
309 5486 508 5557 conspicietur,
533 5486 609 5543 undc
627 5486 686 5540 dies
708 5486 809 5555 judicii
833 5490 1060 5550 vocaturtet213
1080 5484 1108 5537 hi
1128 5501 1193 5539 vero
1213 5503 1230 5539 a
1248 5486 1319 5542 facie
1329 5484 1382 5538 Dei
1397 5483 1500 5554 abjecti
1511 5483 1619 5537 debitas
1632 5487 1810 5553 peccatorum

1562 5571 1601 5624 5*
