4050 6014
186 336 258 422 ‘tuo
837 328 1064 387 munros
1084 329 1249 388 ruamus

197 481 364 552 precatione,
384 484 448 553 quie
466 483 571 537 flironte
589 483 698 537 divinae
719 485 827 555 gratiae
844 502 899 540 non
912 484 964 539 nisi
979 500 1042 555 per¹
1056 486 1176 556 accipiet
1194 488 1348 540 mercedem
1366 490 1517 541 secundum
1538 504 1618 541 suum
1638 488 1764 544 laborem
1786 495 1809 545 1.
1824 490 1886 548 Cor.

196 568 308 622 canales
323 569 454 623 orationis
472 569 508 623 ad
525 584 575 622 nos
594 568 774 624 descendunt.
799 570 845 624 Ad
868 571 951 625 serias
964 587 1028 625 vero
1039 534 1042 627 l
1055 578 1079 637 3,
1098 589 1122 624 v.
1140 576 1163 628 8.
1199 571 1351 627 Gereoniue
1374 576 1444 642 part.
1465 578 1487 626 1.
1509 572 1612 659 aeneid.
1630 581 1654 629 9.
1680 592 1716 630 an
1733 575 1887 630 monachus

198 669 293 724 preces
314 654 396 708 animi
420 654 502 709 ardor
528 671 560 709 ac
583 655 674 709 cordis
698 656 842 726 vigilantia
871 630 1103 737 requiritur.lpro
1119 657 1210 712 studio
1228 658 1317 728 possit
1333 658 1477 730 negligere
1497 657 1604 713 divina:
1640 662 1675 714 in
1699 662 1751 714 boc
1776 663 1886 729 judicio

199 745 222 795 3.
251 740 400 794 solicitam
420 758 518 794 curam
535 759 569 795 oo
584 742 807 811 procidentiam,
832 759 889 813 qua
909 742 1028 797 Satanae
1054 760 1110 795 non
1128 744 1374 813 interropabimur‚
1392 750 1526 813 precntum
1546 745 1640 813 suerit
1660 747 1821 802 intellectus
1839 764 1886 802 rto·

197 833 226 880 ct
251 827 347 880 mundi
375 826 492 881 incidiae
520 844 552 882 ac
579 827 669 881 carnis
697 829 858 897 peccatricis
882 829 1029 884 illecebrae
1054 836 1110 882 ster
1128 837 1227 883 acuties
1246 839 1273 884 et
1293 831 1434 897 eruditus,
1458 832 1510 883 sed
1538 832 1632 898 quatis
1650 833 1747 898 suerit
1772 835 1887 904 affectu

196 912 325 969 vitentur.
359 910 540 984 Ἁνακύψατε,
558 931 668 966 nereum
686 914 825 983 respicite,
845 914 885 969 ait
904 914 1029 970 Salvator
1054 922 1148 969 noster
1171 917 1212 969 ad
1239 917 1392 970 Dominum
1416 918 1510 970 Deum
1536 925 1676 987 nostrum,
1704 919 1731 977 b.
1756 936 1780 975 s.
1803 937 1886 989 quam

199 999 263 1056 Luc.
281 1004 324 1067 21,
342 1016 366 1053 v.
381 1003 420 1054 28.
456 998 491 1054 Iu
509 1016 563 1071 quo
583 999 667 1054 verbo
686 1005 729 1054 est
744 999 928 1069 pulcherrima
943 1007 1027 1056 meta·
1054 1001 1186 1070 simplae,
1203 1019 1287 1070 ortam
1304 1011 1409 1071 rectus,
1428 1020 1512 1072 quom
1528 1004 1610 1073 pius,
1627 1004 1743 1058 beandis
1761 1013 1789 1059 et
1807 1008 1886 1059 deuo·

197 1083 284 1154 phora
301 1084 386 1139 ducta
405 1086 441 1140 ab
459 1085 583 1150 aviculis,
602 1102 672 1156 quae
692 1085 784 1141 cibum
799 1086 1027 1157 capientesiden·
1055 1093 1098 1139 tus
1117 1105 1253 1158 quomqrte
1271 1097 1443 1158 spontaneus
1469 1096 1494 1142 et
1517 1089 1613 1152 fidelis
1636 1090 1666 1142 iu
1690 1091 1749 1144 Dei
1772 1092 1886 1145 smoitio

197 1169 282 1224 tidem
300 1187 409 1225 sursum
429 1171 588 1241 respiciunt,
607 1187 643 1225 nc
660 1170 696 1225 ab
707 1173 839 1242 accipitre
850 1173 1028 1238 invadantur3
1053 1175 1204 1227 secundnm
1221 1191 1282 1228 eom
1297 1175 1477 1238 vocationem,
1498 1192 1582 1244 quom
1601 1184 1715 1230 uocatus
1735 1177 1826 1238 fuerit
1844 1178 1887 1232 di·

197 1256 237 1310 sic
255 1257 294 1327 pii
314 1273 378 1310 cum
397 1257 531 1325 noverint,
551 1273 582 1310 se
602 1255 744 1312 infernalis
761 1258 902 1328 accipitris
921 1259 1028 1314 insidiis
1052 1259 1162 1312 etnicos.
1199 1260 1224 1327 3)
1243 1259 1294 1313 Ad
1309 1261 1473 1326 fraternam
1492 1261 1680 1315 concordiam.
1716 1259 1793 1317 Oves
1813 1262 1888 1334 psoi-

196 1357 256 1396 csse
275 1342 427 1412 expositos,
452 1360 560 1397 sursum
578 1342 614 1397 ad
635 1343 783 1398 Dominum
806 1362 854 1399 cor
870 1362 950 1399 suum
974 1345 1027 1399 ele·
1053 1344 1123 1398 licae
1140 1347 1177 1397 ad
1196 1344 1330 1409 dextram,
1348 1345 1398 1401 scd
1416 1347 1522 1416 petulci
1539 1363 1573 1400 ac
1590 1362 1732 1417 pugnaces
1753 1346 1835 1403 hoedi
1851 1348 1886 1403 ad

197 1444 262 1483 vare
282 1434 310 1482 et
328 1428 434 1482 solicite
451 1426 592 1483 ambulare
612 1429 723 1484 debent.
761 1431 866 1499 Videte,
891 1433 1028 1500 quomodo
1053 1429 1192 1484 sinistram
1212 1431 1316 1500 judicis
1343 1422 1507 1487 statdcntur.
1542 1431 1606 1486 Non
1629 1437 1760 1502 poterunt
1785 1432 1815 1486 in
1842 1433 1887 1489 die

197 1516 329 1588 ἀκριβῶς,
348 1523 443 1583 came,
466 1523 560 1569 ennete
577 1523 602 1569 et
619 1517 734 1586 solicite,
753 1517 913 1584 ambuietis,
937 1516 1028 1587 iuquit
1049 1515 1149 1586 judicii
1166 1516 1202 1570 ad
1220 1516 1401 1571 hereditatem
1421 1516 1533 1572 Domini
1550 1517 1706 1586 pervenire,
1736 1519 1786 1589 qui
1805 1523 1886 1574 testa·

197 1600 346 1672 apostolus,
365 1619 422 1655 non
439 1610 469 1655 ut
488 1602 651 1671 insipientes
670 1605 722 1656 sed
739 1610 770 1657 ut
788 1604 929 1672 sopientes
957 1601 1026 1671 Eph.
1053 1608 1174 1656 mentum
1193 1602 1357 1657 concordiae
1375 1609 1403 1657 et
1418 1603 1496 1673 pacis
1521 1620 1539 1657 a
1558 1603 1675 1657 Domino
1700 1604 1837 1659 traditum
1858 1606 1887 1660 in

198 1695 222 1755 5,
240 1704 266 1743 v.
288 1694 327 1743 lb.
358 1687 415 1743 Col
434 1694 459 1754 t,
479 1705 504 1742 v.
523 1694 546 1743 5.
574 1689 706 1758 scientes,
735 1690 813 1760 quod
831 1690 892 1742 dies
910 1689 1025 1742 novissi·
1052 1685 1133 1739 terris
1150 1687 1288 1742 noluerint
1305 1685 1460 1742 observare.
1495 1690 1522 1755 4)
1547 1689 1598 1741 Ad
1618 1689 1834 1759 deprimendam
1857 1692 1888 1745 in

196 1791 258 1827 mus
275 1773 368 1829 instar
386 1774 484 1844 laquei
501 1775 677 1843 superveniet
696 1776 725 1828 in
746 1792 848 1839 omnes,
870 1775 921 1844 qni
929 1776 1027 1829 sedent
1048 1773 1172 1841 propria
1189 1774 1290 1828 merita
1307 1775 1448 1837 fiduciam.
1479 1773 1582 1834 Psalm.
1603 1779 1662 1842 143,
1682 1793 1711 1830 v.
1729 1780 1761 1833 2:
1782 1778 1827 1832 Ne
1845 1779 1887 1831 in·

196 1877 282 1929 super
292 1862 399 1926 faeiem
410 1862 658 1916 uniammeterree
679 1861 745 1915 Luc.
757 1867 833 1928 21,v.
843 1867 884 1917 ³5.
909 1859 1027 1926 Quando
1053 1864 1110 1911 tres
1127 1859 1157 1910 in
1168 1859 1312 1928 judicium
1331 1877 1394 1914 oum
1413 1878 1492 1915 seruo
1512 1869 1567 1931 tna,
1591 1863 1660 1930 quie
1676 1879 1732 1917 non
1749 1863 1886 1932 justifica-

197 1954 255 2002 rete
279 1945 395 2018 aucupis
428 1946 606 2019 expanditur,
633 1947 757 2002 aviculae
789 1947 934 2013 advolant,
963 1963 1026 2000 can·
1054 1945 1129 1997 bitur
1153 1946 1182 1997 in
1206 1954 1357 2014 compecto
1380 1952 1428 2000 tao
1454 1947 1543 2000 omnis
1566 1949 1667 2002 nuens.
1701 1946 1887 2019 Hieronymus

197 2031 303 2095 tillant‚
326 2048 422 2086 secure
440 2048 526 2102 grana
544 2031 655 2104 legunt,
678 2032 726 2088 sed
745 2032 837 2087 subito
854 2037 882 2087 et
903 2033 1027 2101 inexspe·
1054 2027 1101 2083 lib.
1122 2034 1146 2087 2.
1166 2030 1228 2084 adv.
1248 2031 1355 2103 Pelag.:
1379 2033 1486 2087 Nattae
1503 2032 1662 2103 intrepidae
1681 2037 1763 2088 sedit
1783 2034 1887 2105 adju

197 2124 272 2173 atsto
291 2119 342 2172 reti
362 2118 577 2183 concluduntur;
596 2118 637 2173 sic
656 2117 685 2172 iu
702 2117 801 2189 impios
820 2118 935 2174 terrenis
945 2116 1027 2170 rebus
1053 2115 1158 2169 dicium
1170 2119 1287 2171 Domini
1304 2119 1409 2172 babens
1426 2120 1623 2174 conscientiam
1637 2128 1820 2189 peccatorum
1834 2127 1887 2176 etc.

198 2203 278 2258 unice
304 2202 414 2268 affixos,
441 2219 554 2259 securos
581 2211 608 2259 et
633 2204 739 2260 umoris
763 2204 817 2259 Dei
844 2221 947 2259 vacuos
969 2203 1028 2256 dies
1053 2202 1136 2255 Dina
1158 2204 1307 2273 madescit,
1332 2205 1375 2258 sol
1399 2206 1598 2274 confunditur,
1632 2206 1739 2260 coebum
1762 2207 1888 2277 operitur

198 2287 362 2343 novissimus
379 2290 467 2343 instar
485 2289 578 2360 laquei
595 2291 771 2360 superveniet
795 2296 824 2345 et
845 2290 1029 2345 inextricabili
1054 2287 1156 2356 cilicia
1174 2296 1201 2342 et
1218 2306 1270 2343 nos
1290 2289 1429 2359 intrepidi
1445 2298 1527 2359 orpus
1549 2291 1695 2358 laetantes,
1716 2294 1801 2364 quart
1813 2294 1889 2349 omni

186 2373 270 2433 ‚malo
288 2374 362 2444 ipsos
379 2373 507 2444 involvet,
525 2391 597 2446 qnae
617 2375 691 2429 enim
709 2377 808 2447 laqueo
828 2381 963 2440 tenentur,
990 2376 1029 2430 iu·
1054 2389 1199 2428 careamus
1210 2375 1286 2437 citio,
1301 2391 1477 2430 occurremus
1491 2377 1599 2445 judics's
1609 2379 1761 2449 majestati,
1775 2381 1887 2448 pem

198 2459 353 2515 solubiliter
377 2460 509 2529 captivari
538 2460 675 2517 videntur.
711 2461 788 2517 Haec
812 2463 915 2517 Christi
944 2461 1029 2516 verba
1053 2459 1191 2512 tabescent
1208 2466 1328 2529 montes,
1354 2462 1441 2514 erecti
1457 2462 1589 2516 videlicet
1611 2463 1641 2515 in
1657 2464 1834 2534 sapentiam,
1862 2473 1887 2519 st

198 2545 394 2616 suntprosccto
407 2546 547 2602 horribilia
558 2548 681 2603 tonitrua
693 2548 823 2604 adversus
837 2550 1027 2618 securitatcm3
1053 2544 1141 2597 omnic
1160 2545 1264 2599 militia
1282 2547 1423 2600 coelorum
1443 2547 1488 2600 vel
1506 2555 1588 2602 aetra
1599 2548 1644 2602 vel
1659 2550 1808 2619 onpelicoe
1824 2550 1886 2621 dip-

198 2638 350 2688 metuamus
368 2650 435 2704 ergo
455 2633 561 2689 fulmen
580 2636 702 2707 igneum,
729 2636 803 2706 quod
820 2636 849 2690 in
868 2636 912 2690 die
927 2635 1027 2705 judicii
1053 2631 1155 2684 nitatur
1171 2632 1458 2700 &complicabuntur
1477 2634 1550 2687 ucat
1566 2635 1639 2689 liber
1657 2637 1733 2691 coeti
1754 2645 1782 2690 et
1799 2639 1887 2692 omnb

197 2720 328 2775 mausus
348 2719 446 2790 impios
465 2721 517 2774 erit
536 2721 709 2778 vibrandum.
744 2722 889 2776 Ninivitas
914 2724 971 2776 nisi
994 2724 1027 2777 ti·
1053 2718 1188 2770 tetrtt‘ttw
1212 2733 1308 2770 torum
1330 2717 1423 2772 instar
1442 2719 1584 2789 foliorum
1609 2722 1733 2790 defluet!
1757 2723 1787 2777 in
1810 2739 1886 2779 wm-

198 2805 339 2870 muissent,
358 2806 483 2860 subversi
498 2808 635 2875 mensum
661 2809 758 2876 paneri
774 2808 860 2877 Lotis,
885 2810 953 2878 quia
971 2827 1026 2862 non
1053 2806 1135 2858 ment.
1150 2818 1173 2857 c.
1189 2809 1212 2857 5.
1228 2803 1326 2858 Amos:
1356 2805 1410 2858 Vae
1424 2806 1651 2860 desiderantibus
1665 2808 1742 2862 dem
1757 2810 1885 2864 Domini.

197 2898 358 2962 timuerunt,
380 2893 532 2964 perierunt.
567 2900 591 2953 4.
612 2894 778 2948 Securitatis
799 2895 909 2962 fupom.
944 2894 1026 2950 Secu·
1054 2888 1202 2941 0111111111·
1218 2891 1390 2957 ⁶⁰”fid0'iil0
1409 2891 1601 2961 iupefl‘m‘mr
1622 2894 1673 2961 1111
1690 2901 1721 2946 ²⁴⁸
1740 2897 1822 2964 “PM
1839 2897 1886 2950 ¹¹⁰·

197 2977 266 3032 ritu
290 2984 333 3033 ost
358 2980 466 3034 animae
488 2980 601 3050 quidam
625 2979 777 3050 lethargus,
807 2980 922 3052 vigilare
944 2981 1029 3052 igitur
1054 2974 1141 3027 mines
1157 2974 1229 3043 justi
1250 2982 1423 3046 effloreant,
1445 2975 1535 3029 colent
1560 2977 1634 3030 diem
1656 2987 1819 3047 exspectare
1839 2982 1887 3051 ju·

198 3064 312 3132 dicitur,
343 3067 391 3136 qui
416 3083 530 3122 excusso
551 3066 706 3122 securitatis
739 3073 850 3122 veterno
879 3067 1028 3123 adventum
1055 3060 1125 3113 111111
1150 3067 1176 3113 ti
1201 3059 1310 3127 1111111,
1333 3061 1441 3114 1111111111
1465 3063 1560 3115 11111111
1577 3063 1715 3117 9011111111
1732 3072 1783 3120 111·
1821 3067 1887 3120 011111

198 3151 311 3206 Domini
332 3151 480 3223 vigilanter
507 3158 657 3222 exspectat.
695 3151 847 3224 Gregorius
873 3152 965 3209 homil.
990 3159 1028 3208 13.
1054 3146 1141 3214 icitur
1158 3163 1237 3200 1111110
1254 3146 1348 3217 1111111
1371 3149 1407 3202 dt
1424 3148 1485 3200 Dtt'
1503 3148 1640 3217 judicare
1660 3150 1776 3218 judicio
1803 3160 1830 3206 tt
1852 3155 1887 3207 dt

198 3238 227 3292 in
247 3254 360 3309 evang:
397 3239 511 3307 Viator,
528 3239 579 3308 qui
598 3241 640 3292 ad
656 3241 821 3309 adspectum
839 3239 899 3292 ueri
915 3240 1029 3294 luminis
1055 3232 1144 3286 011010
1170 3249 1278 3303 ottoque
1302 3234 1385 3287 aerbo
1411 3235 1560 3288 reddituri
1580 3235 1666 3290 simus
1693 3238 1836 3292 rationem
1861 3247 1887 3295 et

198 3324 309 3393 mentis,
335 3325 432 3380 oeulos
456 3333 571 3394 opertos
598 3333 687 3394 tenet,·
718 3326 833 3395 cipitat,
861 3328 910 3395 qni
936 3335 1029 3381 emas
1055 3319 1111 3373 Job
1132 3319 1257 3387 quotidie
1273 3337 1328 3388 pro
1352 3319 1422 3383 filiis
1440 3321 1508 3373 suis'
1521 3321 1651 3375 obtulerit
1669 3323 1789 3388 bactros,
1817 3341 1887 3394 pirae

199 3414 355 3480 operando,
375 3414 452 3481 quod
469 3412 576 3474 crodit;
595 3413 703 3480 oipilot,
722 3412 773 3481 qui
789 3429 808 3464 a
826 3413 991 3481 setorporis
1005 3422 1030 3466 et
1056 3405 1196 3458 1111111ίί11
1226 3412 1267 3459 111
1295 3407 1398 3461 audiit
1430 3425 1492 3461 111111
1521 3408 1688 3474 Corinthiis,
1716 3411 1777 3464 11111
1808 3412 1888 3466 110111

199 3498 387 3567 nepbipentiae
408 3499 536 3552 tenebras
550 3497 644 3566 pellit.
679 3497 740 3552 Hoc
761 3497 841 3551 modo
857 3497 1029 3568 vigilantiam
1056 3492 1187 3560 rettulit·
1222 3489 1397 3562 Augustinus
1424 3493 1452 3546 in
1481 3492 1553 3548 libro
1579 3493 1614 3550 de
1640 3494 1772 3564 praefeci.
1796 3497 1888 3567 justit.

199 3584 395 3654 interpretatur
414 3583 473 3653 ipae
489 3582 615 3638 christus
633 3583 731 3638 March.
753 3589 794 3652 24,
816 3601 842 3640 v.
862 3589 910 3640 44:
934 3585 1030 3638 Estote
1057 3576 1445 3634 connaturationem
1478 3580 1547 3642 Quis
1570 3580 1756 3648 elocutum,
1782 3591 1888 3638 cunm

196 3671 304 3739 papati,
340 3670 409 3728 Luc,
432 3675 471 3739 12,
497 3687 522 3723 v,
549 3674 594 3725 35:
628 3669 692 3724 Sint
720 3669 808 3723 lumbi
834 3672 921 3723 vestri
943 3687 1029 3739 prae.
1056 3679 1085 3717 80
1104 3664 1204 3717 'labere
1228 3666 1298 3717 00²¹!
1332 3665 1464 3720 Proverb-
1484 3669 1529 3719 20.
1555 3668 1617 3721 HOC
1641 3667 1728 3734 dixti,
1754 3670 1887 3738 quoniam

200 3756 475 3811 circumtunsam
503 3760 649 3824 ardentes,
680 3774 705 3811 v.
726 3761 768 3811 ee.
794 3764 821 3810 st
846 3774 896 3810 vos
925 3758 1030 3812 cinnes
1053 3752 1217 3820 praecessis,
1237 3753 1736 3821 cumreejnnasseaertrtntnrono.
1764 3756 1886 3819 Quam

200 3844 355 3897 bominibus
379 3843 598 3912 exspectantibus
628 3843 770 3895 dominum
797 3861 889 3913 mum,
916 3846 1029 3914 qnando
1056 3839 1122 3892 libet
1140 3839 1212 3891 enim
1232 3839 1349 3907 justitia
1366 3840 1404 3892 sit
1416 3840 1569 3908 praeditus
1588 3841 1678 3911 bomo,
1699 3849 1826 3911 copitars
1842 3845 1888 3898 ds·

199 3937 356 3984 reuertatur
374 3947 392 3982 a
409 3929 527 3999 nuptiis,
552 3936 591 3998 ut,
618 3930 800 3983 cumvenerit
819 3938 846 3982 et
861 3930 1030 3999 pulsauerit,
1058 3925 1107 3988 bet,
1131 3941 1165 3977 nc
1183 3924 1296 3993 aliquid
1314 3925 1344 3977 in
1363 3925 1423 3991 itio,
1450 3928 1527 3994 quod
1543 3927 1603 3996 ipse
1620 3946 1676 3980 non
1695 3928 1788 3997 uidet,
1812 3930 1887 3985 inoe-

199 4016 345 4081 confestim
366 4016 497 4084 aperiant
515 4015 562 4068 illi
581 4020 632 4070 etc.
669 4020 691 4069 1.
712 4013 807 4070 Thess.
827 4021 850 4082 5,
867 4033 893 4068 v.
914 4022 943 4072 8:
969 4017 1030 4069 Nos
1056 4009 1152 4063 nialus·
1172 4026 1230 4064 eoae
1247 4011 1433 4080 adpendere,
1457 4029 1519 4065 cum
1537 4029 1586 4066 rea
1609 4014 1703 4081 iustus
1729 4017 1835 4069 sedern
1858 4016 1888 4071 in

199 4102 248 4172 pai
265 4103 325 4156 diei
342 4118 453 4170 mmus,
476 4100 566 4154 sobrii
582 4103 683 4168 simus,
709 4100 804 4153 induti
820 4102 940 4155 bors'com
962 4103 1033 4165 fidei
1057 4096 1169 4161 tirrano,
1197 4097 1278 4167 cujus
1295 4098 1479 4166 capnitionem
1498 4101 1606 4168 supere
1625 4100 1731 4154 delicta
1749 4119 1808 4154 non
1822 4120 1888 4172 pos·

199 4197 224 4244 et
241 4189 372 4244 caritatis
396 4193 423 4240 et
446 4187 556 4257 paleam
579 4202 656 4256 spem
681 4187 791 4240 solutis.
827 4186 904 4241 Sicut
930 4188 1030 4242 milites
1056 4190 1128 4252 tunt,
1150 4184 1289 4246 111σί1111,
1314 4186 1351 4237 dt
1369 4185 1469 4252 91111111
1489 4184 1595 4238 ditium
1615 4194 1671 4239 etit
1700 4186 1806 4242 doliola
1826 4188 1889 4256 quit

70 4289 125 4332 xlx„
139 4289 185 4331 tle.
199 4276 229 4331 iu
247 4273 369 4329 excubiis
387 4273 529 4327 constituti
550 4289 626 4326 arma
649 4288 700 4327 sua
724 4288 780 4326 uon
803 4273 975 4343 suspendunt
998 4292 1030 4329 ex
1056 4269 1210 4336 {stelligeri-²
1247 4269 1315 4332 Quis
1343 4286 1408 4337 erpo
1433 4276 1499 4322 tunc
1524 4271 1706 4340 ptoriobitur,
1731 4290 1760 4326 ce
1782 4282 1889 4328 easmm

199 4360 314 4431 pariete,
334 4359 382 4414 sed
399 4358 531 4425 induunt;
559 4357 598 4411 sic
618 4357 657 4427 pii
675 4357 865 4428 spiritualibus
884 4359 967 4413 armis
986 4360 1030 4413 in·
1056 4356 1159 4409 bebere
1178 4372 1227 4408 cor
1244 4363 1293 4409 out
1311 4357 1444 4409 mundum
1464 4373 1493 4410 se
1507 4375 1564 4412 esse
1578 4375 1597 4411 o
1609 4360 1749 4427 peccato?
1766 4358 1797 4414 in
1810 4376 1888 4415 enar·

199 4446 260 4501 duci
277 4447 307 4499 in
328 4444 469 4517 perpetuis
488 4444 640 4499 consistant
659 4443 789 4500 excubiis.
1056 4447 1107 4500 rat.
1126 4443 1228 4497 Psalm.
1241 4448 1269 4498 6:
1287 4444 1394 4513 Repins
1410 4451 1486 4497 ootes
1503 4444 1533 4497 in
1554 4445 1600 4497 die
1612 4445 1724 4512 iudicii
1740 4463 1791 4500 nec
1802 4446 1889 4517 orprsi

237 4538 292 4588 tte.
329 4537 352 4587 2.
373 4532 407 4586 lu
425 4531 517 4602 specie
535 4531 646 4601 prodest
664 4530 807 4585 meditatio
825 4531 925 4600 judicii
948 4534 971 4602 1)
991 4538 1031 4588 ad
1056 4529 1115 4583 vnit
1132 4545 1182 4583 nec
1201 4529 1316 4599 corripi.
1340 4528 1493 4601 Gregorius
1510 4530 1558 4586 lib.
1573 4536 1595 4588 8.
1611 4529 1704 4587 moral.
1719 4547 1744 4588 c.
1758 4537 1790 4588 b:
1810 4532 1890 4589 Justi

202 4619 413 4684 mnefieentiam.
459 4616 513 4682 Qui
543 4617 695 4672 esurientes
723 4624 872 4687 paverunt.
907 4619 1030 4675 sitientes
1055 4617 1197 4686 perituros
1215 4633 1245 4668 se
1265 4617 1368 4684 absque
1393 4618 1572 4685 ambipuitotc
1591 4609 1773 4685 praesciunt,
1794 4621 1824 4673 si
1845 4637 1889 4675 rc·

202 4708 368 4776 potaverunt
387 4709 415 4757 et
430 4701 513 4756 fidem
530 4719 608 4756 suam
620 4698 757 4758 fructibus
770 4703 892 4757 caritatis
906 4720 938 4758 ac
948 4704 1030 4760 bene·
1057 4710 1132 4756 mota
1153 4704 1258 4772 pictate
1274 4703 1456 4771 judicentur,
1487 4704 1554 4772 quia
1578 4704 1630 4757 boc
1655 4705 1748 4773 ussum
1771 4723 1887 4776 quoqu,

201 4791 327 4847 licentiae
345 4795 473 4844 testatam
492 4787 680 4853 reddiderunt,
706 4789 745 4842 illi
764 4790 800 4842 ad
819 4790 942 4844 dextram
956 4791 1030 4860 judi·
1058 4790 1134 4860 quod
1151 4792 1230 4859 juste
1245 4789 1373 4843 uidemur
1394 4790 1509 4856 facere,
1535 4791 1620 4859 culpo
1646 4799 1700 4859 est,
1723 4792 1751 4845 si
1775 4793 1888 4864 wem

202 4880 241 4933 cis
263 4877 406 4932 constituti
430 4876 556 4930 audient:
594 4874 688 4927 Venite
712 4876 864 4945 benedicti,
890 4880 1031 4945 possidete
1057 4882 1181 4929 uestram
1201 4877 1268 4928 dum
1290 4876 1414 4945 judicat,
1432 4878 1504 4932 banc
1522 4879 1601 4946 apud
1616 4894 1646 4931 se
1664 4879 1761 4931 diuina
1779 4880 1888 4934 mismi·

202 4983 316 5035 repnum
334 4970 385 5020 etc.
421 4961 522 5018 Confer
542 4978 584 5030 ea,
605 4977 675 5032 quae
693 4962 820 5030 superius
841 4980 874 5018 ex
891 4962 1030 5019 veteribus
1058 4962 1159 5016 cordia
1178 4979 1234 5015 non
1252 4969 1373 5015 excusat.
1409 4962 1488 5018 Bene
1506 4981 1572 5032 erpo
1591 4964 1667 5032 justi
1683 4981 1749 5018 oocs
1772 4966 1887 5036 dicitm,

202 5052 323 5106 adducta
341 5051 366 5118 ᾖ.
387 5054 428 5104 56.
464 5052 491 5115 2)
520 5047 571 5101 Ad
588 5047 710 5100 debitunt
735 5048 926 5102 imbutoribus
951 5068 1030 5104 uoca-
1056 5048 1133 5103 ocati
1149 5050 1191 5101 tui
1208 5048 1237 5101 in
1256 5065 1306 5113 me,
1325 5057 1351 5102 ct
1369 5068 1426 5104 non
1444 5051 1602 5114 subsistam,
1622 5052 1673 5106 boe
1692 5060 1733 5106 est
1752 5053 1780 5106 st'
1792 5053 1889 5108 satuti

201 5139 285 5192 tionis
303 5135 489 5204 dilipentiam.
526 5133 579 5195 Qui
599 5131 704 5187 talento
732 5132 864 5188 divinitus
891 5134 945 5189 sibi
968 5153 1031 5190 con·
1059 5135 1264 5189 examinatione
1281 5135 1431 5204 discutior,
1455 5139 1497 5191 od
1518 5140 1723 5208 perferendum
1745 5140 1887 5208 judicium

203 5223 306 5279 credito
316 5221 401 5277 fuerit
413 5220 561 5292 plurimum
576 5219 707 5287 lucruua
726 5220 748 5273 is
761 5220 1031 5277 dulcissimamillam
1058 5238 1114 5276 non
1141 5238 1268 5289 assurpo.
1310 5223 1487 5279 Beruhardus
1510 5241 1626 5280 sumen.
1650 5230 1691 5280 27.
1713 5224 1743 5279 in
1769 5226 1887 5284 Confer

201 5325 296 5364 vocem
315 5307 413 5362 audire
436 5305 549 5376 poterit:
581 5305 662 5373 ane
686 5322 764 5359 seruc
788 5307 856 5360 bone
880 5316 906 5362 et
929 5310 1032 5379 fidelis,
1061 5310 1095 5364 Si
1119 5309 1280 5377 iniquitates
1308 5311 1338 5363 in
1365 5312 1412 5364 die
1440 5311 1546 5378 judieii
1572 5313 1772 5384 obseruacerit,
1805 5315 1885 5371 mmm

202 5409 287 5463 super
306 5410 404 5463 pauca
426 5392 512 5458 fuisti
527 5392 642 5459 fidelis,
668 5409 754 5462 reaper
771 5395 859 5448 multa
882 5402 909 5448 te
930 5398 1031 5450 consti·
1059 5397 1208 5451 electorum
1225 5397 1288 5465 quie
1307 5397 1477 5450 sustinebit!
1511 5398 1600 5452 Astra
1618 5417 1673 5453 non
1690 5407 1756 5454 sam
1783 5401 1953 5457 mundam

202 5488 294 5548 tuam,
319 5481 397 5533 intro
414 5479 446 5532 in
464 5478 603 5548 pendium
621 5479 741 5532 Domini
765 5480 808 5533 tui
830 5479 929 5536 Matth.
947 5486 988 5550 25,
1006 5500 1032 5541 v.
1060 5484 1090 5535 in
1110 5490 1259 5551 conspecta
1278 5483 1341 5553 eius
1359 5490 1385 5537 et
1403 5483 1432 5536 in
1451 5484 1560 5550 onpelic
1583 5484 1643 5538 cuis
1667 5486 1775 5556 reperit
1786 5486 1889 5558 praui-

203 5569 244 5625 tt.
264 5568 294 5620 a
310 5567 351 5623 ib.
383 5561 452 5621 Iauo-
472 5567 513 5634 tc,
533 5579 559 5618 v.
585 5568 625 5622 li.
663 5564 855 5638 Unusquisqru
885 5568 1033 5639 propriam
1059 5574 1154 5624 tatem
