4050 6014
206 245 266 302 310
867 229 1099 288 mauranus
1117 229 1264 288 SEXTUS
1371 220 1374 224 ’

206 390 297 444 minus
311 391 393 444 Deus
404 388 549 443 siluminat
567 388 634 443 illos
648 406 673 442 v.
686 394 709 442 b.
725 386 848 456 depulsis
858 385 1041 458 ignorantiae,
1068 386 1212 442 fastidium
1235 388 1338 442 electos
1354 386 1453 456 capiet,
1474 386 1523 440 sed
1542 387 1635 441 omnia
1652 393 1733 441 erunt
1752 386 1806 441 illis
1824 388 1906 458 quasi

206 475 320 543 erroris,
349 479 528 544 peccatorum
555 479 584 528 11
615 472 804 527 calamitatum
832 472 954 526 tenebris
980 473 1042 526 luce
1071 473 1189 528 subinde
1207 490 1280 528 nova
1299 479 1327 527 et
1347 472 1464 544 proinde
1481 472 1659 544 singulariter
1682 478 1770 544 grata.
1806 474 1907 529 Aderit

205 561 346 633 perfectae
359 558 1043 632 θεογνωσίας,11111111111111111111111111111111
1070 560 1098 613 in
1116 559 1228 614 coelesti
1247 559 1377 627 paradiso
1399 560 1486 612 arbor
1503 561 1585 626 citae,
1605 560 1656 614 sed
1674 576 1729 613 non
1747 561 1801 614 erit
1819 562 1907 614 arbor

209 649 239 703 in
258 654 410 703 aeternum.
446 648 552 701 111111
572 646 704 700 lucernas
729 651 771 700 est
790 643 916 699 doctrina
934 644 1043 700 Veteris
1071 645 1203 700 scientiae
1224 646 1291 699 boni
1314 653 1340 698 et
1360 645 1444 714 maii,
1474 644 1540 716 qnia
1565 644 1645 700 electi
1673 646 1702 699 in
1728 647 1800 701 bono
1827 656 1910 704 eruut

206 733 387 801 Testamenti,
403 733 495 787 lumen
510 733 579 786 sotis
593 736 636 787 est
649 729 1042 794 doctrinaNoriTestamenti‚
1071 731 1239 799 confirmati,
1264 738 1296 786 ut
1319 748 1375 785 non
1398 731 1505 801 possint
1522 731 1641 802 amplius
1660 749 1778 802 peccare
1796 751 1830 789 11
1848 753 1911 806 per·

206 819 258 874 illa
276 837 331 874 non
352 819 470 888 amplius
494 835 544 889 per
570 818 752 872 ministerium
775 816 853 871 verbi
877 816 905 870 in
921 819 980 872 rita
999 835 1042 873 ue-
1071 818 1160 887 ceptis
1176 817 1256 871 bonis
1275 816 1410 882 excidere,
1429 817 1492 871 ideo
1513 816 1596 872 etiam
1618 836 1763 874 memnon
1785 820 1838 875 orit
1851 838 1911 875 am·

207 913 287 961 terna
306 905 445 973 tradetur,
470 905 519 958 sed
546 905 647 958 lumini
662 904 775 972 protiae
796 905 927 959 succedet
951 905 1044 958 111111
1071 904 1144 973 plius
1162 919 1213 957 nec
1231 904 1333 971 culpae
1352 919 1404 957 nee
1422 904 1553 957 miseriae
1572 920 1623 958 uec
1642 914 1769 958 naturae.

207 992 326 1062 pieriae,
345 990 441 1045 lumini
460 990 525 1045 fidei
544 991 674 1045 succedet
693 992 786 1046 lumen
804 991 924 1044 visionis.
952 989 1042 1056 3101-
1106 996 1147 1045 25.
1185 995 1209 1049 2.
1229 990 1304 1060 Typi
1321 991 1486 1043 secundarii
1503 1006 1537 1044 ac
1556 989 1705 1058 parabolas
1724 992 1816 1047 minus
1834 993 1911 1065 prin·
1924 996 2015 1055 253111

207 1079 281 1132 oium
299 1079 432 1132 actiones.
451 1077 579 1131 Serviani
598 1079 663 1130 Deo
683 1084 709 1130 11
727 1076 811 1144 Apisa
828 1079 917 1145 Apoc.
932 1081 974 1142 22,
984 1094 1008 1130 v.
1020 1082 1042 1130 3.
1071 1076 1173 1147 cipales
1197 1084 1262 1130 sunt
1286 1076 1448 1146 complures.
1488 1077 1515 1141 1)
1533 1075 1613 1129 Oceli
1630 1084 1655 1129 et
1675 1085 1771 1131 terras
1791 1082 1910 1137 creatio.
1925 1048 1987 1088 Μ

208 1165 314 1218 cultum
336 1163 567 1233 perfectissimum
593 1168 622 1216 et
645 1162 823 1233 purissimum
841 1160 902 1215 Deo
920 1166 1042 1232 praesta·
1070 1162 1205 1219 Caelestis
1233 1162 1426 1233 Hierosolyma
1458 1168 1573 1217 vocatur
1606 1165 1712 1217 coebum
1746 1184 1847 1221 norsum
1874 1185 1909 1221 ac

208 1250 286 1319 bunt,
304 1250 424 1304 aeternis
444 1249 559 1303 laudum
580 1248 712 1303 encomiis
730 1266 793 1303 eum
805 1248 1002 1319 glorificabunt
1015 1252 1044 1302 et
1071 1257 1148 1302 terra
1166 1266 1240 1302 noca
1258 1247 1320 1303 Esa.
1340 1255 1383 1315 65,
1403 1268 1427 1300 r.
1449 1255 1487 1305 tt.
1505 1265 1564 1319 cap.
1585 1255 1627 1317 66,
1647 1268 1670 1306 v.
1690 1253 1730 1304 22.
1754 1257 1776 1306 2,
1792 1250 1868 1306 Patr.
1883 1258 1908 1318 3,

208 1337 245 1391 ad
269 1341 367 1390 nutum
394 1335 545 1390 voluntatis
573 1335 684 1389 11111111
709 1351 804 1389 omnes
828 1335 952 1389 actiones
979 1350 1043 1387 suas
1071 1352 1097 1390 r.
1118 1340 1158 1391 13.
1175 1335 1266 1404 Apoc.
1286 1338 1327 1402 21,
1353 1353 1377 1387 v.
1399 1340 1418 1389 1.
1441 1334 1507 1404 quia
1531 1334 1638 1389 coelum
1661 1335 1743 1405 illud,
1767 1338 1843 1408 qnod
1868 1339 1908 1392 in·

209 1422 428 1478 conformabunt.
470 1423 607 1475 Videbunt
624 1422 731 1485 faciem
748 1422 811 1489 ciris
829 1439 853 1477 v.
872 1428 894 1477 4.
914 1437 969 1475 non
987 1438 1043 1474 am·
1071 1431 1186 1486 tuemur,
1206 1437 1239 1474 11
1258 1426 1341 1488 terra,
1360 1420 1406 1472 cui
1424 1419 1583 1490 insistimus,
1601 1420 1775 1490 praeludium
1793 1425 1908 1495 aliquod

208 1509 281 1580 plius
301 1527 351 1580 per
373 1508 517 1579 speculum
538 1508 566 1561 in
587 1507 758 1578 aenigmate,
789 1509 841 1561 seat
864 1525 882 1559 a
901 1507 978 1571 faeie
1004 1525 1022 1560 a
1072 1505 1184 1560 futurae
1199 1506 1303 1576 gloriae
1321 1511 1539 1560 coaeternorum
1555 1505 1908 1567 bonorumnobiserhibet

206 1595 312 1659 faciem
329 1611 391 1651 enm
410 1594 593 1648 intuebuntur
621 1599 642 1649 1.
662 1592 725 1649 Cor.
747 1598 787 1661 13,
810 1611 835 1649 r.
859 1598 897 1648 12.
923 1591 1045 1663 perfecte
1071 1592 1185 1647 Coelum
1199 1592 1288 1645 lucem
1303 1590 1382 1646 nobis
1394 1598 1527 1661 praestat,
1545 1596 1634 1647 terrae
1646 1594 1781 1648 fructibus
1795 1596 1909 1663 alimur,

208 1697 271 1734 eum
298 1686 480 1752 cognoscent,
509 1697 543 1734 ex
567 1695 623 1750 qna
647 1679 805 1751 cognitione
826 1678 966 1749 perfectus
991 1678 1043 1731 Dei
1074 1678 1161 1733 sicin
1179 1695 1251 1733 novo
1271 1679 1348 1732 coelo
1369 1695 1402 1731 ac
1422 1694 1494 1731 nova
1512 1683 1586 1732 terra
1605 1679 1652 1733 lux
1670 1686 1697 1735 et
1715 1681 1794 1735 cibus
1813 1684 1909 1738 electis

209 1782 287 1820 amor
304 1767 416 1821 orietur.
446 1767 614 1834 Repnabunt
632 1766 662 1819 in
680 1766 778 1820 111111
798 1765 956 1819 semsiorum
975 1782 1001 1823 v.
1022 1770 1043 1819 b.
1071 1765 1182 1820 abunde
1201 1769 1338 1834 suppetet.
1376 1762 1450 1817 Coeli
1469 1780 1502 1818 11
1520 1769 1609 1819 terrae
1630 1766 1739 1836 opificio
1760 1769 1829 1823 nihil
1848 1772 1909 1840 pul·

210 1858 290 1909 erunt
315 1853 432 1906 victores
458 1853 568 1926 mortis,
596 1850 713 1918 diaboli,
740 1850 842 1905 infami
871 1857 898 1904 et
923 1850 1044 1904 omnium
1072 1851 1175 1918 chrius,
1194 1851 1267 1905 unde
1282 1850 1382 1905 Graeci
1404 1851 1472 1904 illud
1490 1859 1591 1907 vocant
1609 1851 1718 1927 κόσμον
1737 1855 1772 1910 ab
1793 1865 1908 1926 ornatn3

209 1939 343 2007 bostium,
367 1938 494 1992 fruemur
520 1936 681 2008 plenissima
705 1953 739 1991 ac
762 1935 939 2008 pacatissima
964 1935 1044 1990 liber·
1072 1939 1120 1993 sed
1140 1939 1222 2010 louge
1239 1936 1380 2007 pulchrius
1398 1954 1431 1991 ac
1450 1939 1644 2007 praestabilius
1657 1942 1709 1994 erit
1723 1960 1825 1997 norum
1839 1942 1909 1999 illud

209 2030 280 2092 tate,
304 2030 386 2079 erunt
410 2040 489 2094 reges
515 2024 544 2078 in
566 2040 638 2077 novo
661 2023 739 2078 coelo
759 2040 792 2078 ac
810 2038 883 2077 nova
900 2028 976 2077 terra
994 2026 1044 2077 etc.
1072 2025 1179 2079 coelum
1199 2041 1232 2079 ac
1253 2041 1325 2077 nova
1343 2030 1425 2078 terra.
1459 2025 1538 2079 Sicut
1556 2028 1663 2080 coebum
1683 2036 1707 2080 et
1727 2037 1806 2082 terra
1827 2031 1910 2085 initio

210 2117 234 2166 4.
256 2111 364 2164 Civium
384 2111 462 2164 cibus
483 2127 517 2164 ac
530 2118 631 2179 zpotus.
667 2109 783 2163 Siticuti
807 2110 881 2162 dabo
907 2111 942 2162 dc
965 2110 1045 2172 fonte
1074 2112 1157 2180 qimai
1172 2111 1260 2164 rudia
1279 2129 1401 2180 corpora
1418 2111 1549 2178 11111111,
1575 2113 1741 2181 priusquam
1766 2114 1814 2168 1111
1838 2125 1910 2169 asset

211 2215 301 2266 aquae
319 2197 398 2250 cicae
416 2196 508 2264 pratis
532 2196 620 2266 Apoe.
643 2201 684 2261 21,
711 2213 737 2249 v.
756 2200 779 2250 6.
805 2195 850 2248 bic
874 2194 935 2249 fons
957 2210 1045 2264 aquae
1073 2198 1194 2265 audtrm
1212 2198 1254 2250 ita
1264 2199 1312 2266 pii
1328 2197 1410 2251 illem
1429 2198 1578 2265 imopinem
1597 2202 1695 2253 rustam
1715 2201 1744 2253 in
1759 2217 1787 2254 sc
1800 2202 1910 2269 babent,

210 2283 290 2337 vivae
309 2290 352 2337 est
371 2281 521 2352 ipseDeus
541 2281 602 2336 fons
616 2282 703 2336 omnis
718 2281 793 2348 boni,
814 2281 902 2337 omnis
916 2280 1046 2344 laetitiae,
1074 2303 1157 2354 qaam
1178 2286 1258 2337 Deus
1280 2285 1408 2353 perficiet
1433 2285 1462 2337 11
1487 2285 1635 2339 1111111111
1657 2287 1703 2340 die
1731 2287 1761 2341 in
1785 2288 1837 2355 iis,
1862 2291 1912 2357 qui

211 2369 299 2423 omnis
312 2368 517 2433 consolationis,
537 2369 586 2439 qui
595 2368 822 2437 potabitelectos
834 2368 1045 2422 torrenteoolu·
1072 2372 1156 2425 narbo
1174 2371 1371 2438 crediderunt,
1394 2369 1533 2423 Lutherus
1559 2370 1587 2423 in
1607 2387 1694 2426 enarr.
1715 2389 1775 2443 cap.
1796 2379 1818 2428 1.
1838 2374 1910 2431 Gen.

207 2457 298 2526 ptatis
317 2454 420 2511 Psalm.
440 2459 482 2519 36,
500 2472 524 2507 v.
543 2460 566 2512 9.
584 2473 618 2509 ex
635 2454 688 2510 hoc
707 2455 783 2509 fonte
802 2454 850 2525 qui
875 2453 961 2520 bibit,
990 2472 1045 2508 non
1072 2455 1187 2511 Coclum
1208 2463 1236 2510 et
1258 2463 1333 2510 terra
1358 2461 1496 2509 testantur
1520 2456 1554 2509 de
1578 2457 1672 2511 divina
1698 2460 1909 2529 omnipotentia,

211 2541 271 2596 sitit
299 2541 330 2594 iu
348 2548 491 2595 ueternum
515 2541 616 2597 bohan.
639 2550 664 2608 4,
685 2559 710 2596 v.
734 2549 771 2600 14.
789 2541 844 2595 Hic
862 2541 961 2596 estille
975 2540 1045 2606 fons,
1072 2541 1224 2612 sapientia,
1250 2541 1388 2611 bonitate,
1413 2545 1558 2612 majestate
1579 2549 1631 2597 etc.
1659 2551 1689 2598 at
1704 2544 1787 2615 longe
1808 2547 1910 2601 clarius

212 2646 245 2684 ex
262 2645 318 2698 quo
338 2636 483 2701 promanat
501 2629 602 2683 fluvius
620 2630 755 2699 coelestis,
774 2628 809 2684 de
828 2646 883 2700 quo
898 2629 986 2699 Apoe.
1004 2633 1045 2694 22,
1072 2635 1101 2682 11
1117 2628 1285 2682 luculentius
1310 2627 1497 2682 testimonium
1522 2628 1557 2682 de
1582 2645 1615 2682 ea
1639 2629 1710 2685 feret
1727 2648 1828 2685 novum
1847 2650 1909 2688 coe·

211 2733 236 2769 v.
249 2721 271 2771 1.
289 2715 429 2786 seqnitur:
451 2717 489 2769 Et
499 2717 620 2770 11111111
637 2717 706 2768 mibi
711 2715 830 2785 fluuium
835 2734 940 2785 purum
954 2731 1046 2783 aquae
1072 2716 1130 2770 lum
1150 2721 1178 2767 et
1195 2730 1268 2768 nova
1286 2719 1368 2777 terra,
1385 2731 1467 2785 quarn
1483 2721 1682 2782 exspectamus.
1703 2716 1731 2784 2)
1748 2717 1912 2786 Septenaria*

210 2801 298 2867 uicus,
316 2801 643 2871 splendidumtanquum
660 2802 834 2872 crystallum,
848 2804 1047 2871 procedentem
1073 2802 1183 2855 numeri
1201 2801 1350 2870 perfectio.
1397 2800 1431 2853 ln
1464 2800 1652 2871 descriptione
1683 2802 1817 2872 septimae
1854 2805 1910 2858 dici

212 2890 247 2942 dc
264 2890 331 2941 sede
341 2888 400 2941 Dei
419 2896 445 2941 11
453 2889 530 2957 Apni
546 2889 577 2942 11
594 2889 686 2943 medio
700 2889 815 2958 plateae
837 2890 907 2957 ejus.
931 2886 1047 2941 Fluvius
1073 2886 1229 2941 heraimeri
1252 2886 1411 2952 creationis,
1438 2887 1551 2957 inqua
1575 2886 1652 2940 Deus
1674 2889 1774 2944 dicitur
1800 2892 1910 2959 requie·

211 2973 258 3028 ille
278 2990 364 3043 purus
384 2978 427 3028 est
445 2973 602 3044 symbolum
616 2973 736 3043 Spiritus
756 2974 853 3043 1111111,
872 2973 919 3044 qui
933 2990 950 3027 1
964 2973 1046 3026 Patre
1074 2975 1146 3026 visse
1165 2971 1235 3027 Gen.
1257 2977 1281 3040 2,
1299 2989 1325 3028 v.
1342 2977 1365 3027 2.
1383 2988 1437 3026 non
1457 2972 1489 3026 fit
1506 2972 1608 3027 mentio
1624 2991 1772 3044 vesperae3
1791 2975 1832 3031 sic
1846 2984 1912 3047 post

214 3065 242 3114 et
261 3059 333 3115 Filio
350 3059 476 3130 procedit
495 3060 594 3116 Joban.
618 3067 641 3126 1,
662 3077 686 3115 r.
698 3064 739 3114 38.
757 3059 805 3129 qui
825 3058 968 3113 uberrimis
990 3059 1046 3112 suis
1075 3077 1121 3113 sex
1141 3058 1235 3113 mundi
1254 3057 1422 3112 millenarios
1446 3057 1505 3113 dies
1529 3059 1602 3114 ritae
1621 3066 1750 3114 aeternae
1772 3061 1831 3116 siue
1854 3063 1911 3118 tino

212 3145 292 3200 donis
311 3145 388 3200 velut
401 3145 514 3200 flumine
529 3146 648 3217 quodam
663 3144 810 3200 coelestem
825 3144 1046 3214 Hierosolymam
1075 3145 1200 3214 durabit,
1228 3147 1296 3214 quia
1322 3163 1377 3199 stoa
1402 3146 1480 3199 ultra
1504 3164 1559 3199 non
1585 3148 1640 3200 erit
1662 3148 1749 3218 Apoc.
1774 3153 1816 3217 22,
1839 3167 1864 3203 v.
1886 3157 1910 3205 5.

212 3231 340 3303 irrigabit
358 3238 387 3286 et
406 3231 587 3300 exhilarabit,
607 3233 717 3286 bisunt
736 3233 826 3286 rivuli
837 3230 979 3301 fluminis,
999 3231 1048 3298 qui
1076 3232 1171 3287 Enoch
1189 3231 1347 3302 patriarcha
1366 3232 1500 3301 septimus
1514 3250 1568 3286 non
1583 3233 1706 3301 moritur,
1722 3234 1794 3290 sicut
1809 3236 1909 3307 reliqui

212 3319 368 3382 laetificant
385 3319 524 3372 civitatem
545 3319 610 3386 Dei,
628 3325 743 3371 sanctas
759 3317 945 3371 habitationes
958 3318 1047 3370 Altis·
1075 3318 1188 3388 priores,
1207 3318 1256 3372 scd
1276 3318 1368 3371 anima
1388 3325 1416 3372 et
1430 3334 1544 3388 corpore
1563 3319 1640 3372 vivus
1659 3320 1687 3372 in
1703 3321 1810 3375 coelum
1821 3329 1912 3377 111111-

212 3403 503 3471 semipedalem
526 3411 550 3459 5.
577 3403 626 3474 qui
650 3403 838 3474 largissimum
860 3402 1045 3457 6111111111-
1075 3404 1162 3457 fertur
1180 3402 1250 3457 Gen.
1271 3409 1294 3471 5,
1311 3421 1335 3455 r.
1355 3408 1396 3459 22.
1420 3403 1501 3472 epist.
1527 3404 1591 3460 Jud.
1611 3421 1635 3458 r.
1658 3410 1696 3460 14.
1720 3407 1761 3461 111
1786 3423 1836 3476 per
1863 3425 1911 3464 sex

213 3490 354 3546 solutionis
375 3497 403 3544 et
415 3491 537 3545 omnium
550 3491 684 3545 bonorum
694 3491 802 3559 copiam
816 3506 909 3544 secum
921 3488 1048 3543 deferunt
1076 3490 1242 3544 millenarios
1263 3490 1291 3542 in
1313 3489 1415 3542 mundo
1428 3505 1500 3542 mors
1516 3491 1710 3556 dominabitur,
1730 3494 1779 3548 sed
1793 3495 1912 3564 septimo

213 3576 312 3633 Erech
325 3584 366 3645 47,
379 3595 404 3630 r.
421 3583 443 3632 1.
479 3579 518 3630 Et
533 3595 566 3631 aa
578 3584 696 3646 utraque
704 3585 789 3646 parta
800 3576 925 3645 fluminis
942 3576 1047 3645 lipnum
1076 3574 1229 3630 millenario
1241 3575 1480 3645 appropinquante
1491 3575 1601 3631 devicta
1614 3577 1666 3631 erit
1678 3595 1758 3645 mors,
1778 3586 1806 3633 ct
1819 3581 1912 3647 electi,

212 3665 287 3719 uitas
304 3666 427 3733 afferens
440 3664 552 3727 fructus
566 3664 723 3731 duodecim,
736 3679 793 3731 per
806 3661 1047 3727 meusessinpulos
1075 3661 1167 3715 anima
1186 3668 1214 3715 et
1232 3675 1346 3729 corpore
1366 3659 1519 3730 glorificati,
1547 3661 1575 3714 in
1593 3663 1652 3716 rita
1671 3667 1785 3720 aeterua
1801 3684 1913 3735 semper

212 3752 336 3805 reddens
352 3751 478 3814 fructum
496 3768 590 3818 111111,
615 3756 640 3804 11
655 3750 732 3813 folia
753 3749 826 3818 lipns'
842 3752 882 3801 aab
898 3749 1047 3802 sanitatem
1075 3766 1136 3801 cum
1155 3748 1278 3801 Domino
1298 3755 1380 3800 erunt
1402 3753 1423 3802 1.
1441 3746 1535 3801 Thess.
1558 3754 1584 3816 4,
1601 3766 1625 3804 v.
1654 3756 1691 3805 li.
1724 3749 1912 3820 septimonia

214 3838 334 3907 ponticum
352 3835 440 3904 Apoe.
461 3841 585 3905 22,1.2.
610 3835 848 3901 Quemadmodum
869 3834 897 3887 in
917 3834 1047 3904 paradiso
1076 3833 1226 3888 concidunt
1260 3832 1447 3887 Hierichuntis
1479 3833 1588 3888 moenia
1617 3834 1676 3890 dos.
1702 3842 1726 3902 6,
1752 3855 1777 3892 v.
1803 3843 1842 3895 15,
1869 3840 1911 3895 sie

213 3922 335 3977 terrestri
354 3923 505 3976 constituta
522 3929 582 3977 erat
603 3923 688 3974 arbor
706 3922 779 3975 sitae
798 3925 912 3991 vegetas
929 3919 1047 3974 hominis
1075 3920 1193 3991 septimo
1213 3919 1366 3975 millenario
1386 3919 1481 3974 mundi
1500 3927 1609 3975 corruet
1628 3922 1794 3981 aedificium.
1820 3923 1910 3996 Septi-

94 4006 701 4076 111111111111111111111111111ς111111
721 4005 1049 4077 paradisocoelestierit
1076 4025 1137 4061 mus
1162 4007 1279 4078 quisque
1304 4024 1393 4062 annus
1419 4014 1478 4063 erat
1506 4024 1595 4062 annus
1623 4010 1723 4080 quietis
1751 4012 1779 4065 in
1805 4015 1910 4085 populo

211 4093 317 4164 liguum
338 4093 412 4147 ritae
426 4091 549 4145 diversos
569 4090 703 4145 bonorum
719 4096 747 4146 et
760 4092 924 4162 gaudiorum
940 4092 1047 4147 fructus
1075 4093 1226 4148 israelitico
1251 4099 1279 4148 et
1301 4100 1363 4164 post
1383 4094 1485 4164 septies
1504 4100 1610 4164 septem
1633 4113 1719 4150 annos
1742 4099 1911 4170 sequebatur

212 4177 340 4233 afferens.
376 4176 498 4249 Lignum
522 4177 591 4233 illud
617 4177 692 4232 vitae
716 4177 842 4232 Christus
870 4184 927 4246 est,
953 4195 970 4232 a
993 4196 1048 4249 quo
1069 4181 1216 4249 jubilaeus
1241 4179 1330 4233 Lavit.
1359 4185 1400 4234 25.
1442 4180 1558 4250 septimo
1597 4199 1691 4237 mense
1731 4184 1911 4241 celebrabant

211 4270 378 4335 promanant
395 4265 537 4327 universa,
565 4280 636 4335 quae
661 4265 825 4334 adplenum
845 4270 874 4319 et
895 4265 1047 4334 perfectam
1075 4267 1218 4320 israelitae
1242 4268 1350 4334 ,fastam
1375 4267 1621 4321 tabernaculorum
1649 4278 1675 4323 ct
1693 4273 1910 4339 propitiationis

214 4351 365 4406 electomm
386 4349 546 4405 felicitatem
567 4351 714 4419 pertinent
750 4352 797 4403 Ibi
820 4351 900 4405 electi
919 4354 955 4405 dc
972 4370 1048 4421 puro
1076 4352 1162 4408 Lavit.
1181 4359 1221 4421 16,
1244 4371 1267 4406 v.
1278 4358 1318 4408 29.
1340 4370 1386 4407 sex
1405 4352 1522 4423 hydriae
1534 4355 1642 4424 positae
1655 4363 1742 4426 erant,
1758 4357 1787 4412 in
1807 4361 1909 4431 quibus

213 4435 372 4506 sapientiae
394 4439 474 4502 fonte
500 4438 590 4489 bibent
615 4444 640 4489 ct
668 4439 703 4490 cle
722 4455 799 4506 puro
823 4438 955 4492 caritatis
976 4437 1050 4492 lacte
1075 4456 1149 4509 aqua
1179 4439 1401 4493 commutabatur
1428 4439 1456 4491 in
1486 4438 1581 4493 vinum
1605 4440 1668 4498 Joh
1692 4449 1716 4508 2,
1741 4463 1766 4498 r.
1793 4450 1817 4505 6,
1844 4446 1912 4501 hora

214 4524 312 4578 vicent.
347 4524 506 4578 Duodecim
525 4527 654 4594 fructus,
678 4542 746 4596 quos
771 4524 877 4595 lignum
903 4525 1048 4581 111111111-
1077 4525 1194 4595 septima
1214 4524 1365 4578 sanabatur
1384 4523 1457 4578 filius
1475 4525 1563 4596 reguli
1578 4526 1641 4582 Joh.
1657 4535 1681 4594 4,
1700 4548 1725 4586 r.
1740 4536 1781 4588 52.
1802 4532 1912 4589 baecet

214 4611 289 4682 gulis
317 4610 463 4666 duodecim
492 4609 632 4664 mensibus
657 4628 742 4666 noros
765 4611 889 4682 profert,
918 4611 946 4665 hi
972 4610 1177 4672 sunt22similia
1197 4611 1234 4678 pii
1254 4617 1360 4664 veteres
1378 4610 1523 4680 applicant
1542 4613 1578 4666 ad
1596 4614 1681 4669 sitam
1698 4623 1854 4686 aeternam,
1883 4620 2009 4673 1111111

216 4697 334 4751 Sanitm
353 4691 652 4765 11111111111111111,
671 4699 806 4767 juventus
826 4700 885 4751 sine
904 4679 1134 4793 serectute,=qua
1158 4701 1221 4766 post
1247 4701 1357 4751 exactos
1388 4714 1436 4751 sex
1461 4697 1630 4755 millenarios
1656 4702 1751 4757 mundi
1780 4712 1912 4774 sequetur

214 4785 330 4837 satiatae
349 4782 409 4836 1111
426 4783 566 4852 fastidio,
589 4784 705 4838 libertas
730 4785 791 4839 sinc
815 4784 959 4850 seruitute,
982 4784 1048 4854 pul·
1061 4798 1063 4835 1
1076 4789 1189 4838 aeterna
1210 4783 1302 4853 quies,
1323 4782 1448 4852 perfecta
1465 4785 1582 4854 sanitas,
1605 4785 1707 4843 festum
1723 4789 1909 4859 jubilationis,

215 4872 345 4925 abrasae
359 4871 464 4939 absque
476 4873 665 4938 deformitate,
686 4872 903 4941 impassibilitas
920 4872 980 4924 sine
998 4872 1048 4923 da·
1061 4839 1063 4906 l
1075 4870 1169 4924 vinnm
1193 4869 1316 4924 laetitiae
1340 4876 1369 4925 et
1395 4872 1591 4928 consolationis
1610 4881 1663 4930 etc.
1698 4876 1725 4944 3)
1748 4878 1907 4933 Sabbatum.

214 4957 289 5025 lore,
314 4957 492 5011 abundantia
508 4958 568 5011 sine
586 4959 758 5028 indipentia,
781 4976 843 5027 poa
862 4959 922 5010 sinc
936 4964 1048 5026 portur·
1061 4971 1062 5014 t
1076 4955 1180 5020 (11112,
1194 4974 1220 5010 ν.
1234 4962 1262 5011 2:
1283 4958 1361 5009 Deus
1380 4960 1513 5027 requievit
1531 4961 1577 5013 dic
1597 4962 1714 5030 septimo
1731 4971 1758 5016 11
1771 4964 1910 5019 benedicit

215 5044 340 5111 batione,
371 5045 509 5097 securitas
533 5046 636 5115 absque
660 5047 773 5108 timore,
797 5043 920 5113 capnitis
946 5043 1048 5111 absque
1076 5043 1630 5112 1111111111111111111111111111111.
1666 5049 1733 5104 Fuit
1758 5048 1825 5105 illud
1844 5053 1909 5108 sab·

216 5130 395 5198 ipncreutia,
422 5131 517 5199 picria
545 5132 605 5184 sine
632 5130 795 5200 ipnominio,
824 5129 960 5197 pendium
989 5131 1049 5182 sine
1075 5127 1169 5183 batum
1188 5135 1272 5198 typus
1292 5130 1395 5183 aeterni
1415 5131 1488 5185 illius
1511 5133 1620 5188 sabbati
1641 5135 1669 5188 in
1687 5136 1785 5203 coelis,
1807 5137 1836 5191 in
1854 5153 1910 5210 quo

215 5215 341 5278 tristitia,
363 5215 558 5272 Bonaventura
577 5216 606 5270 in
626 5215 709 5272 diuet.
730 5216 812 5268 salut.
832 5214 874 5268 tit.
900 5220 938 5270 16.
954 5231 1014 5285 cap.
1026 5221 1048 5269 t.
1075 5214 1157 5269 electi
1177 5215 1268 5269 anima
1287 5223 1315 5271 et
1333 5234 1448 5287 corpore
1466 5235 1483 5272 a
1500 5220 1631 5289 peccatis,
1655 5221 1862 5278 calamitatibus
1882 5230 1910 5280 et

216 5300 335 5355 Fructus
354 5301 395 5356 illi
414 5319 507 5357 veram
531 5307 559 5356 et
578 5306 718 5355 aeternam
743 5299 851 5353 animae
876 5316 909 5354 ac
926 5303 1049 5371 eorporis
1075 5301 1191 5355 miseriis
1208 5302 1292 5372 hujus
1311 5304 1386 5359 vitae
1403 5305 1584 5375 requiescent,
1606 5306 1683 5362 Deus
1700 5308 1728 5362 in
1748 5309 1802 5364 illis
1817 5316 1846 5366 et
1857 5311 1910 5382 ipsi

216 5387 363 5442 sanitatem
383 5386 501 5442 afferent
513 5404 546 5441 ao
560 5386 674 5454 singulis
683 5385 822 5441 mensibus
833 5386 1049 5454 renovabuntur,
1075 5388 1103 5441 in
1121 5388 1182 5444 Deo
1202 5389 1382 5460 requiescent.
1421 5392 1484 5446 Esa.
1503 5397 1545 5457 66,
1565 5411 1589 5448 v.
1612 5399 1658 5450 23:
1681 5396 1747 5449 Erit
1764 5398 1910 5452 sabbatum

218 5473 284 5547 quia
302 5472 465 5529 coelestium
481 5472 615 5532 bonorum
634 5471 711 5530 nulls
730 5489 852 5547 nuquam
870 5472 983 5532 satietas
1001 5480 1050 5530 aut
1076 5491 1108 5530 11
1125 5477 1247 5533 sabbato.
1269 5476 1353 5532 Hebr.
1375 5485 1399 5549 t,
1416 5496 1443 5534 r.
1464 5484 1491 5535 6:
1516 5480 1662 5552 Superest,
1684 5482 1805 5539 introire
1828 5501 1909 5557 quos·
