4050 6014
696 282 747 338 DE
768 283 1098 343 CONSUMMATIONE
1116 286 1260 346 sucum.
1765 298 1821 356 tas

163 442 203 495 11.
239 438 286 493 Ad
304 438 421 495 classem
434 439 619 509 posteriorem
638 438 778 510 pertinent
789 444 961 512 argumenta,
991 439 1157 512 hypothesin
1172 448 1384 512 empaectarum,
1403 442 1477 514 quod
1492 443 1585 499 omnia
1596 444 1624 498 in
1639 444 1735 501 eadem
1748 448 1824 502 statu

128 539 200 596 quae
226 523 366 579 ducuntur
395 529 420 583 1,
448 539 482 578 ss
507 525 656 594 primasca
683 527 782 580 isuadi
811 525 961 579 creatione.
990 527 1027 582 ab
1050 525 1129 583 initia
1151 529 1299 584 creationis
1320 530 1536 600 permanserint,
1572 529 1601 584 id
1627 530 1700 586 enim
1723 529 1822 586 fulsum

127 610 318 682 Quodcunque
341 609 434 681 coepit
457 627 533 678 esse,
564 610 635 666 illud
659 611 742 667 eham
767 611 869 667 desinit
894 627 962 676 esse,
989 629 1050 668 csse
1069 614 1190 670 ostendit
1207 614 1291 685 prisci
1311 613 1384 670 illius
1402 633 1452 686 per
1471 616 1608 672 diluvium
1625 617 1770 673 inundatio
1790 633 1824 672 ac

127 697 179 752 nisi
196 697 304 752 scilicet
321 697 358 752 sd
376 697 524 768 imaginem
542 698 597 753 Dei
621 698 784 754 immortalis
808 699 846 754 sit
869 697 962 752 condi·
989 700 1122 768 vastati03
1145 707 1205 755 tum
1223 718 1255 756 es
1272 701 1357 756 allato
1374 701 1473 756 diluvii
1499 703 1623 773 exemplo
1646 701 1823 759 asseveratio·

125 787 230 838 tumet
249 783 455 853 supernaturali
473 783 528 838 Dei
543 783 646 840 virtute
671 786 700 839 in
728 790 872 840 aeternum
896 783 960 838 sub·
989 802 1052 840 nem
1071 785 1159 840 futuri
1176 786 1304 841 interitus
1325 787 1421 843 mundi
1441 805 1491 859 per
1510 788 1604 859 ignem
1620 788 1772 858 deducere,
1793 795 1824 844 ut

125 870 223 938 nutat,
250 868 348 940 quales
365 885 399 924 ex
416 867 545 925 omnibus
563 872 696 927 creaturis
717 877 782 926 sunt
798 871 848 926 soli
867 870 961 941 augeli
988 870 1109 927 ostendit
1127 871 1271 927 antithesis
1289 889 1380 944 aquae
1405 877 1434 927 et
1450 873 1530 944 ignis.
1566 875 1686 944 Prosper
1703 873 1823 944 Aquita-

125 961 154 1011 et
173 954 306 1012 homines.
341 956 405 1013 lam
424 958 626 1012 veramundus
644 958 822 1028 coepitssse,
841 974 892 1027 per
903 954 961 1026 pri-
988 956 1065 1013 nicus
1084 958 1119 1012 de
1136 958 1261 1029 promise.
1279 966 1308 1014 st
1324 959 1457 1029 praedict.
1476 960 1529 1014 Dei
1547 966 1616 1030 part
1636 965 1659 1016 t.
1678 980 1701 1014 c.
1722 967 1736 1014 t
1746 979 1751 1012 :
1774 959 1822 1013 Fi·

125 1059 199 1098 mam
218 1042 326 1098 scilicet
347 1043 523 1099 emtionem.
558 1043 634 1113 Engo
659 1045 743 1099 etiam
768 1043 875 1098 desinet
892 1059 959 1108 esse,
988 1043 1032 1095 uis
1048 1044 1152 1098 diluvii
1168 1048 1230 1100 601.
1250 1063 1325 1101 auno
1351 1048 1413 1099 Noe'
1434 1046 1599 1099 terminatus
1621 1047 1703 1111 finem
1726 1044 1825 1099 sauttds‘

124 1145 188 1184 cum
205 1145 262 1184 nou
279 1128 317 1184 sit
334 1128 371 1183 ad
391 1128 539 1199 imaginem
557 1130 610 1185 Dei
630 1130 758 1185 conditus
784 1147 835 1184 nec
864 1144 959 1198 auper-
987 1129 1128 1197 sipoijicat
1154 1138 1221 1199 post
1250 1147 1298 1184 sec
1326 1138 1431 1185 aetates
1462 1132 1558 1186 scendi.
1593 1132 1641 1189 Ad
1665 1130 1717 1186 hoc
1741 1147 1823 1202 argu·

125 1213 245 1269 neutrali
263 1213 316 1268 Dei
334 1215 437 1270 virtute
454 1214 482 1269 iu
501 1220 644 1270 aeternum
662 1215 874 1271 consemundue.
899 1211 960 1267 Hoc
986 1221 1108 1270 mentum
1124 1216 1219 1271 reduci
1232 1223 1348 1287 possunt
1361 1217 1416 1292 alia
1426 1217 1636 1287 particularium
1648 1217 1822 1273 eversionum

124 1304 319 1371 argumentum
344 1298 445 1356 Petrus
472 1300 589 1370 opponit
613 1303 779 1372 lpeetssrasc
798 1299 900 1356 Christi
924 1300 960 1354 ad
986 1300 1015 1353 in
1034 1307 1124 1356 terrm
1142 1301 1262 1357 motibus
1282 1308 1311 1358 et
1336 1302 1566 1359 inundationibus
1590 1304 1733 1374 exempla,
1755 1322 1823 1373 qua-

121 1384 259 1455 judicinm
274 1385 426 1442 adventum
445 1403 480 1442 ac
497 1386 594 1441 mundi
622 1386 837 1443 destructionem
858 1402 959 1457 negau-
987 1403 1046 1441 nrm
1067 1388 1127 1458 jam
1145 1387 1210 1443 inde
1238 1406 1255 1442 a
1279 1389 1370 1459 prima
1395 1390 1490 1445 mundi
1516 1391 1623 1461 origine
1646 1390 1824 1461 contigerunt

125 1469 216 1542 tibus;
234 1475 258 1526 t.
276 1472 357 1543 epist
376 1478 401 1537 3,
420 1490 446 1528 v.
466 1479 496 1530 t:
515 1472 600 1527 laud
615 1480 716 1541 sponte
735 1473 880 1541 assistet
900 1488 960 1527 coe·
987 1472 1068 1543 longe
1085 1473 1210 1543 plurima
1246 1475 1418 1540 Nicomedia,
1438 1475 1552 1543 Nicaea,
1579 1475 1735 1540 Antiochia,
1760 1475 1824 1530 Tri-

124 1557 169 1611 los
186 1558 253 1626 jum
271 1557 340 1612 olim
359 1558 496 1613 semiim
513 1565 625 1613 erectas
645 1574 702 1628 pes·
723 1559 784 1612 Dei
807 1574 959 1614 ammonem
985 1559 1065 1629 polis,
1089 1560 1244 1615 Damascus
1270 1567 1321 1616 etc.
1345 1568 1436 1617 tarrae
1459 1562 1579 1618 motibus
1602 1579 1737 1618 concussa
1759 1578 1824 1617 oan-

124 1652 151 1699 et
169 1652 276 1699 tetram
295 1661 328 1697 es
346 1661 423 1713 apua
441 1651 469 1698 st
486 1644 517 1698 iss
536 1661 612 1714 apua
630 1644 838 1712 consistentem,
864 1645 893 1698 id
919 1649 961 1699 est
987 1645 1128 1711 ciderunt,
1153 1648 1289 1716 quaedam
1315 1647 1398 1703 urbes
1422 1648 1506 1704 maris
1529 1649 1661 1718 voragine
1685 1655 1714 1702 et
1733 1653 1824 1702 terrae

125 1734 226 1786 norunt
244 1729 357 1802 quidem
376 1734 427 1784 aut
442 1746 477 1784 ex
495 1729 580 1785 sacris
601 1727 689 1786 literis
705 1731 789 1786 facile
803 1730 960 1800 intelligere
986 1731 1065 1786 hiatu
1084 1740 1148 1787 sunt
1166 1732 1322 1803 absorptae.
1349 1735 1438 1806 Atqui
1456 1741 1489 1789 ut
1502 1735 1610 1806 judicia
1629 1734 1682 1789 Dei
1703 1734 1823 1803 particu-

125 1823 249 1888 possunt,
268 1816 401 1871 mundum
422 1833 482 1871 esse
503 1832 520 1870 a
540 1814 601 1872 Deo
619 1823 750 1881 creatum,
769 1816 819 1871 sed
838 1816 961 1872 studiose
987 1818 1073 1884 laria,
1102 1835 1176 1890 quae
1193 1819 1328 1874 adversans
1346 1820 1482 1876 ecclesiae
1499 1820 1592 1875 hastas
1616 1825 1644 1876 et
1659 1819 1824 1890 profligatas

123 1902 192 1959 illud
210 1902 397 1968 dissimulent,
421 1920 454 1957 ex
473 1918 506 1957 co
532 1918 598 1957 sero
621 1901 752 1973 colligere
775 1908 905 1974 poterant
928 1919 961 1956 sc
989 1904 1137 1973 impietatis
1155 1904 1280 1959 homines
1306 1912 1431 1969 exercet,
1457 1912 1521 1961 sunt
1547 1905 1692 1976 praeludis
1714 1905 1824 1962 unirer·

123 1987 272 2052 debebant,
292 1987 426 2044 mundum
444 1987 528 2043 etism
545 2004 605 2044 asse
624 1987 808 2044 interiturum.
846 1988 876 2044 Si
888 1987 961 2042 enim
987 1989 1052 2043 salis
1072 1989 1172 2060 judicii
1189 1990 1219 2044 iu
1236 1991 1281 2046 die
1301 1992 1450 2047 novissimo
1468 1992 1600 2047 musteus
1628 2008 1724 2046 omncs
1748 2006 1824 2047 exer·

81 2107 87 2110 -
123 2074 216 2146 potuit
232 2073 310 2129 Deus
327 2072 413 2128 verbo
432 2090 483 2128 suo
495 2073 629 2128 mundum
644 2090 746 2143 creare,
764 2074 862 2145 utique
875 2074 959 2128 etiam
987 2075 1076 2145 cendi,
1091 2076 1131 2130 sic
1149 2078 1330 2147 particulares
1349 2078 1415 2133 illae
1430 2077 1539 2134 urbium
1556 2076 1653 2133 ruinae
1666 2083 1731 2131 sunt
1742 2092 1822 2146 prae-

123 2161 303 2232 potamicum
321 2160 405 2215 serbo
422 2178 474 2215 suo
491 2161 591 2216 iterum
612 2160 765 2216 destruere.
801 2160 959 2231 Cyprianus
987 2161 1064 2217 ludis
1086 2161 1250 2217 umveraclis
1273 2163 1348 2218 illius
1374 2163 1489 2230 excidii,
1513 2180 1568 2235 quo
1591 2168 1667 2219 tatus
1688 2170 1823 2218 terramus

125 2247 173 2304 lib.
191 2246 228 2303 ad
243 2246 368 2302 Demetr.
388 2253 455 2301 sect.
467 2252 496 2302 t:
514 2247 595 2301 Haec
614 2247 752 2303 scatentia
771 2249 876 2301 mundo
890 2248 960 2299 duta
987 2247 1061 2303 orbis
1078 2248 1107 2306 iu
1127 2248 1173 2304 die
1192 2249 1292 2319 judicii
1312 2249 1446 2306 interibit.
1481 2255 1506 2310 3.
1531 2251 1578 2304 Es
1603 2258 1735 2304 secuta-u
1759 2249 1826 2303 aovi

124 2341 179 2400 cst,
205 2333 274 2388 buco
294 2332 354 2386 Dei
375 2332 421 2387 lea
444 2339 498 2396 est,
521 2340 552 2386 at
575 2334 670 2387 amaia
695 2340 759 2387 orta
783 2333 914 2388 occidant
934 2341 959 2385 et
986 2334 1059 2390 coeli
1074 2353 1215 2405 novaeque
1233 2344 1328 2392 terrae
1348 2335 1497 2390 erectione.
1533 2336 1561 2391 Si
1581 2336 1665 2406 juxta
1688 2334 1822 2390 infallibi-

123 2428 209 2475 uueto
226 2425 371 2475 meast
389 2426 415 2473 et
434 2420 609 2486 insinuentur
625 2419 734 2489 sortia,
760 2428 787 2475 et
803 2436 865 2474 cum
883 2419 960 2486 iufir-
985 2420 1039 2474 lem
1060 2420 1114 2475 Dei
1131 2421 1339 2492 promissionem
1356 2420 1507 2492 aliquando
1533 2437 1636 2477 uorum
1658 2421 1766 2476 coelum
1790 2437 1823 2474 sc

124 2514 202 2561 mata
216 2505 342 2572 fuerint,
362 2505 509 2576 finiantur.
543 2505 739 2578 Athenagoras
758 2506 786 2560 in
805 2505 890 2576 legat.
908 2522 960 2577 pro
986 2523 1057 2562 nova
1075 2512 1149 2562 terra
1167 2506 1320 2577 creabitur,
1343 2507 1439 2579 utique
1456 2511 1566 2578 oportet
1593 2507 1687 2577 priora
1711 2505 1824 2572 aboleri,

124 2592 286 2648 Christian:
303 2590 483 2660 Impossibile
501 2599 549 2655 ert,
567 2594 709 2656 mascam,
728 2607 887 2660 quanquam
900 2592 961 2644 Dei
986 2594 1052 2661 quia
1069 2596 1103 2647 ut
1118 2593 1205 2648 rerba
1221 2591 1350 2663 apostoli,
1377 2593 1432 2647 alio
1452 2599 1545 2649 tamen
1564 2591 1620 2647 fine
1639 2598 1666 2646 ct
1683 2607 1767 2662 scopo
1785 2590 1822 2647 sb

121 2678 304 2747 provideatis
321 2678 445 2748 sepitur,
468 2678 499 2732 iss
525 2678 623 2732 eadem
648 2678 757 2731 durare
780 2685 869 2745 statu,
893 2693 959 2747 auo·
985 2677 1045 2746 ipso
1064 2677 1185 2748 prolata,
1210 2677 1264 2734 buc
1290 2679 1542 2748 accommodemus,
1572 2680 1693 2733 timendo
1721 2693 1823 2731 uocum

124 2764 201 2819 taum
226 2765 324 2829 fasma
351 2771 400 2818 est.
440 2761 594 2818 ”Basilius
617 2762 689 2820 hom.
717 2769 738 2818 1.
764 2761 888 2817 hexaem
912 2761 959 2816 in:
986 2763 1143 2832 antiquavit
1156 2765 1249 2833 psius,
1267 2767 1345 2832 quod
1361 2773 1454 2820 autem
1471 2768 1638 2834 antiqsmtus·
1657 2771 1682 2819 ct
1696 2763 1823 2828 assuete,

124 2847 157 2906 si
176 2847 234 2906 sitsi
250 2844 359 2922 χρόνον
378 2844 519 2923 ἀρξάμενα
537 2852 616 2904 πᾶσα
637 2846 746 2920 ἀνάγκη
762 2853 810 2904 acl
825 2851 856 2904 ts
863 2845 959 2919 χρόνῳ
982 2866 1074 2919 prope
1091 2848 1234 2904 interitum
1253 2858 1294 2904 est
1311 2849 1396 2906 Hehr.
1410 2857 1435 2915 8,
1447 2869 1474 2906 v.
1492 2857 1531 2907 ta.
1556 2849 1679 2905 Pulchre
1695 2847 1823 2904 Clemens

123 2939 354 3006 ουνεελευοῆναε·
384 2943 411 2991 εἰ
436 2933 527 3012 ἀρχὴν
552 2938 609 3008 ἔχει
629 2933 782 3008 massaio,
805 2935 845 3009 μὴ
868 2933 960 3010 rippa·
985 2932 1126 2989 Romnum
1146 2934 1196 2991 lib.
1214 2941 1237 2991 3.
1256 2939 1409 3008 recognit:
1440 2939 1560 2992 Necesse
1580 2944 1628 3003 est,
1645 2942 1743 2989 testam
1760 2951 1822 2989 οοο-

123 3021 225 3101 titiiipe
241 3028 308 3098 περὶ
327 3030 378 3078 τοῦ
393 3020 528 3087 siiouc,*⁸
548 3039 620 3091 quae
632 3039 652 3076 u
666 3027 789 3090 tenpore
801 3029 960 3091 coeperunt,
984 3040 1057 3088 rum,
1075 3023 1201 3090 quamuis
1217 3023 1339 3092 pulchre
1355 3032 1380 3078 et
1397 3024 1549 3094 cls'lipesater
1568 3024 1703 3090 forticula
1721 3021 1820 3076 uideu-

118 3125 242 3179 prossus
259 3122 369 3163 emesae
390 3115 431 3162 est
453 3114 485 3160 at
507 3108 591 3161 etiam
617 3108 648 3160 its
671 3109 873 3177 temperarint
896 3123 960 3160 cou-
986 3114 1046 3176 tue,
1073 3108 1176 3176 fraspi
1193 3116 1219 3164 et
1236 3110 1356 3176 resolvi,
1381 3118 1411 3164 ut
1430 3111 1498 3164 istis
1513 3109 1612 3180 pullus
1632 3109 1773 3180 procedat
1796 3114 1824 3161 et

123 3197 308 3263 summosam·
334 3195 361 3247 si
384 3192 456 3262 quid
480 3193 593 3247 isitium
616 3192 698 3250 halet
726 3194 894 3262 temporale,
925 3210 960 3248 ue
986 3193 1077 3263 illud,
1096 3211 1152 3264 pro
1171 3212 1226 3264 pao
1244 3197 1329 3250 totius
1355 3196 1401 3250 oui
1425 3197 1523 3260 formu
1549 3210 1682 3264 οοροοεεο
1703 3194 1823 3257 sisium,

125 3281 232 3337 dubites
259 3282 296 3335 de
321 3282 385 3346 fias.
421 3278 556 3335 unctius
573 3277 653 3334 Felix
675 3278 706 3334 in
730 3278 859 3334 Octavio:
892 3279 960 3343 Quis
985 3287 1144 3350 apporeut,·
1168 3281 1210 3335 ita
1228 3290 1253 3335 et
1271 3283 1356 3351 hujus
1382 3283 1483 3337 muntii
1505 3297 1615 3337 messes
1638 3289 1677 3335 est
1701 3279 1823 3335 tratum

122 3367 280 3440 scps'ssstum
300 3366 425 3436 dubitat,
449 3368 512 3436 puis
532 3366 660 3436 ipsimi,
687 3366 783 3420 ommia
802 3382 875 3434 quae
895 3373 959 3420 orto
986 3375 1098 3435 statum,
1116 3375 1146 3420 ut
1165 3375 1256 3420 status
1276 3368 1327 3422 ille
1344 3369 1493 3423 sublimior
1510 3365 1822 3437 sepoiccelsstisefful·

122 3461 195 3518 sust,
212 3454 349 3517 occidere,
365 3454 531 3522 quaefacta
543 3461 616 3518 suat,
633 3452 772 3507 interiret
797 3450 961 3506 ualentius
986 3460 1056 3521 psat.
1091 3459 1116 3510 4.
1136 3454 1183 3506 Es
1194 3453 1323 3522 postium
1340 3456 1442 3509 muudi
1456 3454 1644 3525 corruptione.
1681 3450 1823 3519 Quotidia-

123 3538 169 3596 lib.
197 3546 220 3594 t.
243 3539 329 3596 naut
351 3555 377 3597 c.
398 3545 426 3596 t:
463 3538 612 3609 Quidquid
634 3546 676 3592 est
703 3538 798 3593 solido
824 3544 851 3590 st
878 3536 962 3606 pram
987 3555 1041 3595 nse
1066 3544 1132 3594 sunt
1155 3539 1185 3594 iu
1202 3540 1305 3595 munda
1323 3540 1533 3611 generationum
1558 3555 1592 3594 ac
1615 3538 1822 3608 corruptionum

123 3642 255 3698 corpore,
272 3632 303 3681 ut
321 3624 435 3679 isitium
451 3624 542 3693 coepit
563 3624 738 3694 aliptaado,
758 3623 800 3676 ita
817 3624 899 3687 ficem
916 3638 960 3674 cu·
987 3625 1200 3693 vicissitudines,
1218 3642 1252 3681 ac
1268 3631 1362 3696 partes
1381 3626 1476 3681 mundi
1493 3626 1619 3681 videmus
1631 3623 1752 3688 interire,
1768 3622 1823 3677 uti·

119 3714 184 3784 piat
204 3727 314 3768 maesse
330 3720 378 3767 est.
404 3709 594 3766 Damascenua
614 3709 661 3765 lib.
684 3717 704 3766 t.
719 3708 825 3764 orthod.
837 3706 884 3763 fid
895 3725 919 3762 o.
931 3712 962 3774 3,
987 3727 1042 3784 qus
1061 3728 1127 3783 ergo
1146 3717 1222 3767 totus
1247 3712 1399 3783 aliquando
1422 3710 1555 3768 interibit.
1591 3709 1756 3766 usurum
1774 3701 1840 3765 lib,

123 3800 157 3854 sd
178 3796 276 3855 artasii
295 3793 364 3854 ὄντα
384 3794 496 3859 πάντες
510 3802 559 3851 καὶ
579 3792 696 3872 spensti,
713 3783 752 3850 ais
772 3796 825 3868 peip
844 3794 876 3850 si
889 3795 961 3850 risus
989 3805 1011 3853 l.
1025 3798 1089 3853 inst.
1110 3814 1133 3853 c.
1149 3805 1179 3856 1:
1198 3797 1268 3853 Cum
1285 3807 1391 3854 tetrum
1408 3807 1434 3853 st
1452 3815 1556 3869 uquam
1575 3807 1601 3852 st
1619 3798 1710 3865 ipsam
1727 3797 1822 3867 dispe·

123 3883 182 3941 sitsi
207 3890 313 3960 τροπῆς
337 3883 452 3960 ἤρξατο,
484 3893 571 3939 ταῦτα
598 3889 632 3959 τῇ
659 3889 750 3960 τροπῇ
783 3883 960 3938 ὑποκείσεται
987 3886 1058 3954 rire,
1087 3886 1213 3941 consumi
1242 3886 1433 3956 ssstiopuipue
1468 3887 1629 3954 uideamus,
1661 3900 1732 3955 quae
1758 3891 1822 3938 sunt

123 3967 252 4039 πάντες,
279 3978 305 4029 sl
324 3968 501 4045 φθειρόμενα
518 3967 536 4038 ἢ
555 3970 626 4026 κατὰ
645 3976 813 4044 προαίρεσεν
830 3966 960 4023 ditesci-
988 3973 1083 4043 utique
1100 3972 1200 4027 muudi
1209 3980 1319 4042 partes,
1336 3972 1515 4042 iutellips'tur,
1534 3973 1567 4027 id
1581 3979 1668 4027 totum
1679 3987 1834 4026 essemus»

122 4079 203 4133 patu.
228 4064 253 4114 2.
271 4058 318 4113 Ec
330 4059 420 4128 primi
430 4059 531 4111 muudi
544 4074 601 4125 per
613 4056 751 4111 dilucium
766 4056 960 4111 delineatione.
987 4059 1057 4128 tole,
1082 4060 1165 4128 cujas
1188 4059 1313 4114 membru
1338 4066 1402 4112 suut
1420 4058 1564 4114 mortalia.
1599 4057 1774 4128 Angustmu
1791 4054 1834 4110 in'

123 4145 185 4202 Hoc
201 4151 367 4216 argumento
385 4144 482 4200 itidem
500 4144 587 4200 utitur
607 4144 750 4214 apostolus
769 4160 795 4196 s.
813 4148 837 4199 6.
856 4140 898 4198 δι’
921 4128 961 4195 ὧν
988 4150 1093 4217 quaest
1113 4144 1148 4200 V.
1165 4143 1199 4200 Τ.
1220 4161 1246 4215 q.
1265 4149 1315 4201 ts:
1345 4146 1402 4198 lies
1422 4154 1538 4201 caeso
1555 4144 1747 4199 diversitatem
1772 4142 1822 4194 ab·

123 4232 148 4285 is
166 4232 218 4302 qui
242 4241 308 4286 tusc
330 4238 393 4287 erut
416 4232 553 4298 muudus,
577 4247 654 4299 apua
678 4230 841 4288 insecutus
856 4229 961 4297 pariat
987 4233 1090 4300 larsa,
1107 4249 1169 4285 cum
1186 4232 1225 4285 sit
1242 4246 1293 4286 asc
1309 4240 1394 4301 tuctu,
1413 4248 1464 4287 aec
1478 4232 1540 4285 sisu
1559 4231 1709 4298 cupienda,
1727 4234 1821 4296 utpote

123 4336 148 4372 v.
167 4324 192 4375 t.
210 4318 433 4389 praeessemus
453 4324 519 4371 sust
538 4317 625 4385 coeli,
648 4318 746 4370 eodem
763 4331 891 4369 sermone
915 4331 958 4368 re·
987 4318 1254 4389 incorporalss512ic
1270 4325 1364 4372 cutem
1385 4320 1528 4388 (massarius)
1543 4315 1677 4385 passioni
1688 4314 1821 4368 omasus

121 4403 211 4474 positi
231 4411 379 4458 aoeaastus
402 4403 464 4472 ipsi
484 4404 514 4456 s'a
541 4403 616 4456 diem
636 4401 751 4470 judicii.
788 4399 957 4455 Particulam
986 4413 1040 4473 est,
1060 4405 1129 4473 puio
1145 4411 1171 4458 st
1189 4421 1265 4473 aqua
1283 4411 1424 4474 repupsat
1452 4403 1526 4472 ipsi,
1550 4411 1577 4456 et
1601 4401 1690 4469 ipsis,
1712 4402 1741 4454 si
1763 4417 1821 4454 cm·

124 4487 166 4547 ds'
190 4479 231 4547 sis
255 4492 371 4560 vulgata
394 4488 517 4546 reddidit
539 4488 657 4543 relative
677 4503 732 4557 pes·
755 4504 840 4557 puae,
867 4494 899 4540 ut
916 4501 957 4540 re·
980 4490 1063 4560 plius
1080 4490 1183 4561 faerit,
1210 4498 1326 4558 superat
1345 4507 1463 4558 amcam,
1488 4496 1513 4542 et
1528 4495 1606 4542 terra
1626 4503 1689 4541 cum
1712 4486 1750 4540 ss't
1771 4503 1822 4541 ssa·

122 4582 234 4649 spectus
252 4576 388 4632 habeatur
404 4575 441 4631 ad
460 4591 569 4631 versum
586 4582 609 4631 5.
623 4573 842 4646 praecedentem,
860 4572 889 4626 in
902 4587 958 4642 quo
984 4586 1050 4630 tara
1069 4576 1156 4630 arida
1176 4584 1202 4630 et
1216 4577 1345 4645 sripida,
1363 4575 1474 4645 patitur
1488 4573 1656 4642 incendium,
1676 4572 1761 4642 pscsi
1775 4590 1822 4629 res

123 4681 212 4736 equae
235 4669 264 4719 et
284 4661 363 4720 verbi
382 4661 471 4718 divini
492 4663 570 4717 iacta
591 4660 646 4717 init
669 4660 785 4727 mendo,
809 4675 860 4729 per
885 4673 958 4729 quae
983 4661 1149 4732 corporalis.
1180 4663 1283 4731 Itaque
1302 4661 1499 4716 inconveniens
1518 4668 1560 4716 ast
1579 4662 1713 4715 mumdum
1732 4665 1823 4714 aetem

123 4748 347 4806 mtedilusianus
360 4748 480 4804 mundus
501 4747 609 4804 excidio
627 4747 682 4802 tuit
697 4746 786 4801 datus.
819 4743 957 4800 Lutherus
984 4766 1049 4802 aum
1067 4747 1171 4814 dicere,
1190 4764 1272 4818 quem
1289 4765 1352 4802 cum
1370 4748 1496 4802 videmus
1512 4746 1644 4819 passioni
1660 4747 1823 4815 subiectam,

121 4835 204 4892 vertit
223 4835 409 4903 cdrmsmios,
426 4834 552 4906 quamvis
572 4839 646 4889 terra
659 4833 713 4889 Dei
725 4833 808 4904 jussu
825 4830 958 4887 consistat
984 4841 1010 4888 et
1028 4848 1083 4906 per
1104 4835 1201 4889 seculo
1218 4841 1355 4888 arrestata
1374 4835 1493 4902 deficere
1519 4834 1660 4888 credimus
1684 4840 1710 4887 ct
1730 4831 1822 4900 fiairi.

121 4921 162 4977 δι’
183 4924 286 4984 ὕδατος
311 4921 370 4977 sive
394 4925 425 4978 ts
443 4923 526 4977 itast
552 4927 685 4992 tanquam
704 4919 745 4974 illi
760 4920 890 4974 innatans
914 4917 965 4973 vel
985 4920 1106 4977 Mundus
1124 4927 1167 4976 est
1184 4923 1389 4997 ἑτεροκίεητον,
1416 4919 1445 4973 id
1465 4925 1508 4976 est
1526 4920 1638 4976 aliunde
1661 4919 1768 4990 regitur
1789 4934 1822 4973 ac

121 5023 292 5081 praequam
314 5006 555 5079 tanquambasin,
572 5006 618 5061 cni
637 5004 774 5060 incumbit
789 5003 894 5062 Psalm,
915 5009 957 5071 ts,
984 5011 1122 5075 movetur,
1145 5014 1189 5061 ast
1213 5002 1467 5081 trspcsvssertxo's,
1498 5006 1612 5062 aliunde
1636 5009 1822 5072 conservatur,

122 5112 148 5149 v.
167 5099 193 5153 2.
211 5093 316 5150 Psalm.
337 5099 393 5161 stt,
411 5111 437 5147 v.
457 5099 481 5148 6.
499 5101 591 5148 tames
609 5092 708 5148 eodem
720 5091 774 5146 Dei
791 5092 873 5162 jussu
884 5106 959 5161 aqua
985 5099 1014 5149 et
1027 5091 1076 5146 illa
1092 5108 1178 5148 causa
1195 5092 1287 5164 prims
1305 5107 1406 5164 regens
1424 5098 1453 5148 et
1471 5107 1637 5147 conservans
1656 5090 1742 5147 libare
1754 5089 1823 5163 agit,

10 5180 265 5251 x1‚2,‚primseso
284 5181 388 5237 mundo
406 5180 461 5237 fnit
478 5174 657 5256 iterpretati
675 5176 868 5234 sivearitialis
893 5176 959 5241 Qui·
986 5195 1054 5250 argo
1074 5178 1273 5250 manumoperi
1286 5179 1474 5247 subtrahente,
1496 5183 1585 5234 totum
1597 5176 1698 5234 collabi
1710 5194 1823 5234 necoess

123 5267 188 5321 άεει
205 5266 327 5321 reddum
343 5267 453 5322 illatiss
470 5267 663 5337 pmmolsem,
689 5283 745 5338 quo
770 5280 853 5320 sensu
876 5263 959 5319 etiam
987 5273 1037 5321 est.
1072 5273 1097 5321 5.
1124 5267 1170 5320 Ec
1196 5266 1383 5335 quotidianus
1407 5264 1595 5336 superissuiae
1621 5265 1823 5329 iudicatione.

124 5359 274 5424 usurpetur
292 5368 316 5408 c.
338 5358 361 5420 1,
377 5371 403 5412 s.
424 5359 449 5408 4.
478 5351 552 5417 Quia
568 5358 643 5407 terra
660 5368 692 5406 er
711 5367 785 5423 aqua
802 5357 830 5406 et
847 5351 961 5421 iusque
987 5352 1104 5408 Constat
1119 5351 1233 5424 publico
1251 5358 1280 5409 et
1298 5353 1328 5407 in
1344 5352 1440 5409 oculos
1458 5351 1580 5406 omnium
1598 5351 1757 5406 incurrente
1777 5366 1822 5406 ex·

124 5438 261 5508 conasse,
280 5438 344 5494 ideo
361 5437 523 5495 tscuumum
537 5435 599 5492 Deo
614 5436 669 5492 fuit
682 5437 763 5509 aquis
775 5436 872 5492 diluvii
883 5453 961 5493 mun·
988 5437 1142 5509 parientiae
1160 5438 1329 5507 testimonio,
1348 5442 1435 5494 totam
1448 5453 1539 5493 rerum
1550 5442 1679 5492 naturam
1690 5451 1724 5491 ac
1737 5436 1822 5492 tatius

124 5524 191 5582 dum
219 5525 343 5596 perdere.
379 5523 486 5595 Scopas
514 5522 632 5595 apostoli
660 5530 717 5591 est,
747 5530 806 5578 tum
834 5521 962 5580 Medera
989 5525 1109 5581 universi
1128 5525 1227 5581 molem
1245 5523 1370 5596 quotidie
1387 5523 1476 5594 magis
1501 5523 1645 5596 magisque
1667 5521 1704 5579 sd
1728 5520 1834 5578 intest,
