4012 6022
688 255 740 310 DE
758 254 942 310 EXTREMO
963 254 1124 312 JUDICIO.
1713 265 1752 324 53

60 406 131 461 aare
147 405 271 460 demissis
289 407 319 460 in
340 408 417 463 coeio
443 418 601 478 apparente
630 428 644 464 e
665 411 780 478 restipio
807 428 892 478 opno-
904 412 907 424 '
919 408 1030 464 illorum
1047 410 1280 480 praedicationem
1299 410 1429 466 credituri
1448 417 1543 479 erant,
1567 409 1653 466 istaec
1678 410 1755 466 dicta

59 498 141 560 arent,
159 494 235 546 rende
255 501 383 547 notanter
402 496 463 548 dici
480 515 498 549 a
517 494 637 563 Cirrata,
655 499 732 566 quod
751 498 845 550 statim
864 504 893 549 ut
919 497 990 560 sint,
1017 503 1135 567 apparet
1153 513 1185 552 ex
1205 497 1266 568 ipso
1286 496 1432 554 verborum
1451 513 1519 553 sono
1539 514 1565 551 r.
1584 503 1633 553 ra:
1666 496 1753 560 Quia-

59 578 226 646 apparnerit
245 581 355 646 eipnum
374 580 447 634 Filii
466 582 596 651 hominiis,
616 582 705 635 tribue
723 591 894 636 terraemota
920 584 990 652 quiri
1017 584 1126 644 fecistis
1149 584 1201 637 nni
1225 586 1259 637 de
1287 584 1329 636 die
1353 584 1496 648 fratribus
1525 584 1593 636 maie
1622 584 1753 648 minimis,

59 664 112 717 rint
136 663 316 732 plancturae.
352 665 451 722 hlatth.
478 671 521 734 tt,
546 686 572 725 v.
599 672 639 723 30.
675 667 754 723 Idem
785 667 895 722 videtur
918 669 990 723 mihi
999 670 1123 738 jecistis,
1143 676 1172 724 et
1189 687 1215 726 r.
1234 676 1274 725 tt.
1294 671 1371 738 qnod
1389 688 1444 723 non
1460 670 1570 733 fecistis
1587 670 1637 722 uni
1655 672 1690 725 de
1709 670 1754 724 un

58 747 191 805 Batradio
211 755 278 808 tom.
299 754 322 806 3.
349 768 427 808 conc.
448 769 545 824 evang.
571 754 618 809 lib.
636 759 659 810 9.
679 770 701 809 c.
723 761 763 811 ts.
785 772 812 825 p.
835 759 894 810 608.
921 755 1051 817 minimis,
1072 756 1142 809 milei
1159 773 1215 808 non
1230 755 1351 823 ferietis,
1368 753 1415 808 ubi
1436 754 1575 811 deserenda
1587 752 1694 811 τούτων
1712 761 1756 810 est

58 835 226 896 infidelibus
255 837 385 902 niumm,
414 839 518 910 inquit,
553 841 665 908 ipnotue
690 849 731 894 eet
759 840 894 894 Clerietrre.
921 841 1003 896 valde
1020 841 1221 912 emphaticum,
1250 840 1368 912 digitum
1388 841 1461 895 enim
1487 840 1609 894 intendit
1634 841 1662 894 in
1688 857 1754 912 apo-

59 922 138 991 Erpo
156 941 213 977 nan
232 924 305 977 dicet
323 924 384 978 illis
403 927 552 991 Dominus,
571 927 678 981 sarriri
696 936 721 981 et
739 946 795 981 non
815 927 894 980 aeur'·
922 927 1008 983 stoios
1026 933 1055 982 et
1073 944 1166 982 eorum
1190 927 1218 981 in
1245 926 1360 997 penuria
1389 931 1546 991 consortes,
1572 926 1620 998 qui
1647 927 1676 981 in
1701 927 1755 983 hoc

59 1008 108 1060 stis
125 1008 198 1062 milti
215 998 397 1064 nranducare.
431 1011 574 1074 Quomodo
588 1016 661 1067 enim
675 1022 792 1082 possent
804 1015 895 1068 eibum
922 1015 1025 1069 mundo
1044 1014 1162 1069 aliorum
1182 1012 1366 1070 beneficentia
1385 1012 1430 1068 vel
1447 1014 1565 1067 maxime
1583 1012 1754 1084 indigebant.

10 1107 47 1149 ιδ.
61 1095 129 1147 dare
149 1092 269 1162 Christo,
295 1097 387 1149 idest
410 1100 586 1167 pauperihus
604 1113 724 1169 propter
744 1098 895 1167 Christum,
923 1101 1035 1154 interim
1058 1107 1089 1155 ut
1107 1102 1232 1171 proxime
1249 1099 1462 1171 praecedentem
1480 1099 1642 1170 parabolam
1656 1117 1756 1154 secun-

58 1181 83 1233 si
101 1181 242 1234 Christum
260 1200 317 1234 non
336 1188 513 1252 apnascuntt
547 1186 636 1257 Atqui
656 1203 711 1242 non
729 1186 818 1242 solum
837 1185 893 1241 eth-
921 1186 999 1242 dario
1018 1192 1046 1241 et
1064 1188 1203 1243 extensive
1224 1187 1260 1242 ad
1280 1203 1374 1243 omnes
1401 1185 1496 1241 referri
1523 1202 1605 1256 posse
1628 1185 1756 1256 diximus,

58 1265 111 1320 nici
140 1273 169 1321 et
187 1265 327 1332 infideles,
350 1270 399 1322 sed
424 1270 507 1324 etiam
532 1271 696 1342 hypocritae
722 1272 751 1325 in
776 1271 895 1326 ecclesia
921 1273 961 1327 ita
979 1289 1090 1345 quoque
1108 1274 1161 1328 hoc
1181 1273 1242 1328 loco
1263 1272 1315 1326 sub
1330 1271 1460 1343 operibus
1477 1271 1682 1327 misericordiae
1696 1288 1757 1328 cor·

60 1368 136 1406 suam
157 1353 252 1406 statim
271 1361 424 1425 agnoscent
442 1356 649 1413 damnationem
668 1374 700 1411 ex
715 1358 775 1428 ipso
789 1357 895 1427 judicis
921 1358 1061 1428 poralibus
1081 1360 1195 1430 quaeris
1215 1376 1299 1430 opera
1317 1358 1474 1414 dilectionis
1495 1375 1527 1412 ac
1541 1359 1658 1428 proinde
1671 1358 1757 1412 etiam

58 1445 225 1508 conspectu3
246 1440 285 1510 pii
300 1441 374 1494 enim
393 1447 421 1495 et
436 1442 517 1497 electi
535 1450 681 1514 resurgent
701 1461 764 1499 cum
778 1459 895 1515 corpore
923 1461 1007 1514 opera
1026 1445 1232 1501 misericordiae
1249 1445 1415 1515 spiritualia,
1434 1445 1559 1515 adeoque
1573 1445 1665 1500 omnia
1676 1460 1757 1499 verae

61 1524 217 1594 glorificato
236 1533 263 1580 et
280 1526 406 1596 judicem
425 1528 559 1584 videbunt
579 1547 687 1583 summa
703 1546 766 1584 cum
781 1529 896 1593 laetitia,
923 1529 988 1587 fidei
1015 1530 1116 1586 effecta
1140 1538 1168 1586 et
1190 1531 1293 1586 indicia
1320 1531 1460 1586 extensive
1490 1529 1606 1601 intelligi
1634 1535 1758 1600 possunt.

64 1609 138 1680 impii
155 1626 222 1666 vero
245 1617 274 1666 et
291 1613 414 1668 damnati
432 1622 579 1685 resurgent
596 1632 658 1670 com
675 1632 791 1687 corpore
809 1615 894 1686 passi·
923 1616 1032 1686 Scopas
1049 1617 1121 1672 enim
1140 1616 1242 1671 Christi
1262 1623 1304 1672 est
1324 1617 1432 1680 docere,
1460 1617 1535 1686 quod
1556 1615 1694 1685 judicium
1715 1616 1760 1669 in-

64 1694 110 1750 bili
128 1704 159 1752 et
181 1699 304 1769 judicem
327 1700 462 1756 videbunt
483 1719 590 1757 summa
615 1720 678 1756 cum
702 1702 897 1773 trepidatione,
923 1702 1093 1758 stituendum
1113 1704 1149 1757 sit
1166 1708 1319 1759 secandum
1338 1720 1426 1775 opera
1447 1709 1581 1772 tanquam
1601 1708 1715 1757 externa
1733 1708 1761 1756 et

65 1781 160 1854 suique
180 1785 340 1854 ignominia
376 1786 458 1842 Adde
479 1788 554 1857 quod
584 1789 612 1842 in
631 1805 746 1843 numero
771 1786 898 1841 incredu·
923 1788 1043 1843 risibilia
1061 1788 1126 1843 fidei
1146 1789 1263 1843 interius
1291 1789 1320 1843 in
1340 1789 1424 1844 corde
1449 1788 1562 1842 latentis
1594 1788 1759 1845 testimonia.
1774 1797 1829 1840 m
1845 1798 1891 1841 tes.

67 1867 149 1923 lorum
168 1886 224 1925 non
244 1871 332 1926 solum
351 1874 481 1928 censendi
501 1874 557 1928 sint
581 1873 683 1929 ethnici
709 1880 787 1929 extra
811 1872 897 1928 eccle·
923 1874 1067 1945 Erigitur
1085 1891 1170 1945 opera
1188 1881 1392 1936 commemorat,
1413 1891 1485 1944 quae
1504 1891 1536 1929 ex
1555 1873 1704 1930 dilectione
1718 1874 1759 1928 in·

66 1953 137 2023 dam,
157 1956 205 2009 sed
225 1956 307 2010 etiam
328 1958 492 2029 hypocritae
511 1960 539 2013 in
560 1962 690 2028 ecclesia,
717 1966 814 2030 utpote
832 1975 898 2013 vera
924 1959 1038 2014 dividua
1054 1959 1117 2015 fidei
1136 1961 1237 2016 comite
1258 1960 1320 2014 Gal.
1339 1967 1363 2028 5,
1384 1978 1407 2014 v.
1427 1965 1451 2015 6.
1472 1958 1606 2029 oriuntur,
1626 1976 1697 2031 qnae
1715 1960 1760 2015 vel

67 2046 89 2093 et
106 2039 232 2095 salvifica
242 2041 296 2096 tide
310 2060 361 2113 per
374 2044 517 2099 caritatem
530 2045 644 2101 efficace
659 2045 799 2110 destituti3
817 2051 897 2116 quot·
924 2045 1042 2100 maxime
1061 2046 1096 2099 ad
1115 2046 1344 2100 sustentationem
1370 2045 1445 2099 vitae
1469 2044 1607 2116 indigenti
1632 2045 1759 2116 proximo

67 2131 129 2195 quot
150 2126 222 2180 enim
240 2127 460 2197 damnabuntur,
486 2129 525 2183 illi
544 2137 657 2201 propter
677 2130 896 2185 incredulitatem
923 2132 1176 2199 necessariarum,
1199 2131 1337 2202 aquibus
1362 2145 1442 2186 nemo
1468 2146 1497 2184 se
1520 2130 1603 2185 facile
1628 2148 1761 2187 excusare

68 2217 195 2282 tanquam
215 2228 326 2266 causam
346 2214 531 2269 immediatam
551 2217 692 2286 propriam
713 2223 741 2271 et
758 2216 897 2286 adaequa·
924 2223 1026 2287 potest,
1048 2217 1084 2272 ad
1103 2234 1174 2288 quae
1193 2217 1253 2287 ipsa
1270 2217 1429 2271 humanitas
1448 2219 1573 2288 quemvis
1587 2217 1712 2288 impellit,
1732 2223 1760 2273 et

68 2302 117 2350 tam
136 2296 325 2354 damnationis
342 2317 359 2354 a
379 2303 467 2356 salute
486 2302 676 2358 excludentur.
704 2301 897 2364 Joh.3‚v.3o=
925 2303 960 2357 ad
979 2319 1053 2375 quae
1071 2303 1180 2374 reliqua
1203 2302 1278 2358 bona
1300 2318 1385 2374 opera
1408 2303 1552 2358 commode
1579 2302 1675 2357 reduci
1698 2318 1761 2372 pos-

70 2381 120 2444 Qui
137 2401 193 2437 non
214 2386 306 2437 eredit
327 2386 357 2439 in
375 2387 498 2453 Filium,
524 2406 580 2441 non
598 2389 702 2442 ridebit
721 2390 823 2454 eitam,
848 2390 900 2441 eerl
925 2396 997 2445 sunt.
1033 2388 1200 2459 Euthymios
1218 2389 1244 2444 d.
1264 2389 1297 2444 l.:
1331 2392 1377 2443 De
1403 2391 1466 2443 sola
1493 2389 1614 2442 caritate
1636 2389 1761 2453 disserit,

68 2467 107 2521 ira
137 2470 197 2523 Dei
223 2472 345 2524 manebit
370 2489 455 2541 super
482 2491 550 2529 eum.
586 2475 764 2545 Augustinus
784 2473 830 2528 lib.
858 2479 897 2528 21.
924 2493 980 2528 non
1007 2477 1085 2546 quod
1110 2484 1202 2530 cetera
1234 2476 1278 2530 vel
1309 2476 1449 2543 justorum
1480 2477 1553 2528 bana
1585 2491 1690 2545 opera,
1718 2475 1762 2528 rel

68 2552 97 2608 de
113 2553 166 2610 civ.
186 2555 241 2610 Dei
259 2573 284 2614 c.
305 2562 346 2613 27.
365 2563 393 2612 et
411 2576 489 2615 serm.
506 2565 546 2615 50.
565 2559 743 2631 detempore
760 2559 792 2624 (si
804 2566 897 2614 tamen
921 2570 1101 2632 peccatoram
1120 2561 1224 2614 delicta
1241 2563 1301 2616 eine
1316 2561 1520 2614 enaminatrhne
1532 2561 1576 2615 ael
1588 2561 1762 2614 discursione

67 2638 170 2696 illorum
191 2658 346 2698 sermonum
364 2644 541 2716 Augustinus
558 2654 656 2702 auctor
675 2648 727 2713 est)
752 2646 897 2712 existimat,
923 2647 1112 2716 relinquenda
1131 2653 1204 2714 eant,
1228 2649 1281 2700 sed
1298 2649 1467 2707 confirmare
1487 2646 1592 2713 rolens,
1617 2648 1695 2715 quod
1714 2662 1760 2699 ea·

69 2727 124 2781 sola
143 2728 359 2783 misericordiae
384 2749 472 2802 opera
489 2742 646 2803 propterea
671 2734 792 2802 requiri,
821 2732 898 2801 quod
923 2735 1035 2786 ritatem
1057 2735 1137 2786 Dens
1157 2733 1276 2786 manime
1294 2734 1427 2802 requirit,
1452 2740 1477 2785 et
1495 2731 1566 2784 tane
1583 2747 1657 2800 prae
1675 2732 1760 2784 onini-

65 2822 179 2880 peceata
202 2815 313 2884 reliqua
338 2817 399 2870 illis
422 2820 569 2886 putruerint
594 2820 713 2888 cepioni.
749 2817 803 2874 Sed
828 2816 897 2870 haec
924 2821 974 2872 tus
994 2820 1105 2887 expetit,
1124 2826 1219 2888 utpote
1237 2818 1405 2870 Christianis
1423 2818 1543 2871 inarime
1563 2817 1760 2885 necessariam,

67 2898 204 2967 responsio
223 2900 369 2973 analogiae
385 2901 451 2956 fidei
471 2904 561 2957 minus
581 2919 706 2973 congrua
724 2908 773 2967 est,
793 2901 896 2974 quippe
925 2906 1060 2974 cujusque
1080 2905 1152 2957 enirn
1169 2902 1327 2957 Christiani
1345 2904 1463 2970 iurique,
1482 2920 1536 2971 quo
1556 2902 1686 2968 dipnoser'
1697 2908 1761 2970 pot·

68 2998 133 3052 quac
152 2984 182 3039 in
201 2985 261 3042 solo
281 2986 384 3042 Christi
403 2989 502 3044 merito
522 2989 740 3044 satisfactionem
763 3006 814 3059 pro
839 3004 902 3058 pec·
924 3001 972 3056 eet,
994 2999 1034 3044 est
1054 2991 1178 3054 dilectio,
1196 2990 1281 3058 hujus
1299 2997 1392 3043 nartem
1413 2990 1521 3057 optima
1538 3005 1610 3057 pars
1631 2995 1671 3040 est
1688 3005 1760 3056 pau-

66 3069 145 3138 entis,
179 3087 331 3144 eorumque
361 3091 453 3129 coram
483 3074 536 3130 Dei
573 3075 680 3147 judicio
715 3074 900 3145 expiationem
922 3095 1022 3147 perum
1042 3095 1123 3130 arnor
1142 3085 1167 3129 et
1187 3093 1257 3146 erpa
1269 3076 1430 3145 proximum
1450 3075 1608 3143 compassio
1627 3091 1661 3127 ac
1681 3074 1760 3126 mese·

66 3155 142 3210 unice
169 3158 358 3226 quaerendem
379 3153 439 3214 e'sse
461 3147 559 3230 doces:
580 3166 612 3216 ut
629 3161 696 3216 alibi
713 3159 825 3231 plenius
845 3158 899 3213 fuit
925 3163 1067 3228 ricae-dia,
1087 3164 1154 3231 quia
1166 3163 1253 3230 jueta
1275 3160 1446 3228 Greporinm
1469 3159 1654 3227 Theotmum,
1679 3160 1761 3213 nulia

65 3239 288 3299 demonstratum.
323 3245 534 3316 simplicissima
564 3246 706 3316 responsio
732 3244 838 3315 petitur
864 3260 898 3297 ex
925 3266 956 3302 re
980 3250 1053 3302 inter
1078 3264 1171 3302 omnes
1200 3249 1241 3301 ita
1267 3248 1372 3301 colitur
1397 3249 1475 3301 Dens
1502 3253 1532 3298 ut
1555 3245 1761 3312 mesericordia,

65 3333 202 3382 contem.
238 3335 271 3384 In
295 3331 472 3400 praecedenti
497 3331 631 3402 parabola
653 3351 678 3385 v.
701 3337 739 3386 li.
762 3330 895 3386 docuerat
926 3351 1013 3403 neque
1043 3334 1100 3387 aiii
1124 3335 1255 3402 erriquam
1282 3335 1373 3403 napis
1402 3332 1575 3401 rependetur
1601 3330 1761 3384 humanitas

64 3410 202 3477 Christus,
229 3416 365 3471 rationem
389 3417 417 3471 in
444 3418 552 3488 J‘udicio
579 3418 744 3489 exigendam
771 3432 831 3471 esse
858 3417 893 3469 de
927 3439 1011 3490 qnam
1028 3421 1206 3474 humanitati.

63 3517 110 3554 aen
130 3501 311 3564 talentorum,
335 3502 364 3556 id
382 3509 425 3557 est
442 3504 578 3558 donorum
598 3503 731 3557 divinitus
750 3518 894 3558 concesso·
962 3512 1002 3562 st
1038 3505 1231 3572 Quaeriturt.
1249 3506 1296 3559 An
1316 3520 1350 3556 er
1364 3519 1514 3572 praeeesse
1529 3502 1684 3570 judicialis
1701 3517 1761 3554 oer-
1779 3513 1891 3565 Quassus

62 3604 130 3654 rum,
158 3603 216 3658 qua
234 3589 367 3658 parabola
387 3591 536 3661 praecipue
554 3589 696 3660 apostolos
714 3594 854 3646 eteorum
873 3589 900 3641 in
929 3593 969 3647 lus
992 3591 1092 3658 aaliipi
1112 3590 1218 3660 poerit,
1248 3589 1345 3642 eiectis
1368 3596 1490 3658 propter
1518 3604 1633 3657 operum
1664 3588 1766 3641 merita
1779 3564 1900 3658 ²5³3,ssss

64 3671 157 3729 officio
177 3673 296 3729 docendi
323 3691 512 3742 successores,
535 3677 662 3747 adeoque
684 3675 797 3746 quosvis
822 3690 901 3745 prae·
927 3687 1061 3748 tanqum
1082 3676 1205 3729 debiturn
1224 3677 1375 3728 mercedem
1397 3676 1574 3729 reddendam
1599 3689 1658 3728 esse
1679 3674 1766 3727 vitane
1780 3666 1901 3770 duffii}-

62 3759 193 3830 rogatira
213 3760 370 3815 divinorum
391 3761 586 3818 charismatum
606 3764 725 3818 donatos
739 3760 821 3816 velin
836 3760 901 3814 emi·
927 3773 1080 3819 aeternam.
1115 3760 1268 3816 Affirmant
1284 3760 1425 3816 Pontificii
1445 3767 1577 3831 urgentes
1597 3765 1655 3814 tum
1682 3759 1766 3830 parti·
1781 3780 1825 3811 ons
1839 3770 1918 3820 neutri

61 3845 161 3899 nentia
178 3847 303 3900 muneris
321 3848 486 3904 constitutos
506 3851 547 3903 sui
575 3849 725 3904 admonere
749 3848 838 3903 voluit
862 3846 1019 3905 siculam
1039 3844 1231 3918 αὶτιολογικὴν
1249 3843 1310 3921 γάρ.
1350 3847 1453 3916 Venite,
1468 3848 1617 3915 possidete
1636 3863 1762 3914 repnum,
1779 3823 1864 3915 {iffi

60 3930 136 3997 ficii,
157 3931 234 3999 (dico
251 3936 415 4002 praecepere,
434 3934 499 4006 quia
517 3935 610 3990 nullus
628 3935 770 3992 hominum
788 3942 837 3999 est,
855 3933 901 4004 qui
929 3936 1034 3989 emerici
1050 3935 1131 3998 enirn,
1149 3941 1174 3988 at
1191 3934 1311 3987 dedistis
1329 3934 1399 3987 mihi
1412 3934 1522 3999 eibum
1541 3933 1767 4003 tumoppositio·
1780 3928 1874 4026 ΡὶζΡῑζ

61 4035 120 4072 non
141 4016 250 4087 aliquid
270 4017 407 4074 aDeo'
385 4038 409 4074 sr
434 4037 490 4075 non
515 4020 663 4091 talentum,
686 4028 778 4075 tamen
805 4018 901 4073 drach·
928 4039 993 4076 nem
1011 4020 1160 4076 electorum
1174 4025 1201 4073 et
1216 4019 1419 4076 damnatorum.
1445 4018 1684 4084 Quemadmodum
1694 4035 1766 4073 emm
1780 4029 1862 4068 meurs

60 4102 167 4157 mulam
187 4104 334 4173 acceperit,
356 4122 412 4174 qua
429 4106 545 4171 lucrari,
569 4107 597 4160 id
624 4113 666 4162 est
690 4106 816 4176 proximo
841 4120 902 4174 pro·
928 4123 978 4178 pro
997 4122 1096 4173 causa,
1123 4111 1238 4175 propter
1256 4121 1340 4176 quarn
1356 4105 1433 4174 impii
1459 4104 1488 4157 in
1507 4105 1600 4174 ignem
1624 4111 1766 4158 aeternum
1780 4079 1903 4171 §.2⁸:¹30

59 4188 143 4243 aare
175 4194 205 4242 et
230 4187 285 4243 Dei
316 4191 458 4261 gloriae'
451 4191 584 4247 inservire
610 4191 699 4262 possit
728 4209 761 4246 ac
792 4191 902 4255 debeat,
930 4193 1124 4264 projiciuntur,
1143 4190 1304 4262 allegantur
1322 4207 1407 4260 opera
1423 4189 1629 4244 misericordiae
1649 4189 1707 4242 ab
1699 4206 1829 4273 ipsis
1781 4181 1851 4221 '¹²⁸³
1846 4191 1906 4273 ἐῢ·

59 4274 182 4345 proinde
200 4278 370 4331 semendario
389 4285 416 4331 et
437 4279 574 4332 extruere-e
600 4278 635 4331 ad
663 4294 755 4333 omnes
778 4276 902 4332 homines
928 4279 1064 4350 neglecta,
1085 4278 1125 4331 ita
1142 4293 1193 4347 pro
1213 4293 1305 4346 causa,
1323 4283 1438 4346 propter
1456 4291 1538 4347 quam
1555 4274 1593 4344 pir
1587 4274 1643 4327 'ad
1657 4291 1764 4343 posses·

59 4361 133 4416 haec
149 4360 287 4431 parabola
303 4364 483 4434 pertinet);
475 4382 504 4417 ιιι
525 4365 578 4418 hac
596 4363 727 4435 pericope
744 4365 827 4419 docet
846 4362 901 4416 exi·
928 4365 1033 4419 sionem
1055 4363 1133 4434 regni
1162 4361 1289 4417 coelestis
1315 4368 1463 4424 vocantur,
1495 4358 1649 4425 allegantur
1677 4375 1762 4429 opera

59 4447 186 4519 gandam
204 4464 264 4502 esse
282 4448 310 4502 in
327 4449 435 4520 judicio
452 4450 589 4506 rationem
614 4450 801 4519 deoperitur
820 4450 900 4502 miae·
929 4449 1133 4505 misericordiae
1151 4447 1214 4502 ab
1207 4447 1273 4518 rpsis
1295 4447 1436 4516 praestita.
1471 4445 1656 4499 Bellarminus
1675 4445 1720 4499 lib.
1739 4452 1761 4500 t.

62 4536 213 4590 ricardiae
233 4535 278 4590 vel
295 4537 438 4605 praestitis
458 4538 501 4591 vel
520 4537 664 4609 neglectis,
684 4552 778 4592 omnes
798 4535 827 4588 in
840 4535 901 4588 uni·
928 4537 961 4591 de
975 4534 1118 4607 justificat.
1140 4552 1163 4590 c.
1178 4539 1201 4589 3.
1221 4533 1380 4595 dansenius,
1401 4530 1562 4595 Barradius,
1583 4529 1762 4585 Maidonatus

59 4636 176 4675 versum
195 4620 377 4686 Christianos,
396 4622 548 4693 praecipue
562 4638 627 4677 vero
642 4622 783 4677 auditores
796 4621 838 4675 sui
853 4621 900 4674 ad·
928 4621 1117 4676 Salmeroniue
1132 4627 1160 4674 et
1175 4620 1273 4690 reliqui
1296 4633 1392 4672 omnes
1408 4615 1549 4673 Pontificii
1570 4616 1719 4686 e'criptores
1734 4617 1762 4672 in

60 4721 179 4762 monere
199 4708 315 4776 cupiens
336 4706 429 4777 officii,
449 4708 581 4782 aquibus
595 4725 650 4764 non
664 4707 899 4762 tamtalentorum
929 4724 1026 4762 comm.
1048 4723 1072 4760 c.
1091 4710 1131 4761 25.
1150 4704 1250 4758 hlatth.
1271 4703 1326 4757 Sed
1344 4702 1545 4772 respondemus
1572 4707 1594 4756 1.
1614 4703 1762 4774 hypothesi

62 4808 151 4865 quam
171 4792 377 4848 misericordiae
395 4810 462 4866 arga
479 4811 617 4865 pauperes
635 4794 770 4848 rationem
790 4791 900 4862 exigen·
929 4794 963 4847 de
982 4790 1087 4846 meritis
1105 4806 1219 4860 operum
1238 4789 1404 4843 adversatur
1420 4789 1489 4853 fidei
1507 4789 1642 4856 nucheria
1661 4787 1689 4842 in
1707 4789 1762 4842 cla-

61 4880 131 4934 dam
151 4893 213 4933 esse
225 4879 373 4948 significat,
392 4897 501 4936 omnem
513 4880 714 4952 tergiversandi
727 4879 900 4934 occasionem
927 4878 1042 4934 riseimie
1060 4877 1220 4947 Scripturas
1244 4875 1314 4930 locis
1336 4874 1493 4946 proposita,
1519 4879 1551 4928 nt
1575 4874 1603 4927 in
1628 4879 1707 4928 tract.
1728 4873 1762 4926 de

57 4965 163 5020 iisdem
187 4964 362 5020 subtrahens.
399 4966 439 5022 Ut
466 4968 549 5021 simus
575 4974 726 5038 martyres,
749 4978 900 5035 paucorum
927 4966 991 5021 bon.
1012 4962 1115 5034 operib.
1138 4964 1162 5031 t.
1182 4968 1222 5019 89.
1241 4967 1269 5017 et
1286 4978 1363 5033 seqq.
1380 4960 1474 5015 multis
1495 4959 1679 5026 ostendimus,
1703 4958 1762 5011 uni-

58 5059 121 5119 αις
153 5056 185 5105 nt
203 5051 289 5107 simus
308 5051 435 5107 doctores
454 5059 482 5106 et
497 5053 641 5108 columnae
662 5052 808 5116 ecclesiae,
830 5065 901 5118 pau·
927 5067 1007 5107 versa
1026 5049 1168 5121 Scriptura
1185 5053 1312 5118 testatur,
1326 5048 1452 5118 judicem
1469 5064 1525 5102 non
1540 5052 1762 5116 propteropera

59 5153 164 5192 corum
182 5142 239 5204 esti
267 5142 297 5190 at
314 5135 444 5191 haustum
464 5137 585 5209 frigidas
605 5155 694 5210 aquae
716 5137 842 5209 proximo
868 5134 901 5188 si·
927 5138 1012 5191 vitam
1034 5142 1173 5190 aeternam
1192 5136 1335 5200 daturum,
1361 5133 1409 5188 sed
1428 5135 1580 5187 eecrrnrtum
1604 5146 1693 5200 opera
1718 5129 1763 5182 rei

60 5223 144 5278 tienti
179 5223 248 5279 dare
276 5239 358 5278 nemo
384 5241 439 5279 non
467 5230 567 5295 potest.
613 5224 694 5289 Quod
722 5230 814 5279 autem
845 5238 900 5276 non
929 5240 1043 5295 operum
1064 5219 1223 5276 testimonia
1238 5220 1437 5290 judicaturum,
1462 5218 1528 5289 quia
1544 5213 1672 5291 χάρισμα
1692 5222 1762 5271 θεοῦ

58 5309 214 5382 praecipue
233 5316 262 5364 et
282 5309 407 5380 inprimis
431 5317 546 5381 propter
572 5311 728 5381 apostolos,
755 5317 783 5365 et
807 5318 968 5364 eorumeet
995 5309 1053 5361 uita
1082 5314 1206 5360 aeterna.
1235 5306 1313 5361 Rom.
1333 5312 1358 5374 6,
1378 5324 1404 5359 v.
1423 5310 1463 5359 23.
1501 5310 1524 5359 2.
1551 5301 1675 5356 Eandem
1696 5301 1763 5356 vali·

57 5397 88 5451 in
110 5395 231 5453 docendi
253 5395 347 5452 officio
364 5403 393 5451 et
415 5396 570 5452 divinorum
596 5396 791 5450 charismatum
818 5394 901 5466 parti·
928 5394 1039 5449 dissime
1070 5393 1169 5446 evertit
1195 5391 1333 5445 sententia
1359 5389 1459 5445 Christi
1486 5386 1628 5442 definitiva
1653 5389 1681 5441 in
1709 5387 1763 5443 hoc

56 5483 203 5553 cipatione
224 5486 369 5537 consortes
391 5482 438 5537 sed
459 5487 574 5553 propter
595 5481 749 5544 auditores,
778 5481 825 5552 qui
853 5480 989 5550 peripso
1015 5480 1077 5534 loco
1097 5477 1256 5548 proposita:
1290 5477 1386 5529 Venite
1412 5474 1550 5528 benedicti
1574 5475 1673 5528 Patris
1700 5474 1763 5542 mei,
