4050 6014
188 203 249 261 254
828 192 1057 252 mortuus
1080 188 1250 258 QUINTUS

189 349 310 404 noctium
330 347 494 404 vicissitudo
512 365 576 403 cum
595 348 698 403 mundo
718 349 755 405 sit
772 358 922 421 cessatura,
940 369 1022 422 expo·
1051 363 1085 402 ue
1102 347 1235 402 ratium!
1252 347 1406 401 Precm
1423 345 1609 400 adhortemur
1628 350 1653 399 et
1677 341 1768 413 aiios,
1784 349 1818 398 d
1831 359 1889 412 pro

188 435 294 489 suimus
314 435 441 504 superius
458 435 483 504 5.
502 441 546 490 29.
594 433 673 489 Sicut
692 434 768 490 beati
787 454 843 491 non
862 437 968 491 habent
985 453 1026 490 re·
1053 433 1113 488 illis
1140 441 1233 499 orem,
1264 431 1496 503 ponpertunqne
1527 431 1719 485 monnone
1740 447 1799 499 pro
1828 428 1891 482 iilis

189 520 281 591 quiem
306 538 324 574 a
350 520 450 574 divinis
465 518 597 574 laudibus
615 526 644 574 et
669 522 786 575 canticis
805 523 893 592 Apoc.
914 528 939 590 t,
958 509 1025 578 u't.
1053 519 1242 586 eleemosynas
1260 520 1366 572 demun
1400 518 1494 571 Habet
1519 533 1566 570 rcs
1585 517 1641 570 ieta
1659 534 1717 570 nos
1733 515 1808 570 aaa
1826 532 1891 569 cos·

191 605 230 659 sic
248 623 281 659 ex
299 605 427 674 opposito
448 605 572 662 damnati
593 623 649 659 non
666 606 771 661 habent
788 607 911 678 requiem
933 625 951 661 a
967 608 1026 677 ple·
1053 601 1267 656 romuonuen.
1301 598 1478 669 Augustinus
1488 597 1532 653 vel
1540 597 1700 671 quicunque
1708 599 1782 655 alius
1794 604 1893 654 auctor

189 691 233 761 gis
257 697 285 744 et
308 690 458 759 suppliciis.
505 697 529 746 2.
558 693 604 744 Ec·
630 693 782 762 unampica
808 695 1026 765 comparatione.
1054 689 1082 741 in
1104 687 1208 743 enchir.
1231 687 1267 740 ad
1292 686 1376 740 laur.
1402 701 1465 756 cap.
1490 689 1553 743 11⁰:
1581 687 1650 741 Cim
1667 685 1817 749 ⁸⁰0⁰&ss
1832 684 1892 737 “⁶⁰0

189 776 252 830 usn.
274 782 316 843 ce,
337 793 362 829 r.
380 783 422 846 ne,
442 776 541 832 Motu.
562 782 586 845 3,
604 795 631 831 v.
646 784 686 834 12.
714 778 781 836 Luc.
798 784 823 845 s,
835 797 860 832 v.
882 785 921 834 ir.
946 795 1026 833 voea—
1053 773 1157 828 atartr
1175 774 1234 827 sivo
1250 789 1477 842 qnnmnnnqne
1494 772 1732 839 abacorum»
1745 787 1805 840 rw
1824 769 1893 839 top

190 867 235 914 tur
255 862 326 931 ignis
345 859 485 931 ἄσβεστος.
504 862 588 917 Marc.
603 868 628 931 9,
648 881 675 919 v.
686 870 729 919 tt.
746 871 788 922 16.
807 869 836 919 et
850 871 896 922 48:
922 866 1027 920 Vermin
1054 860 1148 914 tinutr‘s
1160 860 1304 925 defunctis
1315 860 1444 913 omnihus
1458 861 1621 930 offeruntur,
1635 876 1693 930 pro
1711 857 1799 912 ratde
1813 855 1893 910 tona

191 964 285 1001 eornm
304 965 360 1001 non
376 949 496 1002 moritur
515 957 541 1002 et
558 949 632 1017 ienis
653 967 749 1004 eorum
761 970 817 1004 non
833 952 1026 1021 cnetinyuitur.
1054 947 1213 1014 oratiarum
1230 946 1355 1001 acuam
1374 954 1452 1014 mat,
1467 962 1525 1016 pro
1542 964 1599 1000 soa
1620 946 1705 1000 oues
1720 943 1808 998 mults
1822 959 1894 1013 pro·

192 1032 219 1087 si
241 1033 341 1087 vermis
364 1032 556 1088 damnatorum
576 1052 632 1088 non
661 1035 792 1104 moritur,
821 1035 918 1106 utique
944 1035 1028 1089 corda
1051 1033 1216 1101 pr‘tiationss
1236 1040 1316 1102 eum,
1335 1050 1392 1103 pro
1409 1032 1497 1086 ualde
1514 1032 1614 1099 mdis,
1641 1031 1695 1086 etsi
1724 1029 1808 1084 suaa
1836 1028 1894 1082 cist

191 1134 286 1172 eorum
306 1119 444 1172 continuis
468 1119 605 1173 morsibus
627 1120 765 1190 lancinet;
788 1120 813 1173 si
834 1120 908 1190 ignis
933 1136 1026 1175 eorum
1055 1119 1222 1187 adjumenta
1236 1126 1418 1183 mortuorum,
1435 1118 1641 1188 mammonae
1657 1117 1784 1170 umomm
1796 1131 1892 1170 cosm·

191 1220 246 1257 non
262 1204 454 1275 exstinguitur,
473 1205 570 1275 utique
583 1222 638 1260 non
653 1206 816 1276 interruptis
833 1206 951 1260 flammis
968 1221 1027 1260 cor·
1055 1205 1177 1259 lotiones
1189 1215 1261 1274 sunt,
1279 1208 1380 1277 quibua
1393 1213 1443 1261 aut
1455 1208 1497 1260 ad
1507 1206 1559 1260 troc
1566 1211 1696 1278 prosunt,
1713 1211 1745 1257 ut
1758 1203 1797 1258 sit
1803 1203 1894 1273 plena

190 1306 259 1359 pora
280 1306 375 1344 eorum
394 1291 505 1347 ustulat.
537 1298 560 1346 3.
579 1294 627 1345 Ee
641 1293 790 1347 leuamenti
804 1295 963 1348 remotione.
995 1293 1028 1346 In
1054 1294 1195 1360 nemnem,
1218 1303 1268 1349 aut
1285 1301 1360 1348 carte
1379 1294 1558 1348 tolerabilior
1575 1295 1628 1358 fiat
1646 1293 1711 1362 apsa
1738 1291 1893 1346 damnoso.

192 1378 255 1431 lacu
281 1376 407 1432 infernali
432 1396 488 1432 non
511 1385 554 1432 est
578 1396 655 1447 amsa
680 1379 762 1434 Zach.
789 1386 813 1448 9,
836 1396 862 1433 r.
891 1385 928 1436 11.
953 1379 980 1435 1.
1003 1396 1028 1433 e.
1056 1377 1092 1432 Et
1116 1386 1228 1449 postea:
1260 1380 1373 1434 Poenas
1401 1382 1601 1435 damatam
1631 1378 1715 1433 emtis
1738 1387 1893 1447 umporum

192 1463 270 1518 nullu
294 1465 467 1518 cruciatuum
494 1463 608 1529 levatio,
634 1465 712 1520 nulle
732 1464 898 1533 consolatio,
917 1466 995 1521 nulls
1012 1483 1031 1520 a
1055 1465 1217 1519 interuallis
1234 1467 1398 1534 existiment,
1418 1469 1445 1520 ci
1463 1466 1574 1521 traceio
1590 1466 1696 1538 placet,
1712 1464 1893 1535 dicuutm

192 1552 289 1622 poenis
313 1553 439 1608 cessatio.
476 1554 542 1607 Luc.
572 1559 609 1620 16,
636 1571 660 1607 r.
679 1559 719 1611 tt.
745 1554 821 1608 dives
846 1556 928 1625 epulo
950 1555 1030 1626 petit,
1057 1551 1196 1620 mitinari,
1222 1555 1375 1609 dummodo
1393 1553 1570 1622 inteilicatur
1585 1554 1615 1606 in
1634 1552 1695 1606 illis
1712 1568 1828 1606 masere
1848 1553 1894 1606 ira

193 1639 331 1693 Lazarum
352 1639 440 1707 mitti,
465 1646 496 1695 ut
522 1640 644 1709 intinpat
667 1647 818 1695 extremum
836 1642 922 1711 dinus
938 1642 986 1696 eui
1000 1643 1031 1695 in
1058 1637 1125 1701 Dei,
1141 1638 1168 1692 is.
1186 1656 1208 1696 e.
1232 1640 1296 1709 ipsa
1314 1640 1513 1708 damnosam
1526 1656 1584 1709 quc
1606 1641 1685 1694 Deus
1698 1645 1829 1692 maante
1848 1639 1893 1692 eru

193 1744 307 1795 aquam,
324 1735 355 1780 ut
371 1728 522 1797 resriperet
541 1728 780 1798 ipsius-linquam,
800 1728 850 1782 sed
862 1728 931 1783 nibil
950 1729 1030 1801 quid-
1055 1740 1109 1777 Μ
1136 1741 1193 1778 Μ
1217 1733 1311 1779 tamon
1338 1726 1479 1780 cottum
1509 1725 1704 1780 Mation&
1727 1743 1811 1788 two
1837 1743 1893 1779 ⁸⁰⁶⁸

194 1830 278 1882 quam
309 1813 446 1883 impetrat.
492 1821 517 1870 4.
548 1816 595 1868 Ee
618 1825 758 1887 perpetua
782 1833 885 1870 causas
911 1819 1029 1870 actions.
1057 1818 1174 1865 aetem
1190 1812 1335 1883 fltpplt'tt'a
1348 1813 1493 1882 finiendos
1515 1814 1567 1866 M
1588 1813 1714 1867 “th
1731 1813 1894 1866 “dmm

192 1898 314 1953 Thomas
332 1906 355 1955 t.
375 1906 445 1956 sent.
464 1901 527 1955 dist
545 1908 587 1957 45.
609 1920 636 1972 q.
656 1908 684 1957 2:
709 1902 806 1957 Poena
830 1903 952 1956 diminui
973 1921 1029 1957 non
1055 1899 1099 1952 rel
1118 1900 1322 1969 interponendo
1339 1900 1519 1957 cruciatibus.
1554 1899 1725 1955 Prudentius
1741 1898 1771 1954 in
1790 1898 1894 1970 hymno

190 1995 290 2055 potest,
309 1988 367 2040 nisi
386 1988 561 2042 diminuatur
580 1989 679 2057 culpa,
710 1991 783 2042 sicut
801 1989 897 2060 nequit
915 1991 1030 2058 auferri
1056 1985 1091 2040 de
1111 2002 1182 2041 novo
1202 1985 1308 2041 lumine
1325 1985 1420 2057 pasch.
1441 1985 1534 2043 subu:

192 2073 249 2125 nem
266 2090 299 2127 ea
317 2075 421 2129 ablata.
450 2075 491 2129 At
503 2076 590 2144 nepo
604 2077 804 2129 damnatorum
818 2094 875 2129 non
886 2076 1030 2131 minuitur.
1162 2073 1234 2128 Sunt
1250 2081 1277 2128 st
1295 2073 1442 2144 spiritibus
1457 2090 1543 2145 saepe
1558 2071 1721 2128 nocentibus

144 2223 147 2229 Ι
193 2161 273 2229 Erpa
296 2177 348 2214 nec
366 2178 471 2230 poena.
511 2161 608 2216 Fletus
627 2161 740 2215 Domini
758 2161 831 2218 sicut
846 2170 956 2216 torrens
973 2163 1029 2217 sul-
1159 2160 1321 2214 Poenarum
1337 2160 1456 2214 eekbrss
1474 2161 1526 2213 sub
1547 2159 1632 2229 Styps
1651 2160 1755 2225 feriae,

71 2249 115 2291 Π·
133 2246 180 2293 2¹²·
191 2248 269 2312 furis
287 2247 417 2302 accendit
438 2246 537 2302 inferni
561 2248 655 2318 ignem
671 2249 735 2302 Eas.
752 2251 794 2317 39,
812 2266 838 2302 v.
857 2253 898 2303 33.
917 2248 959 2303 ira
976 2248 1029 2304 Dei
1159 2246 1221 2302 Ilia
1239 2255 1328 2315 nocte,
1348 2263 1431 2301 sacer
1447 2263 1504 2317 qua
1517 2244 1604 2300 rediet
1620 2247 1699 2300 Deus

191 2339 279 2407 μένει,
292 2342 393 2401 manet,
412 2350 497 2403 suaper
509 2336 659 2389 damnator
677 2334 742 2388 doh.
758 2339 782 2402 3,
800 2352 826 2390 r.
845 2339 887 2390 33.
906 2335 1030 2390 damnati
1162 2333 1280 2403 Stauris
1295 2335 1337 2387 od
1350 2349 1468 2405 superos
1487 2349 1520 2387 eu
1537 2333 1740 2387 Acheronticia

193 2418 293 2475 bibunt
312 2423 347 2474 de
364 2421 429 2474 omo
443 2422 514 2489 irae,
533 2423 612 2490 quod
623 2421 739 2474 mistum
757 2429 796 2475 eet
809 2439 886 2477 mero
898 2424 930 2476 in
942 2423 1031 2477 calme
1094 2431 1102 2443 ·
1162 2419 1294 2474 Marccnt
1311 2420 1463 2490 suppliciis
1482 2427 1594 2474 sarsana
1611 2419 1733 2487 mitibus,

193 2507 255 2561 irae
273 2508 336 2575 ejus
353 2508 442 2578 Apoc.
463 2513 502 2576 lt,
526 2525 551 2562 v.
571 2512 612 2564 10.
633 2509 745 2562 corbem
761 2511 857 2572 sacres
876 2509 939 2563 irae
960 2509 1031 2563 diui·
1161 2507 1349 2577 Easuitatque
1366 2507 1413 2560 sui
1431 2506 1556 2561 carceris
1578 2507 1636 2562 utic

195 2610 250 2647 nac
262 2592 362 2648 Psalm.
379 2600 420 2663 75,
438 2612 464 2648 v.
483 2600 508 2651 9.
536 2593 602 2649 dam
614 2609 679 2649 vero
696 2594 738 2648 ira
755 2593 804 2649 illa
816 2594 871 2649 Dei
890 2612 1031 2668 nunquam
1165 2593 1332 2646 Umbrarum
1344 2593 1471 2663 populus
1489 2593 1563 2648 tiber
1581 2593 1619 2646 ab
1636 2592 1757 2663 ionibus,

197 2686 241 2734 est
268 2680 358 2734 otiosa
375 2688 403 2735 et
421 2680 564 2746 inefficax,
587 2697 641 2736 nec
657 2681 744 2736 ullam
762 2681 972 2752 respirationem
988 2683 1033 2736 rel
1162 2680 1221 2734 Nec
1235 2680 1346 2744 ferrent
1362 2679 1448 2734 solito
1461 2681 1582 2750 flumina
1601 2679 1723 2744 ndstra.

198 2765 319 2835 quietem
345 2766 483 2820 damnatis
499 2767 632 2834 concedit,
659 2768 707 2823 sed
728 2768 884 2839 mussini
903 2770 1033 2841 ponderis
1063 2765 1229 2820 Cancnhtae
1255 2772 1284 2820 et
1303 2764 1468 2821 scholastici
1491 2765 1521 2819 in
1545 2764 1627 2821 dictis
1652 2765 1709 2820 illis
1728 2771 1841 2836 patrum
1860 2765 1897 2821 ad

198 2851 285 2907 instar
304 2858 439 2922 perpetuo
457 2869 503 2907 eos
520 2853 829 2924 premitcyprianusl.
844 2854 881 2909 ad
894 2855 1032 2911 Demetr.:
1061 2853 1163 2908 bonum
1191 2868 1301 2908 sensum
1327 2851 1491 2908 reducendis
1515 2851 1591 2907 varie
1622 2850 1767 2907 desudant
1813 2851 1977 2908 Prae-¹1¹

201 2940 354 2992 Tormenta
385 2941 584 2993 darnnatorum
611 2957 662 2993 nec
692 2942 817 3009 requiem
844 2942 958 3007 nocem
985 2961 1034 2997 nac
1061 2938 1195 3009 positivus
1204 2937 1651 3010 Leodiensisincompeud.tbeol.
1664 2939 1769 3008 scribit,
1787 2946 1898 2993 tostam

194 3026 290 3091 finem.
330 3022 511 3080 Cassiodorus
538 3026 568 3081 in
587 3026 690 3082 Psalm.
711 3031 757 3083 tor
785 3029 853 3082 Erit
873 3030 957 3084 dolor
974 3030 1035 3084 sine
1060 3040 1142 3096 porse
1163 3025 1305 3079 annuns
1328 3041 1414 3095 asper
1438 3027 1588 3082 damnator
1603 3028 1808 3098 euffrauiorum
1826 3025 1897 3080 mul·

193 3113 262 3176 fine,
278 3129 373 3182 poena
390 3112 451 3165 eine
466 3113 572 3181 requie.
607 3113 784 3184 Augustinus
802 3113 832 3167 in
852 3114 955 3169 enchir.
974 3131 1036 3184 cap,
1061 3113 1218 3180 titueiinem,
1235 3117 1266 3165 ut
1279 3128 1433 3180 proqrcasu
1445 3113 1578 3182 temporis
1591 3113 1717 3168 manibus
1729 3119 1898 3168 emerentur

203 3202 260 3255 112.
289 3204 371 3252 vocat
398 3198 541 3252 cruciatur
569 3198 630 3252 sine
653 3200 859 3253 imemnicsione
874 3209 1035 3273 perpetuos.
1061 3199 1175 3269 poenis,
1199 3215 1257 3252 non
1281 3199 1422 3252 tamenin
1438 3208 1619 3269 perpetuum,
1636 3207 1667 3253 ut
1684 3207 1812 3253 anneot
1831 3200 1898 3255 Ori·

200 3282 378 3338 Bernhardus
398 3285 427 3338 in
446 3284 541 3339 medit.
563 3283 693 3340 dmohss.
713 3302 773 3354 cap.
787 3291 817 3340 3:
837 3289 897 3341 Nec
916 3288 967 3357 qui
980 3296 1037 3344 tor·
1064 3302 1154 3356 emer,
1174 3287 1225 3339 red
1236 3301 1324 3354 mores
1336 3287 1377 3339 ad
1387 3287 1629 3355 rmumcctionem,
1646 3288 1677 3340 in
1691 3300 1749 3355 queo
1766 3286 1898 3342 remmtir

200 3378 273 3439 quet,
287 3371 436 3440 faliantur,
449 3387 499 3424 nec
512 3372 562 3439 qui
572 3378 724 3441 torquetur,
739 3373 898 3443 aliquando
910 3377 1039 3440 moriem,
1064 3372 1230 3442 corporibus
1246 3371 1347 3425 wan
1366 3372 1397 3424 in
1415 3380 1531 3426 oetmma
1552 3373 1696 3443 simplicia
1713 3374 1897 3428 meen-

200 3456 302 3511 Glossa
318 3456 507 3512 interlinearis
524 3456 611 3513 Sir-ac.
633 3465 680 3514 to:
700 3459 748 3513 Ibi
764 3460 846 3515 natta
859 3478 936 3532 pun,
956 3464 1038 3518 nullo
1064 3469 1119 3526 tur,
1145 3459 1257 3528 abjecta
1273 3458 1349 3512 omni
1359 3474 1482 3527 proruas
1499 3459 1653 3530 refricarii
1667 3476 1703 3513 oc
1722 3459 1822 3514 solutu
1838 3475 1897 3530 spe.

201 3543 312 3596 doloris
330 3544 480 3611 mittentia.
1065 3545 1119 3601 Sed
1135 3545 1189 3600 hac
1206 3544 1312 3600 ratione
1329 3545 1493 3616 hypothesis
1513 3545 1548 3600 de
1560 3544 1698 3602 levatione
1715 3543 1840 3600 dolorum
1855 3547 1896 3601 in·

236 3634 276 3683 56.
307 3629 472 3685 Antithesis.
510 3637 531 3687 1.
553 3631 664 3686 Judaei
685 3631 809 3705 fingunt,
833 3637 983 3690 damnatos
1004 3651 1037 3690 eo
1063 3631 1210 3688 femslium
1228 3629 1372 3685 stabilitur.
1391 3629 1534 3687 (iilbertus
1553 3630 1732 3686 Pictarorum
1751 3630 1898 3702 episcopus

202 3724 420 3785 momentaque
438 3717 543 3784 opsita
563 3718 648 3771 terris
664 3720 810 3774 sabbatum
830 3721 954 3791 initiant,
977 3738 1037 3775 eoo·
1064 3720 1092 3772 in
1109 3718 1158 3775 lib.
1178 3718 1299 3789 theolog.
1318 3722 1425 3788 quaest.
1443 3717 1590 3786 existimat,
1609 3718 1742 3787 fidelium
1755 3719 1897 3788 precam

202 3801 265 3853 cari
288 3801 323 3854 ab
341 3803 444 3870 anneto
468 3804 539 3855 dato
564 3805 605 3858 ad
627 3805 749 3874 requiem
772 3807 852 3876 mono
875 3815 901 3861 et
933 3808 1037 3876 rtatim,
1064 3807 1145 3859 nina
1159 3813 1186 3860 et
1202 3804 1390 3859 oblationibus
1408 3805 1500 3858 adim
1517 3805 1700 3873 reproborum
1711 3819 1823 3873 poenas
1837 3805 1899 3859 cene

203 3905 257 3956 quo
280 3896 415 3942 momento
430 3888 541 3942 Judaci
557 3890 703 3943 sabbatum
722 3892 831 3961 finiunt,
849 3894 979 3949 revocari
997 3895 1038 3947 ad
1064 3909 1160 3945 earum
1178 3892 1351 3946 abnemticne
1362 3908 1394 3946 eo
1405 3892 1499 3960 modo,
1518 3907 1573 3959 quo
1590 3890 1718 3956 infinitas
1734 3892 1899 3961 proportio·

198 3989 317 4041 poenas,
327 3973 412 4043 idque
423 3980 482 4028 tum
495 3972 616 4043 fabellis,
626 3981 685 4030 tum
698 3977 837 4046 mysteriis
848 3979 1037 4034 cabbalisticis
1064 3979 1143 4032 ades
1155 3984 1256 4046 partes
1266 3977 1469 4040 dunieolenta
1480 3976 1564 4041 tinea,
1582 3993 1602 4030 a
1619 3993 1684 4046 qua,
1694 3976 1760 4030 iicet
1777 3979 1843 4047 ipsa
1856 3979 1897 4033 in·

202 4074 237 4112 ex
263 4060 345 4113 tertio
374 4065 523 4130 praecepto
550 4061 636 4116 erutis
663 4063 784 4118 mirabili
802 4064 885 4120 modo
910 4066 1037 4135 probant.
1057 4064 1143 4134 finita
1152 4081 1207 4118 non
1222 4066 1268 4130 sit,
1282 4064 1410 4130 infinitae
1424 4072 1516 4118 tamen
1524 4069 1625 4133 partes
1639 4063 1743 4132 absque
1757 4064 1822 4118 ullo
1839 4065 1899 4120 cius

203 4144 275 4199 Vide
298 4144 447 4200 Helricum
472 4152 536 4201 tom.
560 4153 585 4202 4.
608 4147 770 4218 disp.·Giss.
791 4156 815 4204 9.
834 4167 895 4221 cap.
913 4157 937 4206 1.
957 4152 995 4207 th.
1017 4157 1037 4208 1.
1064 4150 1251 4206 consumtione
1264 4151 1395 4206 subtrahi
1403 4157 1532 4220 possunt.
1552 4149 1607 4206 Sed
1620 4149 1899 4207 baecabstrsctioest

204 4238 228 4287 2.
242 4232 365 4294 Quidam
379 4250 412 4286 er
418 4235 553 4302 patribus
562 4233 727 4290 levationem
737 4237 876 4307 quandam
887 4255 1037 4308 poenarum
1065 4251 1140 4291 mere
1159 4234 1331 4307 imaginaria.
1356 4234 1512 4290 Guilelmus
1529 4234 1781 4291 musnodmemis
1801 4238 1831 4291 in
1842 4235 1897 4291 tine

205 4318 343 4372 damnatis
365 4319 495 4374 videntur
517 4320 686 4389 promittere.
731 4323 945 4392 chrysostomus
964 4323 1037 4379 bom.
1065 4328 1300 4390 summaecenset,
1314 4321 1583 4376 ntuentiumauuilia
1592 4323 1900 4392 suffracaridomnatis

205 4409 247 4459 33.
268 4405 297 4459 in
314 4404 412 4459 Mutth.
436 4405 471 4460 de
490 4423 557 4461 cura
571 4424 620 4477 pro
632 4407 748 4462 mortuis
769 4408 915 4478 disputans
933 4410 1040 4466 decidit
1064 4425 1120 4462 non
1137 4409 1179 4461 ad
1194 4407 1411 4462 imminutionem
1432 4415 1483 4462 aut
1499 4409 1743 4478 interpolationem
1760 4411 1899 4478 tormenti,

204 4491 407 4560 quodammodo
422 4492 450 4544 in
460 4509 555 4547 aarum
567 4494 734 4563 opinionem,
752 4494 800 4564 qui
812 4501 920 4566 putant,
935 4498 1040 4566 euffro-
1064 4498 1117 4550 red
1128 4497 1169 4549 ad
1179 4496 1417 4564 confortationem
1429 4511 1464 4549 ac
1483 4496 1740 4551 corroborationem
1751 4496 1898 4566 potientis,

205 4578 261 4646 piis
281 4585 307 4631 et
324 4579 499 4631 orationibus
513 4579 661 4633 uiuentium
674 4569 777 4648 jurari
793 4583 943 4635 damnatam
960 4586 1040 4651 apud
1065 4589 1095 4635 ut
1113 4583 1140 4636 si
1157 4582 1222 4650 quis
1240 4582 1378 4635 hominem
1394 4580 1503 4650 inuenti
1509 4583 1650 4651 ponderis
1664 4597 1746 4637 onem
1754 4600 1899 4653 praema-

206 4663 326 4727 s'nferos.
361 4661 465 4731 Putas,
491 4663 591 4734 inquit,
615 4666 778 4730 &functum
799 4667 895 4736 fitium
919 4669 1039 4722 maculis
1065 4676 1159 4722 uatum
1177 4668 1238 4722 cibo
1256 4675 1363 4722 recreet
1380 4668 1424 4723 cel
1441 4667 1556 4738 frigide
1572 4669 1739 4738 perscindat.
1758 4669 1900 4741 Ronanus

207 4750 381 4818 inquinatum
399 4749 512 4818 abiisse,
531 4753 572 4803 eia
588 4751 637 4804 illi
646 4768 709 4815 sua,
728 4759 759 4805 ut
770 4751 833 4805 illie
844 4768 874 4806 as
887 4773 905 4808 a
920 4754 1039 4808 macules
1066 4753 1257 4809 Linconiensis
1273 4753 1303 4808 in
1319 4769 1416 4808 summ.
1431 4753 1514 4810 theol
1534 4754 1628 4823 tradit,
1645 4771 1696 4809 nec
1707 4756 1831 4824 ausmi,
1848 4771 1898 4812 nec

206 4838 341 4905 demeat.
377 4834 415 4889 Et
433 4835 535 4890 clarius
553 4835 645 4891 adhuc
663 4836 735 4892 bom.
762 4842 787 4891 3.
806 4837 835 4891 in
854 4839 933 4909 epist
953 4839 1039 4894 Phil:
1065 4841 1242 4911 interrumpi,
1260 4857 1311 4894 nec
1329 4839 1450 4894 diminui
1459 4842 1657 4895 domnacum
1668 4842 1821 4912 supplicia,
1839 4843 1899 4898 rub·

207 4922 369 4991 Deplorato
393 4938 447 4988 eos,
472 4923 523 4990 qui
541 4923 572 4975 in
591 4922 699 4976 demtiis
718 4924 821 4977 mortui
843 4933 906 4979 mant
924 4934 950 4980 et
966 4927 1039 4982 nintl
1066 4927 1245 4982 nontamen
1262 4926 1323 4979 illie
1337 4925 1465 4994 aliquam
1475 4927 1619 4996 premaris
1635 4927 1766 4983 misniae
1776 4928 1899 4983 occasio

207 5008 408 5064 consolationis
428 5009 486 5060 suis
498 5009 624 5077 ebrorum
637 5008 784 5062 animabus
804 5027 836 5065 ea
855 5011 964 5066 diuitiis
981 5014 1040 5068 auis
1066 5030 1139 5082 nem,
1170 5015 1235 5066 mem
1253 5013 1388 5078 sentiunt,
1407 5031 1437 5068 ae
1454 5014 1490 5067 ab
1510 5015 1564 5080 nn,
1581 5014 1633 5084 qui
1647 5015 1790 5085 suffronio
1804 5015 1899 5087 porri·

204 5102 412 5166 procurarunt,
438 5094 489 5162 qni
508 5112 570 5147 cum
591 5100 756 5163 potestatem
775 5096 907 5151 diluendi
921 5107 1041 5168 peccato
1067 5107 1148 5169 punt,
1172 5115 1229 5153 non
1252 5100 1364 5154 omnino
1381 5101 1519 5169 abjectos,
1542 5102 1595 5154 seri
1612 5100 1739 5170 utiquam
1755 5104 1836 5170 apud
1854 5119 1900 5157 ecs

208 5200 261 5235 sua
279 5183 460 5251 accepissent,
477 5181 635 5236 nohecrunt.
653 5182 716 5235 Hos
732 5184 892 5254 defleamus,
909 5188 961 5240 sed
979 5204 1040 5240 cum
1064 5185 1255 5256 praesentium
1292 5185 1431 5240 maiorum
1466 5187 1735 5241 commiserationem
1766 5187 1900 5246 inuenire.

208 5272 361 5323 modestam
382 5271 498 5336 decoro,
523 5269 676 5336 defleamus
693 5284 753 5333 cor,
771 5271 901 5339 juvemus
919 5289 966 5326 eor
984 5291 1043 5343 pro
1068 5273 1190 5327 Thomas
1212 5277 1238 5326 4.
1256 5276 1326 5326 sent.
1347 5271 1410 5330 dist.
1426 5263 1514 5344 tuq.
1533 5278 1558 5330 2.
1584 5271 1734 5329 confutatis
1756 5272 1813 5327 illis
1839 5289 1899 5327 sen·

208 5357 329 5425 viritior,
353 5372 538 5425 procuremus
566 5355 627 5409 iltis
653 5356 767 5425 aliquid
793 5357 908 5425 (aemilii,
938 5360 1044 5413 modici
1068 5359 1161 5416 tentiis
1184 5358 1312 5413 omnibus
1330 5359 1484 5428 existimat,
1503 5360 1538 5415 de
1555 5359 1717 5432 purgatorio
1732 5358 1802 5415 baec
1816 5359 1900 5430 expli·

209 5444 335 5512 perimor,
370 5449 493 5498 attamen
515 5443 648 5511 jnncmus
677 5458 737 5510 aas,
765 5461 820 5511 orso
848 5448 947 5512 modo,
976 5463 1043 5515 qua
1069 5445 1158 5500 cunda
1182 5459 1216 5500 ac
1237 5444 1373 5501 damnatis
1399 5461 1449 5515 per
1473 5444 1609 5516 suhifflla
1631 5445 1744 5500 inanem
1764 5446 1901 5503 nummu
