4050 6014
742 186 795 243 DE
812 184 910 244 vm
927 182 1120 245 aarum
1735 190 1796 250 tet

91 338 203 394 nullum
222 339 279 394 cibi
295 339 482 408 deciderium,
505 341 589 397 nulla
615 341 731 399 honoria
754 343 858 414 pultat
881 349 933 398 aut
958 358 988 395 ee
1003 342 1089 413 iprae.
1128 338 1264 396 Gaudent
1280 340 1318 395 de
1330 341 1396 395 Deo
1412 337 1606 413 ineffabiliter,
1622 339 1749 408 paudeet
1760 339 1797 392 de

87 425 241 494 potenatie
259 426 385 491 ambitio.
401 429 455 482 ead
471 427 705 484 omnieuitiorum
723 428 804 485 tabee
818 429 933 498 penitae
959 433 1040 482 taeta
1056 442 1110 480 eua
1129 424 1314 489 manahe,
1338 431 1366 479 et
1388 424 1458 494 auia
1482 422 1674 494 meumque
1698 441 1797 480 unum·

92 511 224 580 depacta
248 518 275 565 et
295 512 412 580 penitae
432 513 567 568 eaetinata
587 523 636 583 eet,
662 533 722 585 pac
744 522 844 571 cancta
868 532 932 569 eae·
958 527 1092 580 quemque
1122 510 1220 581 dilipit
1246 510 1319 564 cient
1342 526 1373 565 ee
1390 510 1496 578 iprum,
1523 516 1632 574 tantum
1658 511 1797 579 paediam

92 597 162 653 tinet
189 606 216 652 et
244 597 371 666 maida,
395 599 556 668 nunquam
580 608 645 655 eunt
671 602 765 657 omnia
782 609 809 655 et
828 601 931 671 quiem,
958 598 1076 667 quisque
1094 596 1177 651 habet
1192 597 1229 651 de
1242 596 1313 651 bono
1324 595 1512 665 einpulorum,
1526 601 1661 664 quantum
1680 597 1717 650 de
1736 613 1797 666 auo,

71 682 171 752 ,jupie
194 682 349 752 splendor,
379 700 436 738 non
456 684 510 738 iate
533 685 585 754 qui
601 702 676 740 nunc
694 694 749 756 eet,
776 689 829 742 ced
853 694 932 741 tanto
958 683 1092 751 quoniam
1111 682 1221 750 bonum,
1239 683 1317 752 quod
1328 696 1386 736 non
1401 681 1483 736 habet
1498 679 1653 750 ineeipeo,
1668 681 1798 751 praecidet

91 767 288 840 mundator,
306 777 386 823 tanto
404 769 527 835 elacior,
554 777 659 839 quomo
683 766 864 840 ephndidior
891 779 931 826 eet
958 768 989 821 tn
1005 769 1116 836 altero,·
1141 767 1373 837 concutiatur,
1396 768 1474 836 quod
1500 766 1609 834 mapali
1629 773 1670 821 tot
1686 767 1797 835 paudia

92 853 331 910 adlucernaetc.
351 858 434 925 (quae
447 854 584 909 omniunt
596 860 625 909 et
642 856 788 926 aequantia
805 857 843 912 ad
856 857 931 912 vitae
957 854 1058 909 tutan
1076 861 1143 924 quat
1159 853 1266 921 eaeioe,
1293 860 1320 907 et
1351 852 1468 921 uincula
1492 851 1603 921 paudia
1628 859 1709 906 tanta
1733 860 1797 908 eunt

91 944 223 994 aetemae
241 939 455 1010 descriptionem
472 940 630 1011 spectantia
647 941 782 1000 detumuit
800 942 931 1012 exchry·
957 939 1086 1010 einpulie,
1111 946 1248 1007 quantum
1264 937 1415 1008 proprium
1434 938 1610 1006 annulorum
1630 942 1683 994 ete.
1719 939 1797 995 Lau·

92 1026 207 1080 aoatomi
225 1025 305 1095 epist
323 1031 347 1081 5.
364 1024 519 1081 adTheod.
538 1025 666 1097 lapeum.)
691 1028 863 1102 Anahelmaa
883 1027 931 1086 lib.
958 1027 1028 1081 daut
1048 1024 1144 1078 Deum
1165 1023 1228 1078 cine
1239 1025 1316 1092 fine,
1341 1022 1402 1076 eine
1413 1022 1552 1090 faetidio,
1568 1023 1640 1077 eima
1659 1023 1796 1093 occeptum

92 1109 129 1165 de
147 1109 291 1166 rimilitud.
309 1126 370 1180 eap.
389 1117 436 1168 a:
485 1111 702 1175 Quatuordeeim
726 1120 792 1169 eunt
813 1115 931 1170 beatitu-
958 1117 1012 1166 eet:
1037 1110 1137 1176 Beati,
1158 1109 1209 1178 qui
1224 1109 1353 1163 habitant
1371 1106 1401 1162 in
1421 1111 1506 1165 donw
1524 1116 1591 1175 tua,
1609 1109 1747 1180 Domine,
1764 1111 1796 1165 in

93 1196 170 1251 dinis
179 1203 290 1267 partae,
311 1213 381 1265 quac
400 1213 494 1251 omnen
515 1198 600 1252 electe·
616 1198 764 1267 habehant,
783 1200 931 1269 opponam
956 1195 1053 1250 secula
1069 1195 1227 1250 cerularum
1250 1194 1410 1248 laudabunt
1431 1201 1466 1250 te.
1508 1194 1620 1250 Veloeee
1633 1203 1707 1260 eunt,
1727 1197 1796 1267 quia

92 1282 208 1339 tatideen
232 1281 365 1336 miseriae
388 1283 550 1352 peneribuc,
574 1298 647 1353 puae
671 1285 744 1341 mali
766 1292 832 1340 hunc
847 1285 929 1340 etati
956 1282 1113 1352 ubieunque
1132 1296 1192 1336 eece
1216 1280 1275 1335 cult
1296 1280 1428 1352 epiritue,
1456 1280 1499 1335 ibi
1515 1288 1557 1337 eet
1579 1281 1664 1336 amm
1683 1299 1796 1352 carpat.

91 1367 201 1421 nebunt.
219 1384 242 1422 c.
260 1371 307 1422 48:
332 1368 437 1422 Partee
456 1369 639 1423 beatitudinie
654 1368 849 1439 precer-tuac,
870 1370 930 1440 api·
957 1367 1060 1421 Omnec
1075 1366 1170 1421 eccuni
1185 1372 1249 1420 cunt
1267 1367 1303 1420 de
1323 1365 1379 1420 tali
1395 1366 1465 1432 uita,
1482 1367 1519 1421 de
1540 1373 1621 1420 tanta
1641 1367 1796 1437 capientia,

91 1452 169 1520 litae,
189 1452 343 1522 fortitudo,
365 1453 494 1522 libertae,
517 1455 636 1523 enaim,
656 1454 796 1524 volupiae,
816 1455 929 1524 lonpae-
956 1455 993 1507 de
1012 1461 1092 1508 tuneo
1110 1468 1218 1521 amare,
1235 1453 1271 1506 de
1289 1459 1367 1506 tanta
1379 1451 1499 1521 paedia,
1516 1453 1554 1507 de
1571 1452 1628 1507 tali
1645 1453 1742 1522 laude,
1761 1456 1798 1509 de

90 1536 173 1604 citae,
192 1537 346 1607 capientia,
358 1537 495 1604 amicita,
510 1539 674 1608 concordia,
686 1540 785 1608 honor,
793 1531 930 1612 potletae,
956 1538 1011 1594 tali
1028 1539 1192 1603 oeloadate,
1210 1540 1288 1607 meod
1301 1537 1412 1593 nubum
1429 1538 1530 1607 finem‘,
1545 1539 1657 1594 ndum
1675 1540 1798 1596 diminu-

91 1623 244 1692 eeouritae,
271 1625 419 1693 paudium.
436 1639 499 1695 cap.
518 1628 569 1682 49:
591 1624 702 1696 Qum
719 1626 832 1694 prioree
848 1626 929 1681 illiue
957 1626 1069 1692 tionem,
1087 1625 1200 1680 nullum
1218 1624 1416 1679 detrimentum
1437 1623 1585 1681 habebunt.
1604 1640 1665 1695 eap.
1686 1631 1733 1683 toz
1757 1627 1796 1681 In

91 1709 276 1779 beatitudinie
289 1716 390 1779 partae
407 1711 449 1763 ad
467 1711 607 1780 corporis,
629 1719 734 1780 neptem
752 1728 818 1766 aero
832 1721 930 1782 poete·
955 1710 1070 1766 caeleeti
1084 1710 1187 1780 patria
1205 1717 1246 1764 eet
1257 1709 1316 1763 cita
1334 1708 1395 1762 eine
1411 1717 1509 1781 morte,
1523 1711 1658 1779 juventae
1675 1712 1736 1766 aine
1754 1728 1797 1766 ee·
1810 1723 1854 1765 xx.
1868 1723 1914 1766 ato.

91 1794 183 1851 rioree
198 1797 240 1849 od
250 1795 363 1848 animae
376 1795 577 1850 beatitudinem
591 1797 742 1865 pertinent.
768 1797 930 1867 Quicunque
956 1803 1074 1860 mattae,
1093 1795 1204 1849 mnitae
1217 1794 1278 1848 eine
1289 1794 1466 1860 infirmitate,
1482 1795 1595 1864 requies
1606 1796 1668 1849 eine
1686 1796 1794 1865 labore,

91 1880 161 1937 ullae
178 1897 272 1936 omnen
291 1881 474 1935 beatitudinis
490 1889 590 1951 partae
607 1882 709 1937 habere
722 1884 842 1952 poterit,
863 1901 930 1954 per·
955 1881 1093 1952 paediam
1103 1881 1165 1935 eine
1176 1880 1305 1947 tru‘etitia,
1319 1896 1378 1950 pac
1393 1880 1455 1935 eine
1466 1881 1623 1950 dicordia,
1642 1882 1794 1938 delectatio

90 1968 197 2035 factam
215 1967 347 2035 corporee
367 1975 392 2020 et
412 1967 524 2022 animae
547 1967 749 2023 beatitudinem
765 1970 930 2038 poeeidebu't.
955 1967 1017 2021 eine
1027 1967 1160 2032 subdio,
1172 1966 1222 2021 luc
1238 1965 1300 2021 eine
1318 1966 1447 2036 tenebris,
1461 1966 1650 2036 pulchritudo
1661 1968 1724 2022 cine
1736 1975 1795 2022 tur·

91 2052 169 2109 Idem
184 2052 212 2106 ia
226 2051 366 2124 proelogio
380 2068 442 2124 cap.
452 2058 498 2108 25:
520 2052 556 2108 st
567 2053 688 2108 dehent
700 2061 726 2110 te
733 2054 930 2125 pulchritudo,
953 2051 1094 2122 pitudine,
1111 2052 1230 2121 apititae
1247 2050 1309 2104 eine
1326 2051 1553 2121 ponderositate,
1571 2053 1714 2119 fortitudo
1733 2052 1795 2108 eine

85 2138 164 2208 judi
178 2137 329 2207 fulpebuat
346 2137 419 2192 eiaut
432 2137 494 2207 eol,·
518 2139 546 2191 ei
565 2139 700 2195 velocitae
723 2147 773 2193 aut
788 2140 929 2203 fortitudo
955 2138 1161 2203 imbecillitate,
1189 2137 1306 2192 libertae
1324 2137 1386 2192 eiae
1406 2137 1555 2202 atrabate,
1580 2137 1711 2207 uoluptae
1732 2139 1793 2193 eine

91 2230 142 2278 aut
170 2222 288 2277 libertae
314 2224 458 2293 corporis,
490 2225 539 2278 cui
570 2224 643 2281 nith
673 2225 806 2281 obeietme
827 2227 930 2295 poerit,
955 2224 1112 2292 anemtate,
1134 2221 1312 2293 lonpaeoitae
1330 2223 1389 2277 eine
1407 2223 1483 2278 uitae
1500 2224 1634 2290 termino,
1651 2224 1793 2294 capientia

92 2316 174 2364 aunt
190 2309 298 2363 eimilee
315 2308 425 2377 ampelio
438 2309 514 2379 Dei,·
531 2311 560 2363 ei
575 2311 661 2382 lonpc
678 2319 704 2365 et
720 2311 845 2366 calubme
861 2313 930 2380 uita,
955 2311 1017 2366 eine
1036 2308 1209 2379 incipientia,
1227 2307 1356 2364 amicitia
1376 2308 1437 2362 aine
1455 2308 1615 2379 inimicitia,
1639 2311 1795 2366 eoncordia

91 2396 134 2450 ibi
149 2413 224 2450 eaaa
243 2403 283 2449 eet
300 2395 455 2449 adaniae
465 2403 492 2450 et
506 2404 624 2450 ueterem
636 2399 754 2463 candae,
778 2398 932 2467 quiujucti
955 2396 1017 2450 eine
1036 2394 1199 2463 dheordia,
1213 2391 1303 2448 honor
1321 2394 1383 2447 eine
1403 2395 1555 2460 dedecore,
1573 2395 1712 2450 necaritac
1734 2396 1795 2450 eine

91 2482 121 2535 in
134 2488 302 2551 perpetuum
321 2479 430 2550 oioeat,·
447 2481 476 2534 ei
493 2482 625 2548 cutiam,
647 2483 841 2551 eatiabuntur,
867 2500 930 2537 eum
955 2481 1063 2537 timore
1085 2478 1358 2535 Bernharduaaeam.
1372 2477 1488 2549 datripi.
1500 2479 1653 2550 gen.bon.:
1671 2479 1796 2536 Aetam

91 2567 262 2638 apparuerit
284 2566 379 2637 ploria
400 2567 474 2630 Dei,·
500 2566 528 2620 ei
551 2567 688 2632 ebriatae,
715 2567 930 2635 inebriabuntur
954 2567 1011 2622 iila
1030 2567 1103 2621 bona
1118 2571 1189 2634 eunt,
1208 2580 1280 2634 quae
1297 2580 1348 2619 nec
1366 2563 1557 2631 oculuecidit,
1578 2581 1628 2620 nee
1646 2566 1728 2621 curie
1743 2584 1795 2622 au-

91 2653 127 2706 ab
145 2652 272 2706 uberim
291 2653 390 2706 domae
410 2652 486 2721 Dei,·
505 2652 533 2706 ei
550 2652 689 2722 melodia,
706 2653 748 2706 ibi
763 2654 929 2722 appulorum
956 2652 1028 2708 dicit
1047 2660 1074 2708 et
1093 2667 1166 2721 auae
1184 2666 1327 2719 nunautam
1347 2657 1444 2704 exeunt
1462 2650 1497 2703 ab
1516 2651 1570 2704 illa
1590 2653 1703 2721 petria,
1722 2670 1796 2722 puae

91 2737 172 2793 chari
187 2737 339 2792 continuat
359 2737 421 2792 eine
434 2737 494 2806 fine
513 2738 595 2802 Deo,·
618 2737 647 2791 ei
663 2740 770 2793 munda
788 2739 929 2811 volupiae,
955 2738 1044 2793 neeeit
1056 2737 1115 2792 niei
1128 2736 1265 2806 paediam
1277 2742 1304 2790 et
1315 2735 1526 2806 jubilationem
1552 2736 1602 2791 Ibi
1618 2737 1692 2793 nihil
1710 2740 1795 2808 decet,

91 2831 215 2879 tore-eme
238 2840 308 2878 euoe
332 2823 487 2894 uoluptatis
505 2823 619 2896 potabit
644 2839 691 2879 eoe
711 2825 809 2893 Deum
831 2826 860 2879 ei
882 2842 928 2880 ea·
954 2839 1017 2880 eece
1040 2822 1229 2887 amedanaa',
1247 2839 1305 2893 pua
1323 2822 1476 2892 impleatur
1497 2822 1622 2877 humana
1639 2824 1793 2895 cupiditae.
1896 2886 1899 2891 .

87 2900 209 2980 pientia,
230 2909 295 2978 epea
310 2910 372 2962 Dei
390 2909 534 2978 capientia
558 2911 685 2967 aetem
709 2910 750 2964 eie
768 2925 799 2964 ee
818 2911 928 2980 bream,
958 2910 1035 2973 Quae
1047 2909 1155 2964 eetida
1170 2907 1264 2978 capia,
1280 2907 1422 2976 ubiaihii¹
1441 2909 1519 2977 quod
1536 2909 1621 2977 nola,
1639 2910 1685 2979 eit,
1704 2918 1792 2967 tatum

91 2996 119 3050 ai
139 2994 280 3061 amicdia,
307 2994 429 3064 dilipeat
444 2995 539 3049 Deum
558 2995 627 3068 plue
648 3013 732 3066 paam
752 2997 880 3065 seipsae
902 3004 928 3049 et
954 2997 1000 3062 eit,
1016 2997 1094 3065 quod
1110 2995 1201 3050 veliet
1231 2994 1314 3059 Quod
1329 2993 1357 3047 ei
1371 2993 1445 3048 nihil
1465 2995 1556 3050 deerit
1574 2996 1661 3062 nobie
1680 2998 1795 3067 ale'auid

92 3081 208 3136 iacimm
227 3089 363 3150 tanquan
384 3081 520 3151 serpeus,
539 3082 659 3136 etDeue
676 3082 745 3138 illae
757 3082 827 3152 plue
844 3099 929 3152 quam
955 3090 1048 3138 autem
1072 3099 1123 3137 noe
1140 3080 1275 3147 latuerit,
1303 3079 1441 3150 numquid
1469 3080 1524 3135 erit
1547 3083 1645 3151 pharia
1663 3100 1793 3139 coneum-

91 3166 140 3222 alli
155 3185 185 3222 ee
203 3166 295 3237 eptae,
323 3167 390 3236 quia
414 3165 464 3220 illi
482 3167 562 3222 illum
588 3175 615 3221 et
639 3183 668 3222 ee
694 3175 722 3222 et
739 3167 858 3223 invicem
873 3185 929 3237 per
954 3169 1054 3223 mata!
1071 3167 1143 3222 Ideo
1163 3166 1237 3222 nihil
1251 3165 1349 3220 latebit
1365 3183 1425 3232 noe,
1444 3175 1470 3219 et
1484 3181 1547 3222 eece
1562 3168 1715 3237 eapientia,
1735 3188 1793 3240 pua

91 3252 174 3307 ullum
192 3260 219 3306 et
236 3253 288 3309 ille
305 3270 334 3307 ee
353 3259 379 3306 et
397 3253 465 3308 illae
477 3269 533 3323 per
550 3269 581 3307 ee
598 3255 705 3323 ipeum,·
724 3255 751 3308 ei
763 3255 929 3319 concordia,
954 3255 1107 3310 curioeitae
1133 3252 1255 3308 hominia
1278 3251 1400 3306 satiaui-
1424 3257 1477 3307 ete
1527 3252 1606 3315 Quid
1628 3254 1657 3307 ei
1675 3263 1701 3309 et
1721 3255 1795 3311 nait

91 3339 219 3392 omnibue
237 3337 300 3393 illic
312 3339 366 3395 erit
384 3355 443 3392 una
454 3338 593 3408 coluntae,
610 3340 681 3408 auia
698 3339 780 3395 nulla
796 3340 858 3394 illie
876 3341 930 3395 erit
955 3340 1097 3409 defuerit,
1119 3346 1145 3396 et
1162 3339 1235 3395 nihii
1254 3339 1384 3403 latuerit,
1410 3346 1524 3394 maneat
1547 3346 1640 3394 autem
1664 3341 1749 3396 timor
1766 3348 1795 3396 et

90 3423 150 3479 aiei
174 3424 238 3479 cola
258 3425 319 3478 Dei
340 3424 488 3492 voluntem
513 3424 542 3477 ei
557 3432 701 3495 poteetae,
729 3426 929 3495 omnipotentes
955 3426 1085 3481 animata
1102 3424 1272 3480 amittendi!
1295 3424 1367 3479 Ideo
1390 3423 1463 3479 nihil
1488 3430 1587 3490 terret,
1610 3432 1638 3478 et
1661 3442 1722 3480 ecee
1740 3443 1794 3496 po·

90 3517 172 3565 munt
189 3527 259 3565 cuae
276 3509 430 3564 ooluntatie
448 3517 479 3563 ut
494 3509 577 3564 Deua
592 3527 671 3574 uuae,
691 3529 756 3565 nam
775 3511 849 3566 eieut
861 3519 929 3581 pot·
955 3514 1052 3582 tentia,
1072 3529 1130 3582 aua
1148 3511 1273 3567 humana
1291 3509 1443 3577 infimitae
1460 3509 1618 3567 roboretur.
1655 3510 1709 3564 Ubi
1726 3529 1794 3583 erpo

90 3597 147 3650 erit
166 3598 261 3663 Deae,
280 3596 359 3665 quod
375 3594 463 3664 uolet,
477 3611 535 3664 per
552 3611 583 3649 ee
602 3599 707 3666 iprum,
735 3596 777 3651 ita
793 3604 930 3666 poterunt
954 3616 1064 3652 eumm
1080 3596 1277 3666 abundantia,
1299 3613 1409 3651 eumma
1434 3595 1592 3664 eapientia,
1614 3613 1724 3653 mmma
1739 3615 1794 3669 po·

90 3681 149 3751 iili,
165 3683 242 3751 quod
257 3681 358 3748 colent,
373 3695 430 3750 per
443 3681 534 3750 ilium,
553 3680 705 3749 quiaeieut
719 3681 834 3737 illinon
845 3682 931 3737 aliud
955 3683 1046 3740 tentia
1063 3691 1117 3753 eet,
1135 3690 1207 3754 puto
1231 3684 1309 3752 quod
1332 3681 1405 3736 nihil
1423 3678 1499 3735 deeit
1511 3681 1691 3750 plenitudini
1706 3683 1795 3738 beati·

91 3766 186 3822 colent
207 3784 292 3838 quam
308 3766 385 3835 mund
402 3765 467 3836 ilie,
491 3766 535 3820 ita
553 3766 603 3821 ulle
621 3768 703 3834 uolet,
722 3769 865 3837 quidquid
882 3767 931 3822 illi
956 3769 1072 3834 tudinie,
1090 3775 1227 3838 quantum
1242 3774 1348 3838 spectat
1366 3769 1409 3821 ad
1419 3783 1556 3821 mmmam
1572 3767 1724 3831 felicitatis
1742 3769 1793 3825 hu·

91 3852 193 3917 volem,
217 3859 243 3907 et
262 3854 341 3922 qaod
359 3852 409 3906 ille
424 3851 506 3916 volet,
532 3870 589 3907 non
602 3854 709 3923 poterit
725 3871 781 3908 nan
804 3871 881 3924 eece,·
903 3855 932 3908 n·
955 3871 1065 3911 manae.
1084 3853 1133 3909 lib.
1154 3853 1189 3909 do
1209 3852 1333 3908 meditat
1350 3868 1376 3909 e,
1394 3858 1425 3907 t:
1445 3852 1617 3914 {Praemium
1634 3860 1676 3906 eet
1696 3854 1794 3909 cidere

91 3938 182 3993 honor
201 3945 227 3991 et
245 3936 370 4004 diuitiae,
390 3937 471 3992 Deua
489 3954 585 3993 cernae
600 3956 666 3994 euoe
682 3940 767 3995 bonae
785 3948 812 3994 et
828 3940 929 4003 fidebat
955 3942 1058 4007 Deum,
1076 3941 1168 3995 vivae
1184 3955 1247 3993 cam
1258 3939 1333 4006 Deo,
1352 3953 1412 3991 ecee
1431 3954 1493 3993 eum
1506 3938 1579 4005 Deo,
1600 3953 1660 3994 eeee
1677 3939 1708 3994 in
1720 3941 1795 4011 Deo,

90 4039 177 4095 cuper
194 4023 285 4077 multa
302 4025 464 4092 conutituetf
491 4023 519 4078 ei
536 4041 603 4079 uera
620 4027 772 4091 eeauritae,
795 4032 869 4080 certe
887 4027 928 4080 ita
955 4029 1005 4098 qui
1021 4028 1076 4082 erit
1093 4026 1188 4081 omnia
1209 4025 1240 4079 in
1258 4023 1398 4092 omnibue,
1423 4023 1525 4081 habere
1544 4026 1652 4095 Deum,
1678 4027 1730 4095 qui
1753 4033 1795 4081 eet

91 4111 164 4166 eerti
181 4116 270 4174 erunt,
289 4109 451 4164 nullatenue
469 4117 496 4164 et
509 4128 652 4182 muhaniam
664 4112 743 4166 ietud
756 4112 856 4167 bonum
874 4111 931 4165 eibi
954 4130 1092 4168 emnmum
1113 4112 1221 4167 bonum.
1256 4111 1298 4166 Et
1325 4109 1374 4164 ubi
1395 4117 1436 4167 eet
1454 4128 1591 4167 mmmum
1610 4111 1725 4181 bonum,
1753 4113 1796 4167 ibi

92 4196 268 4261 defuturum,
280 4196 352 4250 eicit
363 4196 435 4249 certi
446 4204 536 4265 erunt,
553 4213 583 4251 ee
601 4215 658 4252 non
672 4215 725 4251 eua
737 4205 835 4268 epante
852 4197 930 4252 illud
954 4216 1063 4254 summa
1076 4197 1224 4268 felicitae,
1244 4213 1352 4251 eumma
1365 4197 1551 4266 jucunditate,
1578 4211 1648 4250 uera
1665 4197 1793 4264 libertae,

93 4281 256 4348 amimam,
276 4298 326 4336 nec
346 4282 510 4336 dilectorem
532 4284 625 4337 Deum
648 4282 725 4337 hlud
746 4283 930 4338 dilectoribue
954 4286 1085 4356 perfecta
1103 4283 1226 4353 coritae,
1249 4290 1367 4338 aetem
1384 4283 1522 4337 eeeuritae
1541 4289 1567 4335 et
1585 4297 1687 4337 eeeura
1704 4290 1794 4337 aeter·

91 4369 151 4423 euie
178 4368 274 4422 inaitie
298 4368 472 4439 ablaturum,
495 4387 545 4424 nec
571 4370 686 4440 aliquid
704 4371 770 4424 Deo
788 4369 930 4439 potentiue
954 4370 1039 4425 ne‘tae.
1071 4368 1119 4424 lbi
1135 4377 1176 4425 eet
1195 4385 1264 4424 aera
1281 4368 1406 4432 laetitia,
1428 4368 1519 4437 plena
1539 4366 1675 4438 samntio,
1703 4369 1793 4423 omum

91 4455 299 4510 iavitaeDeum
311 4464 338 4509 et
353 4454 421 4510 aliae
434 4463 643 4526 separaturum.
656 4471 718 4526 eap.
737 4460 784 4512 26:
806 4456 929 4510 Tantum
951 4456 1137 4527 pulchritudo
1155 4462 1183 4509 et
1202 4455 1292 4510 omnm
1309 4454 1461 4508 beatitudo.

89 4542 258 4613 quatiebant,
268 4548 404 4610 putantum
413 4542 554 4611 ambiunt,
568 4549 675 4596 tantum
684 4541 827 4610 amabunt,
841 4558 929 4611 quaa·
989 4545 1045 4598 Eat
1060 4542 1102 4596 ibi
1113 4558 1184 4611 pac,
1194 4541 1301 4610 pictae,
1321 4539 1439 4610 imitat,
1457 4540 1515 4604 lun,
1535 4539 1633 4604 cirtae,
1651 4539 1792 4604 honmtae,

93 4635 152 4681 tum
166 4633 339 4695 capnoccent.
364 4625 776 4698 Hugolib.4.deanim.e15:
799 4626 929 4680 Omnium
993 4627 1120 4695 Gaudia,
1139 4627 1268 4682 laetitiae
1288 4625 1417 4693 manao,
1435 4625 1493 4680 uita
1507 4624 1650 4695 perennia,

95 4713 239 4767 beaterum
263 4711 338 4767 actio
360 4712 446 4766 eimul
468 4714 499 4767 ia
516 4713 656 4768 communi
674 4712 852 4783 septiformia
870 4719 927 4764 eet:
992 4713 1105 4782 Gloria,
1122 4713 1196 4779 laue,
1214 4711 1335 4780 requiee,
1353 4728 1433 4766 atuor
1449 4718 1478 4765 et
1497 4711 1653 4766 eoncordia
1671 4710 1774 4768 acha.

91 4798 200 4867 vicunt,
219 4799 349 4868 capiunt,
370 4805 480 4863 amant,
500 4801 639 4866 paudent,
658 4799 795 4866 hadent,
820 4797 929 4852 oeloeee
956 4799 1085 4854 Siccam
1100 4799 1164 4852 Deo
1181 4797 1263 4851 hanua
1282 4796 1378 4851 beatae
1397 4796 1506 4863 aritia
1523 4797 1604 4866 cuiue
1621 4796 1792 4852 canciemtc

93 4892 172 4949 eunt,
197 4884 292 4938 eeecui
316 4892 389 4939 eunt.
432 4883 533 4939 Viuunt
549 4886 610 4940 uita
628 4885 689 4940 cine
708 4886 776 4952 fiae,
789 4884 851 4939 eine
871 4901 928 4938 mo·
950 4890 1098 4956 peceatum
1123 4884 1264 4937 inuentum
1286 4900 1343 4938 non
1365 4884 1474 4954 suerit;
1498 4883 1603 4937 uidebit
1631 4883 1725 4938 Dedm
1751 4885 1794 4938 ad

91 4972 191 5038 leetia,¹
206 4971 267 5024 cine
282 4970 478 5037 diminutione,
491 4971 552 5026 aine
569 4971 645 5026 omni
663 4971 852 5038 advertitatef
869 4970 928 5025 cita
940 4952 943 5034 i
954 4972 1132 5035 uoluntatem,
1146 4968 1257 5024 habebit
1271 4969 1313 5022 ad
1322 4970 1502 5040 uoluptatem,
1513 4969 1628 5032 frenetur
1644 4970 1686 5024 ad
1693 4969 1792 5039 jucun·

92 5072 189 5110 eorum
205 5056 277 5110 oieio
300 5063 325 5108 et
342 5055 465 5126 capnitio
485 5056 582 5111 beatae
603 5056 764 5113 Trinitatis.
805 5055 929 5128 saprum
956 5058 1089 5122 ditatam
1113 5055 1143 5110 in
1160 5055 1507 5126 mendacemiam
1524 5055 1643 5109 ueritate
1654 5056 1792 5126 sulpebit,

92 5141 213 5196 coneilio
232 5148 260 5194 et
276 5142 394 5210 judicia
414 5141 487 5204 Dei,
511 5156 584 5212 quae
607 5150 672 5196 eunt
694 5142 812 5212 abpeeue
828 5142 928 5207 multa,
954 5144 984 5199 in
1012 5142 1134 5198 landate
1161 5141 1304 5211 paudebit.
1355 5140 1434 5196 Sicut
1467 5141 1578 5196 habebit
1600 5141 1794 5212 permeandi

91 5229 207 5298 capiunt
225 5245 327 5282 caueae
345 5235 370 5281 et
382 5234 502 5281 naturae
514 5235 542 5282 et
553 5228 678 5298 oripinee
691 5229 813 5283 omnium
824 5245 927 5286 rerum
953 5228 1158 5294 aeternitatem,
1182 5229 1224 5282 eie
1242 5227 1428 5298 cepnaeaencii
1445 5227 1618 5292 facultatem
1637 5235 1664 5282 et
1682 5228 1792 5298 requie·

91 5319 198 5369 Amant
205 5316 298 5368 Deum
305 5313 575 5384 incomparabiliter,
585 5314 653 5384 quia
661 5316 760 5380 edunt,
770 5316 929 5369 undeetad
953 5315 1052 5369 scendi
1054 5315 1235 5382 felicitatem.
1264 5313 1341 5368 Cioie
1357 5313 1497 5383 eiquidem
1515 5312 1568 5366 erit
1584 5312 1791 5368 ulliueeanetae

89 5402 161 5470 quid
173 5402 253 5455 Daue
271 5418 318 5455 eoa
331 5401 478 5471 provecit5
495 5408 592 5454 amant
604 5400 927 5470 aiapulicinpuloeeicut
953 5400 1255 5471 civitatee,eujcuecioee
1264 5399 1442 5467 euntanpeli
1457 5400 1537 5455 Deue
1547 5399 1636 5453 Pater
1648 5399 1790 5470 templum,

139 5497 250 5538 aurnum
269 5496 324 5538 loct.
342 5497 380 5538 IX.
1550 5488 1582 5540 22
