4050 6014
556 277 636 344 QUA
654 278 705 333 DE
724 277 818 335 VITA
837 278 891 336 JO.
908 277 1111 335 GERHARDI
1130 279 1366 336 DISSERITUR
1767 278 1810 333 XI

107 444 325 519 susceperunt
342 432 493 518 theologi,
515 434 570 517 qui
592 447 622 497 et
642 433 784 498 eiusdem
801 433 1005 517 decisionem,
1027 435 1214 498 auctoritate
1230 433 1386 500 Electoris
1403 434 1589 508 institutam,
1611 433 1644 496 in
1660 431 1811 518 peculiari

109 537 232 620 scripto
249 534 383 620 Lipsiae
400 536 490 600 1629.
514 535 599 600 edito
615 536 780 618 dederunt,
799 536 840 599 ad
862 558 958 619 quam
980 534 1150 620 plurimum
1166 534 1298 601 contulit
1310 535 1495 600 Gerhardus
1518 549 1635 601 noster.
1680 534 1811 598 Exami-

107 651 205 701 natae
228 636 324 700 etiam
342 638 469 700 luerunt
486 636 519 699 in
534 637 633 702 hocce
648 649 807 702 conventu
822 640 1011 724 quaestiones
1028 641 1195 704 Jesuiticae
1212 640 1405 725 Augustano
1420 638 1593 702 ministerio
1618 638 1809 723 propositae.

108 738 373 804 Criminabantur
388 738 539 802 nimirum
555 739 715 803 societatis
729 741 752 804 J
754 762 811 804 esu
827 741 1016 815 sacerdotes,
1039 741 1183 826 inprimis
1199 740 1429 826 Dillingenses,
1451 740 1670 805 Protestantes
1684 741 1812 803 conles-

110 843 236 905 sionem
250 841 483 926 Augustanam,
502 863 585 908 enno
599 844 692 906 1530.
707 839 823 905 Carolo
838 843 879 908 V.
892 842 1075 927 exhibitam,
1090 842 1138 906 vel
1154 843 1339 927 deseruisse,
1351 841 1401 905 vel
1416 841 1552 917 vitiasse,
1568 842 1704 926 hincque
1720 840 1807 925 pacis

113 942 286 1028 religiosae
309 965 393 1007 anno
417 945 509 1008 1555.
532 956 659 1008 sanctae
689 942 811 1006 iuribus
834 966 871 1007 ac
890 943 1065 1028 privilegiis
1088 968 1152 1009 non
1175 943 1310 1029 amplius
1331 944 1393 1007 frui
1414 966 1520 1029 posse,
1543 955 1659 1027 quaet
1681 942 1807 1029 penitus

110 1044 239 1109 sublata
268 1043 488 1128 tranquillitati
512 1045 637 1129 imperii
659 1045 805 1109 Romano
823 1045 999 1131 germanici
1021 1046 1139 1130 optime
1161 1045 1282 1111 consuli
1306 1058 1420 1131 posset.
1465 1045 1518 1108 Ab
1541 1045 1700 1109 iniuriosis
1724 1045 1810 1109 hisce

111 1146 371 1211 accusationibus
392 1158 426 1209 ut
450 1147 583 1210 ecclesia
606 1146 791 1210 Lutherana
812 1147 913 1211 solide
935 1148 1165 1224 defenderetur,
1188 1146 1330 1232 theologi
1353 1146 1505 1212 Saxonici
1528 1148 1567 1210 ab
1589 1146 1737 1211 Electore
1758 1147 1810 1211 Jo.

110 1247 259 1333 Georgio
294 1249 447 1332 scriptum
480 1247 713 1333 apologeticum
747 1270 937 1333 componere
971 1249 1047 1313 iussi
1081 1261 1163 1315 sunt.
1209 1249 1306 1330 Quod
1335 1260 1367 1313 et
1395 1248 1483 1312 nulla
1511 1249 1697 1333 interposita
1724 1270 1813 1313 mora

110 1350 347 1436 praestiterunt,
381 1350 467 1414 edito
492 1371 597 1435 opere,
620 1351 670 1413 cui
688 1354 887 1434 Det'easiouis
908 1354 1045 1437 pupillae
1066 1353 1253 1435 esraayelieae
1276 1373 1393 1414 nomen
1417 1351 1457 1414 ad
1479 1349 1601 1434 negotii
1624 1350 1810 1434 gravitatem

111 1452 336 1517 declarandam
365 1452 634 1537 imposuerunt*).
686 1454 812 1517 Auctor
840 1453 934 1516 huius
968 1453 1076 1538 scripti
1099 1452 1225 1537 publiea
1247 1453 1434 1517 auctoritate
1457 1453 1490 1515 in
1516 1452 1619 1515 lucem
1642 1452 1718 1516 editi
1743 1466 1812 1515 erat

113 1553 273 1619 Matthias
295 1555 370 1618 Hoe‘
391 1555 431 1617 ab
442 1554 634 1639 Hohenegg,
656 1554 782 1618 adiutus
805 1567 911 1619 tamen
933 1556 1068 1619 aliorum
1090 1567 1269 1620 nostrorum
1292 1555 1475 1630 doctorum,
1498 1552 1674 1639 Polycarpi
1697 1572 1809 1638 nempe

114 1656 250 1741 Lyseri,
270 1655 403 1718 Henrici
421 1655 615 1741 Hoepfneri,
639 1655 792 1720 Guilelmi
810 1658 935 1740 Lyseri‚
958 1659 1010 1723 Jo.
1031 1655 1252 1740 Hiilsemanni‚
1271 1678 1309 1720 ac
1331 1654 1690 1740 cumprimisGerhardi
1712 1654 1812 1719 nostri

115 1758 259 1824 consiliis
281 1759 581 1842 scriptionibusque.
613 1758 706 1823 Certe
719 1759 923 1824 Gerhardum
935 1759 1088 1844 scriptum
1113 1760 1210 1823 hocce
1225 1759 1459 1844 apologeticum
1474 1758 1610 1842 primum
1627 1756 1813 1839 delineasse‚

112 1861 375 1942 elaboratumque
389 1882 533 1924 seorsum
548 1861 587 1924 ab
596 1862 772 1926 Hoeoante
784 1874 975 1926 conventum
993 1859 1189 1943 reliquorum
1202 1859 1423 1945 theologorum
1439 1860 1610 1945 accepisse,
1619 1881 1659 1922 ex
1672 1859 1812 1945 epistolis

111 1962 306 2047 quibusdam
337 1962 479 2025 nondum
508 1962 601 2026 editis
631 1963 768 2027 ostendit
790 1962 1036 2046 Fischerus**l,
1064 1963 1111 2026 vir
1134 1963 1342 2027 doctissimus.
1387 1963 1454 2027 Vix
1475 1962 1538 2026 dici
1564 1974 1671 2025 autem
1698 1972 1813 2046 potest,

114 2077 253 2148 quantas
276 2064 384 2127 turbas
410 2064 545 2128 fecerint
561 2064 731 2144 Loiolitae‚
755 2088 827 2129 cum
847 2065 1003 2130 vindiciae
1019 2065 1078 2128 hae
1095 2065 1127 2127 in
1142 2063 1246 2127 lucem
1262 2063 1421 2150 publicam
1436 2064 1595 2129 exiissent.
1633 2063 1812 2127 Ediderunt

112 2189 189 2230 mox
215 2166 366 2251 plurimos
389 2164 513 2230 libellos
538 2167 663 2231 inficeto
686 2166 874 2251 plerumque
896 2184 928 2231 et
950 2166 1071 2231 ludicro
1093 2166 1165 2230 stilo
1191 2179 1347 2241 exaratos,
1384 2165 1500 2249 quibus
1523 2163 1637 2228 malam
1660 2186 1812 2228 exornare

113 2290 260 2332 caussam
281 2268 465 2352 pergebant.
502 2269 612 2348 Quare
630 2269 760 2334 Elector
774 2267 934 2333 Saxoniae
955 2292 1040 2332 anno
1064 2270 1157 2332 1630.
1182 2268 1222 2331 ad
1244 2266 1329 2331 diem
1346 2269 1394 2334 11.
1410 2267 1531 2353 Aprilis
1547 2266 1651 2330 denuo
1669 2266 1812 2350 Lipsiam

114 2368 261 2434 evocavit
282 2367 451 2454 theologos
475 2369 661 2451 Saxonicos‚
684 2370 850 2434 directoris
874 2371 1018 2455 partibus
1041 2369 1198 2433 Matthiae
1220 2371 1294 2433 Hoc
1316 2369 1408 2432 datis.
1453 2371 1528 2432 Huc
1550 2369 1658 2452 itaque
1680 2381 1711 2432 et
1730 2367 1814 2433 Ger·

112 2469 232 2534 hardus
261 2480 370 2534 noster
390 2492 424 2533 se
446 2470 531 2535 dicto
555 2471 606 2536 die
630 2470 764 2535 contulit
786 2484 882 2554 atque
904 2471 1076 2537 conventui
1098 2472 1152 2534 isti
1174 2469 1326 2546 interluit,
1358 2469 1390 2533 in
1413 2490 1476 2552 quo
1495 2481 1562 2533 tum
1578 2469 1618 2535 de
1633 2468 1702 2533 aliis
1718 2470 1813 2533 rebus

111 2572 155 2636 ad
183 2570 337 2636 ecclesiae
361 2573 565 2657 evangelicae
588 2571 722 2638 salutem
745 2572 979 2658 spectantibus,
1010 2586 1077 2636 tum
1100 2586 1132 2638 et
1159 2574 1198 2637 de
1221 2595 1305 2636 nova
1326 2572 1480 2658 imprimis
1503 2571 1652 2658 apologia
1673 2570 1813 2658 pupillae

114 2673 320 2760 evangelicae
342 2674 463 2738 Forero
496 2674 679 2760 cumprimis
702 2698 739 2740 ac
762 2674 1015 2762 Dillingensibus
1036 2675 1228 2761 opponenda
1250 2673 1435 2738 deliberatio
1457 2674 1517 2737 luit
1539 2673 1690 2737 instituta.
1728 2672 1814 2737 Con-

116 2776 207 2841 venit
228 2799 303 2842 vero
324 2776 406 2841 inter
434 2776 612 2862 theologos,
638 2779 692 2861 qui
716 2777 767 2843 hic
789 2779 931 2862 aderant,
954 2790 989 2841 ut
1011 2776 1164 2840 Matthias
1181 2778 1265 2851 Hoe,
1286 2797 1380 2859 quem
1402 2798 1499 2861 supra
1518 2774 1581 2839 iam
1594 2773 1814 2854 laudavimus,

114 2877 301 2962 scriptionis
331 2878 473 2942 laborem
501 2878 533 2940 in
559 2900 593 2942 se
620 2879 808 2963 susciperet,
840 2879 1027 2945 Gerhardus
1050 2891 1156 2942 autem
1178 2878 1349 2963 praecipua
1371 2877 1588 2962 responsionis
1609 2875 1815 2940 fundamenta

115 2978 231 3043 litteris
255 2979 441 3063 consignata
463 2980 566 3043 eidem
581 2980 808 3065 suppeditaret,
829 2994 926 3067 prout
947 2980 1093 3065 pluribus
1115 2981 1261 3044 observat
1272 2981 1450 3059 Fischerus,
1473 2979 1568 3044 modo
1591 2978 1683 3043 nobis
1706 2979 1812 3041 lauda-

113 3079 255 3164 tue***).
288 3082 398 3164 Atque
418 3082 464 3144 sic
480 3079 531 3145 vel
553 3082 680 3146 tandem
704 3095 797 3145 enata
819 3095 866 3148 est
881 3086 1005 3147 Iterato
1018 3084 1264 3166 frindcnreatulis
1287 3084 1422 3164 defensio
1440 3081 1630 3167 pupillusq‘),
1651 3102 1715 3143 una
1738 3101 1813 3145 voce

111 3205 132 3245 a
153 3181 310 3268 theologis
336 3182 517 3266 Saxonicis,
545 3184 600 3266 qui
623 3183 754 3268 Lipsiae
776 3198 1006 3267 convenerant,
1032 3185 1209 3270 approbata
1244 3194 1339 3267 atque
1362 3184 1450 3248 iussu
1473 3182 1631 3247 Electoris
1652 3180 1812 3246 Saxoniae

75 3310 81 3317 ¹
113 3285 149 3348 in
173 3284 275 3349 lucem
299 3285 461 3370 publicam
483 3285 577 3349 edita.

108 3503 220 3541 errores
229 3488 269 3541 ita
278 3488 349 3541 tueri
360 3505 393 3543 ac
408 3488 556 3543 defendere
565 3496 680 3541 conatus
689 3494 731 3543 est
741 3488 942 3554 Rathmannus,
956 3494 987 3541 ut
996 3488 1114 3542 subinde
1123 3489 1159 3542 ad
1170 3487 1196 3541 b.
1208 3487 1360 3541 Lutherum
1370 3487 1504 3557 aliosque,
1520 3486 1567 3555 qui
1581 3485 1654 3540 idem
1669 3485 1811 3551 sentirent,

112 3579 290 3643 provocaret.
326 3572 417 3636 Quum
443 3590 509 3629 vero
535 3573 587 3627 hac
613 3575 719 3628 ratione
741 3575 888 3627 multorum
905 3574 1080 3642 perturbaret
1097 3574 1216 3640 animos,
1235 3578 1263 3627 et
1279 3571 1465 3626 controversia
1482 3571 1565 3637 hacc,
1589 3587 1661 3640 quae
1680 3570 1716 3624 ab
1735 3570 1813 3624 initio

109 3658 226 3728 privata
243 3658 379 3712 duntaxat
398 3665 465 3721 erut,
485 3658 513 3711 in
532 3658 672 3728 publicam
686 3659 818 3729 deinceps
835 3667 991 3728 erumperet
1008 3659 1093 3729 inque
1116 3658 1243 3712 omnibus
1259 3656 1315 3711 fere
1330 3656 1479 3710 academiis
1498 3657 1532 3710 de
1548 3656 1633 3710 hocce
1650 3661 1813 3724 argumento

112 3743 315 3811 disputaretur,
335 3744 490 3797 consultum
510 3760 570 3797 esse
587 3741 735 3796 ridebatur
754 3743 1075 3815 J0.Georgio,E1ectori
1094 3744 1238 3810 Saxonias,
1258 3744 1281 3796 si
1294 3757 1398 3796 errores
1419 3742 1462 3795 isti
1477 3742 1692 3794 Rathmanniani
1711 3741 1812 3810 scripto

108 3828 235 3899 quodam
256 3828 370 3899 publico
395 3829 482 3882 solide
504 3829 726 3898 profligarentur.
767 3831 838 3884 Hinc
865 3831 940 3884 iussu
962 3831 1049 3901 ipsius
1069 3836 1154 3899 utque
1177 3829 1342 3884 auctoritate
1376 3828 1533 3897 oppositum
1560 3827 1613 3881 suit
1637 3826 1812 3880 Rathmauno

106 3913 248 3981 scriptum
267 3913 344 3978 illud,
365 3914 440 3985 quod
460 3931 545 3984 supra
562 3914 701 3967 innuimus
728 3920 756 3968 et
776 3915 804 3968 in
817 3915 905 3970 fronte
919 3914 991 3969 hanc
1011 3915 1083 3986 gerit
1098 3916 1320 3985 inscriptionem:
1341 3913 1524 3982 Ocresiam,
1544 3915 1658 3966 wahren
1673 3912 1813 3980 euangeli-

108 4000 199 4054 seusa
218 3999 343 4052 Kireltea
360 4002 420 4052 und
434 4003 645 4069 supersederim
670 4003 908 4070 uuqspurqischea
928 4001 1096 4063 Confession
1120 4003 1285 4068 zuqrtlruaer
1308 4000 1467 4068 Theoicpea
1489 4000 1668 4052 wiederholte
1685 3999 1813 4066 richtipe,

106 4085 283 4153 munditate
301 4087 362 4138 unci
380 4086 627 4153 uaror'rlerlepiiche
648 4087 735 4140 Lehre
753 4105 807 4140 roa
826 4090 878 4140 der
895 4089 1016 4156 heiligen
1037 4087 1148 4148 schrift
1154 4107 1165 4155 ,·
1186 4090 1256 4142 oder·
1277 4089 1339 4140 dem
1359 4087 1480 4154 heiligen
1493 4086 1700 4155 qeoffenbcrtea
1720 4086 1813 4139 Worte

110 4171 225 4233 Gottes,
240 4187 299 4223 uas
318 4173 446 4224 dusselbe
465 4173 558 4224 seinse·
575 4173 671 4225 Natus·
689 4174 750 4225 renel
766 4173 955 4241 Er'peuscliutl
972 4173 1044 4226 nach
1066 4192 1121 4242 sey,
1140 4175 1201 4226 und
1219 4176 1288 4226 slusa
1306 4190 1334 4225 es
1354 4175 1399 4225 die
1415 4173 1506 4234 Krest
1524 4175 1585 4224 und
1610 4171 1761 4237 Verturiyea
1780 4187 1812 4221 au

105 4255 288 4318 ortessueca,
312 4274 346 4308 au
372 4257 507 4312 bel-eirea
533 4259 594 4309 uari
620 4258 707 4324 seelt'p
731 4276 764 4310 zu
783 4259 912 4325 macheu,
939 4259 1115 4325 wulrlsuftip
1142 4277 1193 4311 vor
1219 4260 1280 4310 uad
1306 4265 1334 4310 iu
1360 4259 1423 4310 deut
1452 4257 1600 4310 Gebreueh
1622 4258 1651 4309 in
1674 4257 1734 4307 und
1762 4254 1812 4319 bey

103 4341 171 4394 sicli
191 4341 268 4394 habe.

215 4425 244 4493 ὓ)
267 4425 377 4480 Prodiit
401 4426 479 4481 hicce
503 4425 573 4479 liber
591 4426 705 4496 Lipsiae
728 4445 801 4482 anno
828 4433 893 4484 1628
912 4428 964 4484 huc
982 4429 1132 4499 insignitus
1152 4428 1346 4497 inscriptione:
1368 4427 1572 4491 Nothisemb'pe
1597 4425 1811 4492 Vertieidr'puap

105 4513 163 4564 dee
189 4511 311 4580 heiligen
333 4513 485 4566 riimisclien
511 4513 614 4566 Reicies
640 4514 848 4582 evangelisclter
874 4516 1061 4575 Chersitrsteu
1082 4518 1142 4567 aad
1163 4516 1271 4568 Sts'iude
1295 4513 1462 4581 Aspapfcls,
1481 4511 1599 4564 rrenrls'cli
1620 4513 1672 4563 der
1689 4511 1812 4578 wahren,

104 4595 218 4663 reineri,
235 4599 453 4666 uuqedndertea,
474 4599 585 4665 Kayser
604 4597 694 4650 Caria
715 4601 777 4651 siem
789 4603 925 4668 jr'luftea,
945 4601 1179 4654 eectsrteetieter
1203 4599 1404 4659 chs'icitas'ss,
1428 4614 1502 4648 anno
1529 4599 1603 4649 1530
1626 4597 1812 4666 uberqeeenea

103 4681 354 4750 asqspsryiseten
371 4683 539 4745 Confessr‘on
559 4685 620 4736 aad
637 4685 688 4736 des
708 4687 767 4752 auf
783 4685 904 4738 ‹lieselbe
921 4687 1088 4751 qericitetsn
1108 4686 1354 4751 lstichstrerpiiuteu
1373 4683 1650 4750 Religiousfriedeus
1670 4690 1720 4739 etc.

223 4766 263 4833 '*)
280 4769 313 4821 ln
333 4768 397 4821 Vita
415 4769 463 4823 Jo.
486 4769 633 4823 Gerhardi
650 4789 678 4837 p.
698 4773 759 4824 130.

217 4852 282 4917 Ψ)
302 4854 355 4909 loc.
377 4856 496 4907 excitato
511 4873 542 4923 p.
561 4858 621 4912 131,
643 4859 705 4909 132.

216 4939 244 5005 †)
265 4938 411 5009 Inscriptio
423 4939 486 4992 libri
505 4940 573 4994 haec
586 4947 641 4995 est:
661 4943 855 5010 Noehmaliye,
868 4941 1149 4996 unvermeideatliclre
1167 4941 1228 4992 uad
1246 4939 1413 5008 priinsdr'che
1427 4940 1741 5008 Hauptuertltee‘diquup
1760 4938 1812 4989 dee

105 5025 237 5092 heiligen
255 5025 412 5078 remissum
424 5027 526 5079 Reichs
544 5028 751 5095 eeuaqelisclier
774 5029 964 5103 Clrursttrstea
981 5029 1041 5079 tend
1061 5025 1169 5078 &dade
1186 5025 1421 5078 hochwertiiesten
1440 5025 1601 5093 Aupspsels
1619 5025 1680 5076 urici
1697 5023 1811 5074 tirsus-eu

106 5109 248 5172 Kleinod,
267 5110 386 5163 eemlich
405 5113 456 5163 der
469 5112 589 5174 wahren,
609 5114 714 5178 retusa,
733 5116 959 5166 uacerdaderteu
976 5112 1215 5181 araepspurpisclrea
1239 5110 1407 5174 Confession
1425 5112 1486 5162 uari
1504 5113 1553 5164 des
1574 5110 1690 5176 darauf
1703 5109 1811 5176 perich-

104 5204 187 5251 tetcn
199 5195 423 5264 lociverpo'ntea
437 5196 721 5266 Rels'qr'cusjre'edens,
741 5207 979 5267 sntpeqenyeseeet
997 5198 1075 5250 allen
1094 5200 1182 5251 denen
1200 5197 1329 5265 qi'fts'qen,
1350 5196 1644 5249 termentzuseriseien
1658 5194 1812 5248 Scurtekert

104 5283 172 5336 und
192 5282 448 5349 Ldsterscliristeu,
471 5300 503 5336 so
529 5283 637 5335 bishero
663 5285 751 5336 wider
777 5287 833 5337 cleu
854 5284 1099 5337 chursdrlrsisclren
1125 5283 1334 5350 escapels'selreu
1351 5283 1498 5350 Aupapsel
1518 5300 1571 5334 roa
1593 5282 1732 5334 Mduclren
1751 5283 1813 5334 unci

105 5368 244 5423 Jesuiten
254 5368 433 5436 aesqefleqeu
447 5375 498 5421 etc.
536 5368 619 5421 Liber
631 5368 676 5422 hic
696 5370 772 5422 iussu
783 5369 917 5424 Electoris
932 5370 1067 5424 Saxoniae
1087 5368 1260 5438 conscriptus
1280 5367 1442 5439 publicique
1457 5367 1525 5421 iuris
1543 5367 1631 5424 factus
1648 5374 1690 5422 est
1699 5366 1811 5438 Lipsiae

104 5469 185 5510 anno
209 5457 283 5507 1630.
298 5451 347 5508 fol.
368 5461 452 5523 atque
470 5469 583 5507 recusus
603 5453 804 5510 annis1631.4.
827 5461 897 5510 1673.
916 5462 939 5511 4.
