4050 6014
286 254 357 312 XVI
844 258 897 315 JO.
919 257 1021 315 suto.
1041 258 1192 315 CO'I'PAE
1210 258 1430 316 PRAEFATIO

289 409 411 495 elogia,
447 409 546 475 veluti
582 412 636 479 Jo.
667 410 830 477 Valentini
860 414 1027 490 Andreae,
1058 411 1214 478 Samuelis
1244 412 1410 478 Benedicti
1440 412 1627 501 Carpzovii,
1654 413 1795 501 Augusti
1821 415 1992 500 Buohneri,

288 512 358 576 Viti
373 510 534 576 Ludovici
556 536 576 576 a
598 511 825 591 Secltendorff,
848 515 988 598 itemque
1012 515 1231 600 theologorum
1244 515 1497 591 reformatorum,
1519 515 1758 599 Hoornbeckii,
1781 517 1898 600 trivan,
1934 518 1991 586 do,

289 612 448 678 Ludovici
464 613 621 700 Fabricii,
646 616 737 680 Petri
757 615 880 680 Juriaei
901 617 1098 700 aliorumque
1119 617 1152 679 in
1175 639 1278 680 rerum
1300 617 1479 702 praesentia
1500 616 1586 681 haud
1606 639 1826 682 memoremus.

416 765 491 831 Non
513 766 683 832 defuerunt
705 780 822 844 tamen,
844 791 885 833 ne
907 770 986 854 quid
1001 767 1248 846 dissimulemus,
1269 769 1413 835 homines
1435 769 1565 856 quidam
1586 769 1733 834 malevoli
1755 793 1792 836 ao
1815 769 1991 836 calumnia·

289 878 385 942 tores,
408 869 462 953 qui
485 868 519 933 in
544 870 698 954 optimum
720 871 831 945 virum,
855 893 949 936 verae
973 893 1133 955 sanaeque
1155 871 1317 937 doctrinae
1340 872 1588 957 tenacissimum,
1621 873 1707 937 virus
1727 895 1820 938 suum
1843 896 1990 939 evomere

291 969 492 1053 eundemque
504 969 688 1036 collusionis
701 972 998 1055 oumWeigelianis
1011 990 1040 1036 et
1053 974 1203 1037 fratribus
1216 974 1339 1039 Roseae
1356 974 1457 1038 crucis
1470 975 1653 1038 insimulare
1669 975 1766 1057 inque
1781 973 1990 1057 ἕιεροὸοξίας

289 1071 503 1157 suspicionem
544 1073 701 1137 adducere
733 1075 917 1158 neutiquam
951 1075 1147 1142 dubitarunt.
1203 1076 1310 1158 Quam
1344 1077 1558 1163 suspicionem
1591 1077 1735 1161 quamvis
1766 1075 1884 1160 scripta
1919 1076 1989 1139 eius

287 1173 393 1237 omnia
416 1174 455 1237 ab
480 1174 551 1260 ipso
575 1175 652 1239 satis
674 1198 834 1262 superque
856 1191 1071 1252 removerent,
1101 1200 1229 1241 caussas
1251 1190 1358 1242 tamen
1381 1190 1430 1242 sat
1451 1201 1564 1264 graves
1589 1202 1623 1243 sc
1642 1179 1762 1243 habere
1783 1177 1920 1241 credidit
1942 1177 1990 1241 vir

286 1273 576 1352 innocentissimus,
599 1300 695 1363 quam
718 1279 759 1342 ob
782 1299 849 1341 rem
871 1278 1077 1364 sycophantia
1099 1300 1235 1362 sequens
1258 1300 1386 1345 carmen
1407 1280 1490 1344 lectu
1509 1279 1733 1366 dignissimum
1754 1292 1943 1365 opponeret:

712 1448 773 1528 Qui
793 1450 929 1511 studium
951 1449 1008 1512 lroc
1031 1471 1103 1512 arco
1120 1451 1247 1533 pietatis
1266 1451 1405 1533 pnoot'ter
1424 1461 1512 1534 torpet

784 1551 832 1612 Et
852 1551 973 1634 sopltiea
983 1563 1110 1634 partem
1131 1562 1242 1615 tractat
1263 1563 1424 1636 utromque
1445 1573 1568 1626 coercet

707 1652 767 1714 Itte
788 1652 893 1715 Rotae
916 1654 1034 1716 munus
1053 1665 1080 1715 ct
1111 1653 1311 1736 Weipelionaa
1331 1654 1469 1728 liabetur,

789 1754 837 1816 Et
855 1758 929 1817 noia
950 1755 1050 1833 turpia
1072 1754 1100 1816 ei
1120 1756 1266 1818 contritus·
1285 1754 1449 1820 lacerasset.

706 1856 757 1919 De
779 1878 826 1919 me
850 1880 911 1920 non
933 1857 1030 1920 verita
1051 1868 1094 1918 est
1114 1858 1218 1919 virosa
1241 1856 1394 1918 colonicio
1415 1856 1450 1919 id
1468 1857 1571 1939 iprum

791 1958 947 2041 Sparpere
966 1968 993 2020 ct
1015 1958 1062 2019 tis
1083 1958 1172 2041 nupia
1193 1958 1356 2020 conciliare
1375 1958 1479 2036 fidem.

708 2057 855 2123 Ocoecae
876 2061 1033 2122 dominum
1054 2058 1185 2122 virentes!
1207 2082 1225 2122 o
1242 2072 1372 2144 pectora
1393 2057 1503 2123 coeca!

795 2161 821 2223 O
843 2161 907 2223 citae
929 2161 1041 2224 iudicio
1065 2161 1160 2224 debite
1182 2160 1349 2224 iudicium!

704 2262 824 2326 Discite
843 2285 955 2348 quaeso
975 2263 1076 2348 prius,
1098 2263 1165 2346 quis
1187 2285 1255 2326 cere
1284 2260 1506 2346 Weipeiicncs?

793 2365 904 2444 Quisve
921 2365 1027 2428 Rosae
1047 2361 1190 2429 meina?
1212 2366 1316 2428 diecde
1337 2385 1448 2449 quaeso
1461 2366 1565 2450 priua.

618 2524 624 2532 .
703 2466 883 2552 Dispeltunt
903 2467 988 2530 rodii
1008 2467 1124 2530 solarer
1145 2467 1251 2530 nubilo
1274 2467 1357 2548 coeli,

788 2565 864 2631 Iaca
884 2568 984 2631 cerie
998 2567 1093 2652 scitia
1116 2568 1230 2631 clarior
1252 2569 1380 2632 emicuit.

415 2751 484 2817 Nec
511 2753 572 2817 hoc
598 2752 725 2818 silentio
750 2754 1065 2839 praetermittendum
1091 2752 1143 2817 hic
1172 2761 1235 2836 est,
1261 2751 1464 2818 Gerhardum
1492 2762 1637 2817 nostrum
1666 2752 1837 2818 nonnullos
1858 2765 1986 2819 nactum

285 2875 355 2918 esse
374 2853 581 2931 adversarios,
603 2876 643 2919 ex
664 2854 920 2922 Romanensibus
943 2856 1072 2938 quidem
1093 2853 1280 2919 Gisbertum
1297 2854 1469 2940 Lappium,
1489 2853 1545 2937 qui
1567 2852 1738 2918 Albertum
1762 2855 1924 2942 Pighium,
1946 2880 1986 2921 ex

283 2953 407 3040 scriptis
438 2969 549 3020 contra
578 2957 608 3021 b.
636 2957 816 3021 Lutherum
843 2957 936 3021 editis
957 2957 1035 3020 satis
1058 2965 1187 3031 notum,
1215 2968 1326 3020 contra
1345 2956 1545 3021 Gerhardum
1571 2956 1741 3021 defendere
1767 2959 1896 3023 annisus
1918 2971 1984 3036 est3

284 3072 316 3119 et
343 3056 529 3142 Philippum
560 3058 686 3135 Caroli,
715 3059 770 3142 qui
801 3057 877 3123 olim
899 3058 1038 3122 Altdorfi
1061 3059 1160 3122 bonas
1183 3056 1305 3122 litteras
1327 3059 1450 3135 docuit,
1473 3059 1530 3123 sed
1555 3058 1680 3123 deserta
1701 3060 1898 3146 professione
1927 3083 1986 3125 sua

284 3157 325 3220 ad
347 3157 597 3223 Romanensium
620 3182 711 3225 sacra
733 3160 857 3224 transiit
879 3172 975 3243 atque
999 3161 1202 3244 Triumphum
1224 3162 1365 3246 antiquae
1384 3163 1461 3243 fidei
1481 3160 1545 3224 luci
1575 3160 1724 3247 publicae
1753 3164 1916 3249 exposuit;
1945 3186 1985 3227 ex

283 3275 393 3325 coetus
422 3282 497 3325 vero
531 3263 694 3327 reformati
724 3261 907 3328 doctoribus
929 3263 1083 3351 ,Marcum
1111 3262 1310 3327 Fridericum
1340 3262 1588 3340 Wendelinum‚
1617 3262 1801 3351 theologum
1823 3265 1908 3329 haud
1935 3265 1985 3328 in·

282 3360 448 3446 celebrem,
470 3364 525 3448 qui
551 3363 684 3449 Collcpio
706 3363 869 3430 Gerhardi
891 3366 1187 3429 Anti-Wendeliaao
1209 3363 1358 3449 opposuit
1379 3366 1626 3430 Ereroitotionee
1649 3367 1831 3452 theologicas
1850 3370 1985 3432 medicea

280 3488 343 3550 pro
365 3468 515 3551 tlteoiopt'o
536 3469 714 3551 chrisma,
732 3489 866 3532 excusas
882 3465 1017 3532 Casellis
1038 3490 1066 3534 a.
1091 3468 1191 3546 1652,
1214 3486 1341 3551 recusas
1364 3466 1456 3531 1669.
1475 3465 1507 3528 ἱη
1528 3467 1558 3533 4.

411 3603 534 3667 Verum
549 3603 627 3668 haec
643 3602 772 3689 quidem
789 3601 916 3689 scripta,
939 3602 965 3666 si
982 3602 1127 3667 fortassis
1144 3599 1328 3666 Wendelini
1344 3600 1587 3665 exercitationes
1607 3601 1703 3666 modo
1719 3601 1881 3676 excitatas,
1903 3621 1984 3684 quas

282 3725 361 3769 vero
384 3702 633 3791 Christophorus
656 3704 853 3783 Franckius,
888 3703 1057 3790 theologus
1080 3704 1241 3788 quondam
1261 3702 1470 3788 Kiloniensis,
1492 3703 1683 3787 confutavit,
1719 3701 1879 3788 excipias,
1902 3702 1983 3768 adeo

282 3805 391 3891 exigui
411 3806 506 3893 pretii
525 3821 605 3881 sunt,
627 3821 661 3870 ut
683 3807 736 3871 vix
758 3806 898 3893 aliquam
923 3819 1103 3872 mereantur
1124 3806 1341 3872 attentionem.

409 3941 449 4006 Id
481 3942 584 4026 magis
618 3963 732 4028 operae
765 3942 902 4029 pretium
925 3964 996 4008 esse
1018 3942 1219 4019 arbitramur,
1249 3955 1285 4004 ut
1316 3941 1356 4004 de
1388 3940 1490 4028 ipsius
1522 3940 1682 4006 Gerhardi
1702 3940 1801 4006 nostri
1831 3941 1920 4006 libris
1948 3941 1984 4005 in

281 4043 386 4109 lucem
411 4043 572 4130 publicam
603 4044 695 4111 editis
717 4046 873 4110 nonnulla
893 4045 945 4108 hic
967 4044 1119 4109 dicamus.
1155 4045 1242 4111 Sunt
1256 4043 1341 4109 enirn
1356 4043 1525 4130 multiplici
1540 4042 1719 4108 eruditione
1740 4043 1849 4109 referti
1865 4044 1983 4108 acerri-

282 4167 399 4230 moque
422 4145 575 4212 elaborati
609 4145 727 4212 iudicio
750 4169 788 4212 ac
810 4146 946 4233 proinde
969 4147 1052 4212 lectu
1073 4144 1261 4230 dignissimi.
1303 4144 1428 4209 Tantus
1452 4167 1525 4210 vero
1548 4166 1658 4210 eorum
1680 4156 1728 4208 est
1748 4167 1916 4228 numerus,
1948 4157 1983 4208 ut

281 4248 387 4314 dicere
403 4247 498 4315 liceat
518 4270 592 4313 cum
612 4249 764 4334 Augusto
781 4247 967 4314 Buohnero:

704 4403 778 4488 Ipse
799 4415 901 4466 autem
922 4413 987 4466 tam
1008 4401 1104 4464 multa
1127 4402 1196 4466 stilo
1218 4401 1272 4487 qui
1291 4402 1367 4465 tecta
1392 4400 1526 4484 repescit,

786 4504 907 4568 Scilicet
929 4527 991 4568 case
1014 4527 1092 4568 unua
1115 4503 1294 4567 bibliotheca
1312 4513 1421 4588 potest.

280 4636 532 4703 Recensebimus
555 4649 662 4706 autem
684 4640 788 4726 primo
810 4638 881 4704 loco
907 4639 1028 4704 maiora
1050 4638 1119 4707 eius
1140 4661 1246 4725 opera,
1275 4637 1316 4703 de
1336 4636 1467 4721 reliquis
1491 4636 1559 4701 eius
1582 4636 1707 4722 scriptis
1729 4636 1880 4723 deinceps
1902 4661 1983 4703 non·

280 4736 369 4804 nulla
388 4739 515 4806 dicturi.

407 4891 553 4956 Primum
586 4892 669 4958 inter
691 4893 746 4958 illa
767 4892 874 4959 locum
896 4895 1009 4959 merito
1040 4894 1153 4958 damus
1175 4892 1318 4958 eiusdem
1340 4891 1435 4957 Locis
1455 4892 1645 4976 theologicis,
1675 4911 1756 4975 quos
1785 4889 1981 4972 Gerhardus,

280 4994 404 5060 iuvenis
427 4996 468 5061 27
492 5017 664 5073 annorum,
694 5019 777 5061 anno
801 4999 895 5064 1610.
923 4995 1106 5081 Heldburgi
1128 4996 1308 5081 auspicatus
1329 5004 1395 5077 est,
1417 5013 1489 5056 cum
1509 5014 1668 5060 sacrorum
1690 4990 1811 5055 ibidem
1832 4990 1981 5055 antistitis

280 5121 411 5164 munere
433 5099 630 5185 fungeretur.
675 5099 882 5166 Continuavit
902 5122 977 5165 vero
1001 5099 1134 5163 arduum
1156 5098 1253 5164 hocce
1274 5118 1354 5181 opus
1377 5094 1520 5181 Coburgi
1549 5095 1708 5178 finemque
1727 5094 1856 5159 tandem
1877 5093 1982 5158 eidem

279 5200 432 5287 imposuit
442 5201 544 5268 Jenae
559 5224 585 5268 a.
599 5204 690 5268 1621.
706 5202 866 5268 dominica
878 5201 1107 5268 Reminiscere.
1145 5197 1334 5264 Absolvitur
1350 5195 1429 5261 illud
1444 5200 1464 5263 9
1486 5198 1591 5275 tomis,
1612 5219 1694 5282 quos
1715 5220 1798 5263 anno
1814 5198 1907 5262 1625.
1932 5196 1982 5260 in·

279 5317 388 5371 secuta
412 5305 541 5369 demum
561 5317 609 5368 est
622 5307 772 5389 Eaeqecis
791 5304 859 5371 sive
880 5305 1009 5371 uberior
1031 5303 1201 5390 explicatio
1223 5300 1429 5367 articulorum
1453 5300 1487 5367 in
1507 5313 1594 5365 tomo
1607 5301 1637 5367 1.
1658 5299 1800 5366 locorum
1822 5298 1981 5364 concisius

278 5415 493 5473 tractatorum.
546 5406 666 5474 Variae
692 5406 786 5471 huius
817 5407 922 5493 operis
945 5408 1103 5472 habentur
1121 5406 1298 5490 aditiones,
1325 5403 1429 5492 prima
1457 5415 1505 5468 est
1525 5401 1695 5489 ienensis,
1726 5401 1829 5467 forma
1851 5399 1980 5484 quadri·
