4050 6014
220 264 322 323 XXIV
390 265 444 324 J0,
457 265 558 323 mn.
570 263 722 339 coma
733 264 954 325 pacurano
966 265 1047 335 Qus
1056 265 1109 323 DE
1120 266 1214 325 VITA
1226 267 1278 327 JO.
1290 266 1493 337 Genusum
1506 270 1742 330 mssuul'rmt

351 422 501 490 Ceterum
522 423 693 503 librorum,
713 444 797 507 quos
810 419 998 489 Gerhardus
1020 432 1128 488 noster
1151 423 1356 511 conscripsit,
1386 424 1557 491 multitudo
1578 450 1642 493 non
1665 428 1805 506 obstitit,
1836 451 1919 514 quo·

221 526 329 594 minus
350 527 377 593 is
397 525 549 610 frequens
569 547 643 593 cum
662 525 793 589 summis
816 546 892 589 suae
914 524 1026 591 aetatis
1050 523 1308 610 doctissimisque
1330 526 1407 593 viris
1427 527 1608 595 institueret
1629 530 1806 599 litterarum
1825 553 1918 597 oom-

220 628 383 697 mercium.
424 627 588 714 Insignem
618 627 761 713 prolecto
790 626 930 691 virorum
960 626 1173 704 eruditorum,
1211 648 1285 699 cum
1313 629 1433 712 quibus
1462 630 1580 697 Noster
1606 654 1664 717 per
1691 630 1812 701 litteras
1849 632 1921 699 col·

220 729 347 797 locutus
364 744 428 815 est,
451 730 634 816 catalogum
649 729 776 795 exhibet
790 726 1010 810 Funerum),
1042 751 1138 814 quern
1160 729 1288 815 saepius
1314 730 1378 797 iam
1406 731 1617 799 laudavimus.
1660 732 1750 815 Quin
1777 735 1918 822 amplius

220 831 328 901 decies
350 832 437 899 mille
459 830 610 918 epistolas
629 831 669 895 ad
692 830 776 895 viros
796 829 956 915 principes
976 830 1153 915 doctosque
1176 853 1324 897 morasse
1346 833 1475 900 beatum
1496 849 1659 921 parentem
1687 859 1796 922 auum,
1823 838 1917 903 testis

221 947 269 1001 cst
290 935 431 1001 eiusdem
451 934 546 1013 filius,
564 934 618 1001 Jo.
640 935 798 999 Ernestus
819 930 1064 1017 Gerhsrdus‘*).

347 1071 457 1154 Atque
471 1070 551 1135 haec
568 1081 642 1133 sunt
667 1067 840 1155 praecipua
858 1080 1018 1133 momenta
1039 1066 1080 1132 ad
1101 1068 1197 1133 vitam
1213 1082 1244 1135 et
1265 1069 1333 1134 lata
1349 1080 1383 1135 et
1405 1071 1523 1156 scripta
1544 1073 1686 1159 theologi
1708 1072 1917 1160 celeberrimi,

219 1172 354 1239 Joannis
374 1172 546 1255 Gerhardi,
576 1170 773 1257 spectantia,
797 1192 838 1236 ex
860 1170 990 1258 optimis
1012 1170 1213 1237 documentis
1238 1171 1406 1260 decerpta,
1440 1196 1523 1259 quae
1543 1175 1750 1263 praeluminis
1770 1175 1841 1243 loco
1863 1177 1917 1242 hic

219 1273 361 1340 indicere
383 1274 551 1342 voluimus.

218 1530 280 1567 rum
299 1513 332 1581 is,
359 1513 409 1584 qui
428 1512 639 1566 ecera'tatr‘osasa
655 1511 686 1563 isa
704 1509 828 1566 Gomara
850 1510 934 1565 modo
945 1509 1081 1582 allegatas
1105 1510 1209 1578 edidit,
1234 1510 1289 1565 fait
1307 1512 1350 1568 Jo.
1371 1509 1545 1578 ledus,
1575 1510 1817 1584 stuttgardianus,
1846 1515 1918 1572 artis

220 1599 351 1654 salutaris
377 1600 475 1655 doctor
500 1597 679 1668 eiusdemque
697 1595 727 1650 in
745 1595 890 1651 academia
908 1593 1082 1667 Tubingensi
1101 1597 1254 1668 professor,
1274 1606 1361 1666 atque
1384 1597 1523 1652 nminat
1544 1596 1816 1669 wurtembergiae„
1839 1616 1914 1655 auno

221 1690 296 1742 1657.
324 1684 390 1739 latis
419 1684 540 1740 luamus.
584 1682 694 1752 Scripta
717 1682 776 1737 eius
805 1681 933 1753 chymica
963 1683 1102 1737 recensuit
1128 1683 1201 1738 Petr.
1231 1683 1356 1738 Borellus
1389 1682 1418 1738 in
1453 1683 1629 1738 Bibliotheca
1656 1686 1779 1739 altamira
1807 1704 1838 1756 p.
1864 1689 1910 1741 98.

219 1770 357 1825 Martinus
376 1769 509 1841 Lipenius
527 1770 556 1823 in
576 1769 754 1822 Bibliotheca
774 1769 885 1821 medica
897 1770 926 1837 f.
940 1768 995 1821 249
1013 1781 1097 1839 atque
1111 1768 1259 1823 Fischerus
1278 1770 1306 1824 in
1331 1769 1395 1824 Vita
1410 1767 1560 1824 Gerlorda'
1573 1788 1603 1840 p.
1618 1771 1683 1824 330.
1702 1769 1825 1827 Couhrri
1843 1789 1916 1845 quo·

220 1873 275 1928 que
295 1863 416 1912 meretur
433 1857 621 1923 Proprommo
638 1855 700 1924 ejas
715 1854 834 1919 susem
851 1853 999 1924 Tubingso
1018 1858 1084 1910 toas
1102 1855 1214 1910 editum

321 1944 349 2007 ')
368 1940 400 1995 ln
422 1943 489 1996 Vr'to
509 1940 656 1996 dertare·
670 1958 699 2009 p.
719 1941 870 1994 tas-501.

323 2027 369 2099 ⁸³)
389 2028 423 2082 In
437 2027 570 2097 Epistola
582 2027 761 2080 dedicatoria
778 2024 973 2079 commentarii
988 2023 1113 2095 parentis
1125 2040 1211 2094 sapor
1226 2022 1354 2082 omns
1385 2025 1540 2082 Nonnullae
1553 2025 1692 2082 Gerhardi
1708 2027 1796 2082 nerui
1813 2027 1916 2098 episto·

220 2113 263 2169 ln
282 2112 408 2170 eiusdem
427 2115 503 2169 os'taa
516 2131 549 2183 p.
561 2114 620 2166 602
635 2127 711 2181 seqq.
729 2110 874 2167 subiunxit
886 2110 1042 2165 Fischer-m.
