4050 6014
241 291 303 353 act
890 281 1122 341 morsuve
1141 283 1310 348 QUINTUS

240 437 313 492 vitae
333 437 446 503 mansit,
469 437 564 492 rursus
584 452 617 491 ex
635 435 779 508 gehennae
797 436 914 492 flammis
931 437 1071 508 eripiatur.
1100 439 1201 492 bantra
1220 439 1250 491 in
1270 437 1485 507 concrepatione
1506 435 1589 488 unisss
1608 433 1700 498 fasces
1722 433 1753 486 in
1768 438 1890 505 puteum
1909 439 1937 487 ct

241 521 320 592 Papa
331 522 418 594 igitur
432 521 493 592 plus
507 522 691 592 praestitiam
706 523 827 577 animam
840 523 963 577 damnati
980 538 1013 577 cx
1032 524 1070 577 in·
1099 524 1267 578 claudentur
1293 524 1333 577 ibi
1349 522 1379 576 in
1398 538 1518 588 carcerc,
1541 527 1649 589 etpost
1665 518 1767 593 multos
1786 519 1851 574 diss
1868 517 1937 571 cisi·

240 607 490 675 ierne-liberando,
510 624 592 678 quam
605 606 731 662 Christus
749 624 871 679 unquam
886 608 961 674 fecit,
981 608 1025 663 vel
1043 625 1072 664 se
1099 612 1238 665 tabuntur.
1281 609 1343 664 Hoc
1371 608 1433 663 loco
1462 623 1513 678 pro
1537 604 1704 661 stabilienda
1727 621 1778 660 sua
1804 603 1936 674 opinione

240 691 377 749 iaotmum
402 693 431 748 in
454 692 540 748 verbo
566 692 705 749 revelavit
748 693 934 764 Hieronymus
952 694 982 749 iu
1000 712 1072 751 com·
1099 695 1246 768 Origenem
1262 694 1349 751 fuisse
1361 711 1449 760 usum,
1467 693 1547 747 testis
1565 697 1607 747 est
1618 690 1730 761 Haymo
1745 691 1775 745 in
1787 695 1936 747 comment.

241 788 324 835 ment.
351 797 412 850 cap.
432 783 455 836 3.
474 779 565 836 bonae
579 780 701 850 opinioni
721 779 766 833 isti
779 778 939 850 Origenicee
957 786 986 835 et
998 780 1072 835 Ana·
1099 783 1171 838 illius
1196 799 1255 854 cep.
1280 790 1308 838 et
1326 789 1391 836 ante
1410 780 1488 834 illum
1506 779 1692 849 Hieronymus
1718 776 1785 832 ibid.
1806 775 1937 846 Respon-

241 864 407 936 baptisticae
431 867 576 937 sequentia
599 866 715 936 opponit
734 865 926 925 fundamenta:
952 872 977 934 1)
997 869 1072 938 quod
1099 870 1209 923 demus:
1225 869 1335 937 Haymo
1359 867 1464 935 statuit,
1493 867 1556 921 ideo
1572 865 1717 920 damnatos
1744 871 1808 934 post
1831 863 1936 918 multos

241 951 370 1022 nuspiam
397 952 490 1006 divina
509 951 652 1022 Scriptura
671 952 748 1007 illam
768 952 879 1023 doceat3
905 952 933 1025 2)
953 954 1027 1024 quod
1045 953 1073 1007 in
1099 970 1185 1009 annos
1209 955 1262 1009 dici
1280 955 1445 1016 visitandos,
1468 953 1535 1023 quia
1553 951 1582 1005 iu
1606 952 1807 1006 resurrectione
1824 951 1937 1007 snimss

175 1099 177 1103 ,
242 1038 387 1109 evangelio
405 1038 514 1093 dicatur
532 1040 607 1108 ipnis
625 1047 754 1093 aeternus
765 1047 791 1092 et
802 1040 973 1109 supplicium
985 1048 1072 1092 aeler-
1098 1058 1193 1095 sursus
1215 1057 1280 1095 cum
1296 1039 1458 1111 corporibus
1483 1039 1614 1093 unientur
1636 1053 1668 1092 ac
1688 1054 1751 1092 eum
1769 1036 1937 1108 corporibus

241 1143 315 1192 num,
334 1131 362 1178 et
379 1124 454 1195 apud
472 1124 598 1179 Esaiam:
627 1123 733 1179 Vermis
758 1143 813 1179 non
831 1126 977 1186 morietur,
1000 1128 1072 1193 ipnis
1097 1125 1180 1181 ‘simul
1205 1125 1410 1191 cruciabuntur,
1442 1141 1524 1197 quam
1554 1124 1707 1195 Haymonie
1732 1124 1937 1194 expositionum

124 1220 169 1264 Π.
183 1222 228 1265 etl.
241 1229 298 1265 nen
323 1212 526 1279 eestinpuetur,·
554 1213 580 1274 ³)
607 1210 683 1282 quod
708 1209 776 1265 haec
802 1211 940 1265 sententia
965 1211 1073 1280 penitus
1099 1212 1224 1284 sequitur
1240 1211 1376 1268 Osiander
1393 1212 1422 1266 in
1442 1211 1521 1267 notia
1546 1209 1597 1265 Sed
1616 1209 1754 1279 judicium
1771 1217 1936 1273 extremum,

241 1301 347 1351 evertat
367 1295 493 1350 timorem
511 1295 580 1362 Dei,
604 1295 669 1360 dum
693 1296 777 1351 facile
800 1295 924 1350 homines
941 1296 1073 1351 labuntur
1101 1299 1135 1353 de
1154 1315 1208 1370 quo
1227 1299 1363 1369 propheta
1391 1297 1430 1353 ibi
1451 1298 1519 1369 egit,
1547 1305 1677 1368 sequetur
1695 1296 1936 1351 resurrectionem.

242 1381 279 1436 ad
301 1382 369 1436 vitia
394 1388 538 1452 putantes,
567 1398 661 1438 omnes
686 1381 827 1451 improbos
844 1382 993 1453 aliquando
1010 1391 1074 1453 post
1100 1386 1228 1456 Lyrceus
1254 1384 1312 1441 dies
1332 1386 1432 1440 multos
1449 1388 1651 1460 μετωνυμικώς
1668 1385 1870 1452 propeccatis
1890 1400 1937 1439 ac·

242 1483 346 1537 poenas
364 1467 422 1522 iore
441 1467 603 1537 adeundos,
629 1472 657 1533 l)
678 1467 702 1520 si
718 1476 782 1537 post
795 1469 908 1541 longum
920 1470 1072 1526 seculorum
1100 1472 1182 1542 cipit,
1208 1473 1275 1544 quia
1299 1474 1329 1526 in
1354 1472 1451 1525 diebus
1473 1472 1581 1535 multis,
1606 1470 1659 1524 hoc
1685 1477 1728 1524 est
1753 1487 1770 1524 a
1797 1470 1937 1540 principio

243 1554 389 1611 circuitum
407 1555 527 1607 omnium
545 1568 637 1607 rerum
655 1553 793 1608 restitutio
811 1553 875 1622 fiat,
901 1562 932 1610 ut
958 1573 1015 1610 una
1032 1557 1070 1611 di·
1100 1558 1209 1620 mundi,
1234 1558 1312 1612 fuere
1338 1557 1497 1626 commissa,
1523 1556 1625 1612 dicitur
1651 1555 1723 1612 enim
1755 1557 1783 1610 in
1804 1555 1937 1612 Hebraeo

241 1640 334 1712 gnitas
352 1641 388 1694 sit
404 1640 572 1705 animarum,
594 1641 676 1695 nulla
699 1642 838 1697 durantia
857 1644 910 1696 erit
927 1644 1000 1697 inter
1017 1645 1072 1697 cir·
1101 1646 1173 1718 0⁸⁷3:
1192 1630 1269 1712 ἕπῃ,
1287 1661 1307 1696 a
1323 1644 1422 1699 diebus
1441 1645 1545 1698 multis.
1584 1643 1640 1698 Sed
1660 1642 1719 1698 dies
1740 1658 1790 1713 pro
1810 1642 1937 1712 peccatis

241 1727 334 1796 pinam
352 1733 379 1779 et
392 1727 591 1796 prostibulum,
609 1726 682 1783 inter
690 1737 807 1781 matrem
821 1729 942 1782 Domini
957 1736 983 1782 el
1001 1730 1074 1783 inter
1099 1730 1179 1799 sumi,
1204 1729 1250 1784 vix
1272 1736 1363 1800 potest
1386 1730 1479 1800 aliquo
1498 1728 1656 1800 Scripturas
1675 1730 1801 1798 exemplo
1820 1730 1936 1785 demon·

241 1812 370 1874 oictimas
388 1814 538 1869 libidinum
553 1814 743 1885 publicarum.
779 1816 862 1869 Idem
877 1816 931 1869 erit
954 1813 1073 1870 Gabriel
1101 1817 1191 1884 strari,
1210 1832 1243 1871 ec
1261 1816 1480 1886 praeposuistis,
1500 1832 1556 1870 non
1582 1814 1670 1870 solnm
1696 1817 1746 1881 de,
1775 1816 1824 1870 sed
1850 1817 1936 1872 etiam

243 1905 270 1952 et
289 1901 430 1965 diabolus,
450 1901 575 1971 apostoli
595 1907 621 1954 et
640 1903 804 1972 daemones,
829 1901 905 1956 idem
918 1903 1073 1972 propbetas
1097 1910 1163 1970 post
1188 1900 1329 1974 significat
1352 1900 1452 1957 Genea.
1472 1910 1496 1970 t,
1519 1920 1544 1958 v.
1565 1906 1589 1957 ³.
1616 1900 1704 1957 Ossae
1724 1906 1749 1966 6,
1775 1919 1801 1956 v.
1819 1906 1844 1958 ³.
1886 1901 1936 1957 Sic
1949 1917 2023 1960 ms

243 1992 271 2040 et
282 1988 554 2058 pseudoprophetae,
573 1988 648 2041 idem
669 1996 808 2055 martyres
825 1998 851 2043 et
864 1997 1074 2057 persecutores,·
1100 1986 1196 2042 Latini
1211 1986 1294 2042 etiam
1313 1988 1417 2054 dicunt,
1437 2006 1455 2042 a
1470 1987 1596 2053 meridie,
1614 2004 1633 2040 a
1645 2003 1749 2054 mensa,
1768 2004 1787 2039 a
1807 1987 1937 2045 lectiam.

243 2071 272 2143 b)
290 2072 314 2127 ci
332 2071 395 2127 finis
413 2073 534 2133 omnium
550 2072 647 2128 similis
665 2080 717 2142 est,
734 2073 809 2146 finge
828 2073 949 2129 infinitas
967 2079 1073 2131 aetates
1102 2073 1219 2138 Quidam
1245 2074 1416 2142 existimant,
1436 2082 1502 2143 post
1525 2074 1628 2127 multos
1652 2073 1713 2128 dies
1736 2073 1852 2128 visitari
1876 2089 1938 2129 esce

242 2158 429 2226 cruciatuum,
454 2159 633 2228 praeteritum
648 2175 729 2214 omne
749 2177 799 2230 pro
820 2159 905 2215 nihilo
925 2167 980 2225 est,
1007 2163 1075 2230 quia
1102 2160 1174 2214 idem
1193 2160 1267 2232 quod
1286 2176 1394 2230 semper
1407 2159 1521 2225 visitari,
1540 2159 1606 2230 quia
1620 2158 1766 2229 Scriptura
1778 2160 1939 2215 nominibus

242 2261 299 2298 non
315 2245 482 2315 quaerimsu,
503 2248 581 2314 quod
593 2246 751 2315 aliquando
764 2247 911 2315 fuerimus,
928 2244 982 2304 sed
999 2250 1077 2318 quod
1103 2255 1260 2316 temporum
1281 2245 1413 2302 describit
1430 2245 1624 2300 aeternitatem
1637 2261 1688 2316 per
1709 2245 1850 2315 quandam
1871 2262 1939 2316 συγ-

243 2345 354 2398 semper
373 2332 468 2396 futuri
483 2348 585 2385 memus.
1102 2332 1264 2403 arrepens.
1313 2331 1489 2387 Consuetudo
1515 2340 1557 2385 cst
1575 2330 1750 2400 scripturae,
1772 2331 1814 2386 ait
1831 2330 1939 2389 Ribcrts

109 2436 244 2485 sennen..
280 2420 321 2470 bt.
347 2414 528 2487 Argumentis
546 2421 662 2472 utuntur
682 2417 854 2487 potissimum
877 2419 1026 2490 ejusmodi:
1054 2426 1076 2476 1.
1103 2418 1131 2472 in
1149 2435 1210 2488 cap.
1229 2424 1251 2474 1.
1286 2417 1409 2483 Hoseae,
1433 2426 1463 2472 ut
1484 2434 1568 2487 saepe
1594 2418 1783 2488 differentiam
1809 2417 1938 2487 aliquam

112 2493 487 2580 ssgfffifenmapnitudinc
501 2503 614 2558 diuinae
631 2505 889 2561 commiserationis.
920 2505 1022 2562 Psalm.
1036 2511 1077 2575 tt,
1102 2506 1236 2575 temporis
1261 2512 1392 2574 usurpet,
1418 2522 1472 2572 quo
1486 2505 1714 2573 permansionem
1738 2507 1885 2573 quandam
1911 2514 1939 2560 at

113 2591 232 2682 amer·
246 2604 271 2642 v.
291 2592 321 2645 8:
346 2589 495 2658 Numquid
518 2590 548 2642 in
571 2589 668 2644 secula
686 2591 827 2661 elonpabit
843 2609 873 2646 se
893 2593 1032 2647 Dominus
1052 2601 1077 2646 ct
1104 2592 1280 2645 durationem
1297 2592 1353 2653 rei,
1378 2608 1461 2659 quam
1480 2598 1594 2654 namot,
1611 2591 1641 2642 in
1660 2590 1714 2643 illa
1735 2592 1834 2658 eadem
1853 2591 1937 2663 diffc-

109 2693 232 2742 suorueto·
244 2676 404 2740 noncddet,
421 2682 453 2728 ut
469 2676 536 2730 uelit
553 2677 654 2731 ultra!
671 2694 696 2731 v.
716 2681 740 2735 9.
760 2679 908 2747 Numquid
925 2679 1029 2743 defecet
1047 2679 1076 2732 in
1102 2678 1194 2732 rentia
1206 2678 1340 2746 temporis
1359 2677 1505 2745 siqnificet.
1540 2675 1588 2731 Sic
1604 2691 1670 2746 orgo
1687 2692 1738 2744 per
1748 2676 1937 2733 visitationem

112 2755 169 2787 Μ’·
244 2760 342 2814 secula
359 2761 556 2823 misericordia
581 2763 664 2831 ejus!
688 2780 712 2818 v.
741 2768 780 2821 ib.
805 2764 952 2834 Numquid
975 2764 1076 2820 obiitin
1103 2769 1167 2833 post
1183 2762 1284 2818 multos
1304 2763 1362 2818 dies
1376 2761 1540 2833 intelligitur
1555 2761 1707 2817 aeternain
1721 2762 1860 2832 supplicio
1873 2780 1936 2834 per·

245 2854 284 2900 cst
302 2846 433 2901 misereri
440 2848 521 2902 Deus
541 2856 567 2902 ct
581 2848 683 2904 claruit
699 2848 729 2903 in
747 2849 849 2913 surore
864 2851 1075 2906 misericordius
1102 2850 1219 2910 mensio,
1247 2855 1280 2902 ut
1303 2848 1340 2902 sit
1356 2863 1467 2912 sensus,
1497 2856 1711 2919 quantacunque
1737 2847 1845 2903 duratio
1872 2855 1939 2920 post

244 2935 332 2988 masi
349 2932 451 2988 Pselm.
465 2938 506 3000 84,
519 2951 543 2990 v.
558 2939 604 2990 19:
627 2936 671 2989 Nc
689 2936 865 2991 obliuiscaris
882 2939 912 2990 in
923 2946 1074 2994 aeternum.
1098 2935 1233 3006 judicium
1253 2933 1575 3008 intelligitureifluxisse,
1594 2933 1687 2988 adhuc
1699 2933 1823 2989 manebit
1840 2950 1937 2991 eorum

244 3018 405 3089 Respondet
423 3019 598 3090 Augustinus
616 3019 664 3077 lib.
680 3027 723 3078 21.
742 3022 777 3076 de
795 3023 868 3077 civit.
887 3022 942 3079 Dei
961 3041 1021 3094 cap.
1034 3030 1074 3082 24.
1102 3022 1222 3077 visitatio
1237 3028 1266 3077 et
1283 3020 1455 3091 supplicium
1486 3019 1559 3074 Illud
1574 3027 1679 3074 eertum
1698 3027 1853 3076 esttumcc
1866 3022 1938 3076 aliis

244 3106 297 3160 lsoc
318 3107 460 3175 pertinere
486 3109 527 3161 ad
549 3124 619 3160 uasa
641 3107 856 3162 misericordiae
880 3117 906 3163 et
931 3111 971 3165 ad
998 3111 1075 3180 ipsos
1103 3109 1270 3178 Scripturas
1295 3108 1392 3169 dictis,
1421 3124 1494 3179 quae
1518 3107 1554 3161 de
1583 3106 1729 3178 impiorum
1758 3107 1938 3164 damnatione

243 3190 320 3256 filios
344 3192 555 3261 promissionis,
583 3209 701 3262 quorum
726 3211 798 3247 unus
823 3203 885 3248 erat
905 3196 989 3250 ctiam
1015 3197 1076 3266 ipse
1102 3202 1203 3267 egunt,
1233 3204 1287 3249 tum
1309 3212 1342 3249 ce
1360 3196 1444 3263 nujus
1457 3195 1548 3263 ipsius
1567 3193 1624 3248 loci
1642 3194 1870 3258 circumstantiis,
1888 3194 1938 3265 agi

239 3278 395 3349 propbeta,
421 3280 470 3348 qui
494 3296 557 3333 cum
583 3278 712 3344 diaisset,
738 3282 875 3350 numquid
900 3282 1076 3338 obliuiscetur
1102 3282 1220 3338 hicnon
1239 3283 1450 3337 decisitatione
1470 3281 1590 3348 pretias,
1611 3296 1667 3351 qua
1686 3279 1809 3334 damnati
1826 3279 1883 3335 sint
1901 3295 1938 3336 cx

244 3364 375 3419 misereri
396 3367 498 3419 Deus!
522 3366 654 3420 continuo
680 3367 805 3436 subjecit,
830 3369 899 3422 baec
920 3376 960 3423 cst
979 3369 1075 3424 imma·
1102 3368 1210 3422 inferno
1227 3367 1379 3434 liberandi,
1402 3367 1445 3421 vel
1470 3383 1559 3437 poena
1579 3381 1672 3421 eorum
1689 3365 1859 3437 mitiganda,
1885 3366 1938 3422 sed

244 3451 316 3504 tatio
343 3452 460 3508 denras
486 3453 588 3506 excelsi
609 3457 661 3512 cto.
699 3453 754 3506 Ira
773 3455 832 3508 Dei
849 3462 894 3531 xest
916 3456 1002 3510 etiarn
1021 3457 1076 3509 ista
1103 3458 1139 3508 sle
1160 3456 1319 3509 uisitatione
1337 3456 1412 3521 irae,
1436 3471 1492 3525 qna
1513 3460 1576 3522 post
1594 3452 1693 3507 multos
1712 3451 1785 3522 dies,
1813 3452 1867 3510 hoc
1893 3459 1939 3510 est

245 3537 305 3602 cita
325 3536 470 3603 mortalis,
493 3538 542 3592 ubi
565 3539 644 3594 boma
661 3539 782 3595 sanitati
797 3541 899 3595 similis
915 3543 1017 3606 sactus
1035 3551 1076 3598 est
1104 3546 1165 3610 post
1177 3540 1265 3595 multa
1278 3539 1431 3594 seculorum
1446 3539 1542 3607 millia,
1560 3539 1596 3594 ad
1615 3539 1740 3594 rediviva
1759 3546 1786 3593 et
1802 3545 1939 3596 renovata

244 3631 270 3677 et
288 3623 349 3679 dies
364 3624 426 3693 mus
445 3625 519 3678 uelut
536 3626 636 3679 umbra
649 3634 840 3694 praetereunt,
862 3628 892 3680 in
911 3644 967 3696 pua
985 3637 1076 3683 tamen
1103 3643 1210 3698 semper
1228 3627 1410 3696 depascentur
1423 3626 1568 3696 supplicia.
1608 3623 1703 3689 Qualis
1722 3625 1795 3680 enim
1813 3625 1939 3681 visitatio

244 3711 291 3763 ira
311 3727 367 3763 nen
384 3710 564 3765 obliuiscetur
584 3713 713 3766 misereri
731 3715 811 3767 Deus
828 3716 969 3783 sariendo
990 3716 1076 3771 solem
1104 3722 1153 3777 est,
1175 3731 1230 3784 qua
1251 3713 1326 3766 licus
1350 3713 1378 3765 in
1398 3711 1442 3766 die
1456 3712 1556 3783 judieii
1576 3711 1703 3766 militiam
1721 3711 1791 3766 coeli
1808 3718 1836 3766 et
1855 3728 1939 3784 reges

244 3813 325 3852 suum
343 3797 417 3851 eriri
434 3814 520 3866 super
542 3799 626 3852 bonos
645 3805 672 3851 et
691 3799 780 3853 malos
800 3808 825 3853 st
845 3800 973 3869 pluendo
991 3819 1077 3871 super
1104 3799 1202 3869 impios
1222 3797 1360 3866 visitabit,
1385 3797 1449 3852 talis
1475 3798 1559 3852 etiam
1573 3796 1627 3851 erit
1645 3813 1692 3857 ea.
1718 3814 1773 3869 qus
1791 3796 1940 3852 damnatos

244 3883 336 3950 iustos
354 3890 382 3936 st
402 3883 521 3952 injustos
548 3901 583 3939 ac
601 3901 671 3938 cesa
689 3885 751 3939 irae
768 3888 901 3941 mutanda
919 3888 949 3941 in
968 3888 1075 3945 melius.
1104 3890 1167 3954 post
1184 3885 1284 3938 multos
1298 3900 1384 3938 annos
1396 3881 1526 3949 visitabit,
1545 3888 1577 3936 nt
1596 3887 1741 3937 contextus
1756 3881 1939 3952 propheticus

244 3967 284 4024 Et
297 3975 409 4040 postea:
446 3969 549 4032 Quibus
568 3971 666 4040 placet
689 3974 773 4026 istam
800 3974 965 4028 sententiam
992 3991 1078 4044 usque
1105 3970 1249 4027 manifeste
1274 3970 1402 4026 ostendit.
1438 3970 1503 4026 lam
1527 3984 1591 4023 vero
1608 3969 1658 4023 illa
1680 3976 1723 4023 est
1739 3967 1861 4024 visitatio
1880 3986 1939 4024 non

244 4058 289 4124 ,ad
310 4047 364 4110 iiia
388 4057 537 4126 impierum
560 4064 698 4112 tormenta
716 4060 895 4130 protendere,
920 4061 1019 4114 saltem
1036 4062 1078 4116 sic
1104 4057 1212 4129 gratim
1230 4057 1356 4112 aeduae.
1386 4055 1462 4127 Ergo
1480 4062 1508 4110 et
1526 4054 1594 4110 haec
1613 4055 1678 4110 telis
1691 4055 1751 4119 erit,
1768 4070 1802 4108 sc
1819 4053 1940 4124 proinde

246 4142 415 4212 intelligant,
432 4150 462 4196 ut
479 4150 606 4196 manente
628 4144 656 4196 in
676 4144 717 4197 eis
737 4143 784 4197 ira
803 4145 870 4210 Dei,
883 4161 965 4214 ,puae
981 4147 1012 4200 in
1031 4165 1077 4201 ae·
1104 4143 1179 4197 locus
1196 4141 1241 4196 bic
1258 4141 1434 4212 propheticus
1451 4147 1559 4196 tantum
1571 4140 1658 4208 abest,
1675 4147 1708 4195 ut
1724 4139 1941 4210 perpetuitatem

247 4236 325 4284 terne
343 4235 383 4283 est
396 4229 585 4298 pronuntiata
597 4228 747 4299 supplicio,
766 4247 821 4282 uon
839 4231 980 4285 contineat
997 4233 1077 4286 Deus
1104 4229 1278 4283 infernalium
1292 4228 1488 4299 suppliciorum
1500 4227 1641 4299 infringat,
1661 4233 1693 4280 ut
1713 4225 1827 4281 eandem
1846 4225 1940 4296 magis

243 4314 277 4373 in
295 4313 349 4368 bac
365 4314 412 4367 ira
429 4330 482 4368 sua
498 4314 691 4369 miserationes
710 4331 777 4368 suas
795 4317 932 4381 olfaciat
953 4334 1000 4372 sos
1022 4337 1077 4372 non
1105 4314 1237 4370 stabiliat.
1267 4314 1369 4370 Confer
1389 4314 1464 4375 dicta
1483 4313 1652 4383 Scripturas,
1668 4312 1698 4366 in
1717 4311 1818 4383 quibus
1834 4327 1940 4368 nomen

246 4407 333 4470 tanta,
358 4408 463 4470 maante
487 4401 570 4469 dipni
585 4409 658 4469 sunt,
674 4418 832 4470 poenarum
850 4405 996 4459 atrocitate
1015 4422 1076 4458 cru·
1104 4400 1269 4455 visitationis
1296 4403 1330 4454 ele
1351 4399 1592 4454 scemurense
1612 4415 1770 4468 acpocnae
1792 4398 1941 4470 accipitur,

245 4487 328 4557 clari,
350 4505 407 4542 non
425 4495 455 4541 ut
473 4503 522 4542 ecs
534 4504 645 4557 poenos
661 4488 705 4542 cel
722 4506 864 4560 nunquam
884 4491 1013 4557 subeam,
1035 4493 1078 4546 sel
1103 4487 1190 4543 Exod.
1210 4493 1251 4555 tu,
1268 4505 1293 4540 v.
1314 4493 1339 4543 5.
1358 4503 1416 4557 cap.
1436 4489 1477 4553 32,
1498 4503 1522 4539 v.
1544 4490 1585 4543 34.
1605 4485 1694 4540 Lavit.
1715 4492 1754 4554 18,
1772 4503 1796 4539 v.
1815 4490 1856 4542 27.
1875 4503 1940 4559 cap.

246 4575 403 4644 aliquanda
417 4575 524 4643 iniant,
544 4576 597 4628 sed
613 4583 643 4627 ut
663 4592 712 4629 eas
724 4577 857 4643 mitiores,
875 4595 958 4646 quam
976 4579 1077 4631 merita
1103 4579 1144 4642 26,
1169 4590 1194 4626 v.
1220 4579 1258 4628 16.
1282 4580 1333 4628 etc.
1370 4572 1555 4642 Hieronymus
1579 4573 1609 4626 in
1632 4588 1743 4631 comm:
1773 4573 1838 4626 Non
1863 4573 1942 4629 dieis

245 4668 308 4714 sunt
330 4677 441 4725 eorum,
465 4660 637 4731 levioresque
655 4663 812 4735 patiantur.
858 4663 938 4726 Quod
964 4666 1076 4732 quidem
1103 4668 1200 4729 aperte
1224 4659 1376 4729 Scriptura
1403 4659 1514 4725 diuina,
1544 4658 1730 4712 visitabuntur
1755 4659 1790 4712 ab
1816 4660 1939 4728 anpelis,

245 4765 302 4802 nen
326 4748 391 4800 ideo
416 4750 564 4817 confirmo,
592 4749 660 4817 quia
678 4766 734 4803 non
750 4750 858 4805 resisto.
898 4749 955 4804 Noe
973 4751 1075 4820 simpli·
1102 4746 1146 4800 oet
1157 4747 1342 4800 visitabuntur
1357 4763 1375 4798 a
1390 4747 1521 4810 Domino,
1538 4748 1589 4799 sed
1601 4745 1938 4809 absolutcus'sitabunlur,

247 4832 357 4888 cissime
378 4834 591 4904 respondemus,
614 4834 725 4905 objecta
749 4833 858 4890 divinae
876 4834 1079 4891 misericordiae
1105 4833 1152 4888 Ee
1165 4851 1222 4902 qua
1242 4831 1422 4899 ambipuitote
1440 4831 1516 4884 uerbi
1535 4839 1560 4884 et
1577 4832 1731 4885 remedium
1748 4839 1839 4900 potest
1857 4832 1943 4887 intel·

246 4921 276 4974 in
312 4918 406 4976 futuro
435 4919 528 4976 seculo
555 4939 610 4977 nen
636 4922 743 4977 futuros
770 4937 830 4977 esse
853 4921 996 4977 damnatos
1030 4922 1078 4976 sed
1104 4920 1160 4988 lipi
1179 4927 1203 4974 el
1222 4919 1370 4986 correptio,
1390 4920 1466 4987 quod
1479 4926 1632 4988 postquam
1650 4919 1724 4988 jusu
1742 4919 1873 4987 praemia
1893 4937 1940 4974 rc·

246 5005 358 5076 beatoe,
385 5007 451 5079 quia
474 5007 535 5063 lae.
557 5014 586 5074 2,
606 5025 633 5063 v.
655 5012 698 5065 13:
724 5007 872 5060 Judioium
895 5009 955 5061 sine
972 5008 1078 5062 miseri-
1106 5005 1244 5074 ceperint,
1260 5005 1309 5058 illi
1324 5005 1353 5057 in
1368 5007 1471 5074 poenis
1485 5006 1630 5074 perpetuis
1648 5005 1801 5059 credentur.
1838 5007 1864 5063 3.
1891 5007 1942 5062 Ea

246 5096 348 5149 cordia
366 5095 420 5147 crit
437 5095 491 5162 illi,
518 5095 568 5164 qui
586 5111 643 5147 non
664 5094 816 5147 exercuerit
837 5093 1078 5163 misericordiam,·
1104 5092 1241 5159 gradibus
1267 5091 1495 5159 recuperationis.
1541 5090 1608 5146 Luc.
1630 5094 1668 5159 12,
1689 5108 1713 5144 v.
1732 5095 1778 5148 48:
1809 5090 1864 5157 Qui
1881 5110 1942 5147 nen

246 5198 280 5237 aa
297 5186 407 5252 tempus
425 5179 629 5236 misericordiae
647 5185 675 5234 et
692 5179 879 5249 poenitentiae
891 5196 946 5234 non
958 5196 1018 5234 esee
1036 5180 1079 5233 sn·
1106 5177 1266 5246 copnoucrit
1289 5177 1460 5232 uoluntatem
1482 5178 1600 5231 Domini
1617 5177 1664 5229 sui
1681 5184 1707 5229 et
1724 5177 1826 5241 fecerit
1847 5178 1942 5246 digna

247 5276 338 5322 turum
366 5267 415 5323 sed
442 5267 495 5323 hoc
522 5281 653 5338 praesens
682 5266 806 5321 seculum
841 5266 904 5322 Eae.
932 5271 974 5335 tt,
1002 5283 1026 5323 v.
1056 5270 1080 5321 8.
1104 5264 1214 5334 plaute,
1236 5263 1382 5332 vapulabit
1404 5262 1515 5332 paucis.
1558 5261 1779 5334 Respondemus:
1811 5261 1944 5322 Salvator

248 5358 272 5408 2.
298 5352 421 5408 Corinth.
442 5360 467 5420 6,
491 5370 516 5406 v.
541 5358 564 5409 2.
591 5352 674 5407 Hebr.
694 5358 718 5416 3,
738 5371 762 5409 v.
783 5358 822 5410 1³.
841 5359 892 5408 ete.
917 5358 984 5407 tunc
1007 5352 1079 5406 enim
1107 5355 1199 5405 noster
1221 5365 1372 5420 poenarum
1397 5349 1572 5405 infernalium
1596 5349 1748 5404 secuudum
1773 5349 1877 5420 gradus
1898 5350 1944 5408 di·

246 5439 347 5493 clausa
372 5440 425 5494 erit
444 5440 540 5508 janua
558 5437 658 5495 Metth.
678 5444 720 5506 25,
742 5456 767 5492 v.
790 5446 829 5497 lb.
857 5444 882 5495 2.
902 5441 948 5493 Ee
964 5438 1080 5492 ueritate
1107 5437 1263 5492 versitatem
1276 5436 1402 5501 adstruit,
1420 5451 1594 5507 nequaquam
1608 5451 1673 5490 vero
1690 5437 1838 5492 earundem
1850 5441 1944 5494 aeter·

247 5524 426 5598 propheticae
434 5525 640 5595 promissionis.
669 5525 735 5585 Ess.
753 5530 795 5595 2⁴,
812 5542 837 5582 v.
855 5529 900 5582 tls
922 5524 1078 5594 Conmepa-
1107 5521 1222 5579 nitatem
1241 5522 1345 5580 evertit.
1380 5521 1534 5592 Vapulebit
1551 5520 1648 5592 paucis
1664 5535 1720 5575 nou
1736 5523 1872 5591 absolute,
1889 5523 1943 5580 ssd
