4050 6014
181 231 243 289 376
824 217 1052 278 marsuas
1072 220 1222 280 SEXTUS

180 375 309 432 Christus
321 373 424 431 dicitur
435 375 586 444 danpuiis
601 375 772 444 apparuisse
788 391 900 444 seseqrse
928 375 1019 428 mani·
1039 390 1115 445 ,pora
1139 374 1295 447 glorificata
1320 376 1548 431 resuscitatorum
1572 373 1609 429 ad
1632 373 1718 428 vitam
1738 378 1882 428 aetemam

180 466 309 526 sedasse.
343 459 432 531 Atqui
455 460 479 514 si
503 460 660 516 necessario
688 465 716 514 et
734 476 766 515 ex
785 458 953 515 immutabili
970 476 1018 514 ua-
1046 460 1085 514 ita
1114 468 1275 532 comparata
1300 468 1374 529 sunt,
1399 469 1432 515 ut
1459 479 1493 516 ex
1518 459 1601 514 dictis
1627 465 1752 530 apparet.
1797 458 1883 529 thgo.

182 553 263 602 turae
276 547 435 602 conditione
448 563 482 602 ac
494 546 664 617 proprietate
675 545 793 617 physica
803 563 904 617 corpus
916 545 1019 600 Christi
1046 545 1165 601 confero
1180 548 1234 601 huc
1246 548 1402 618 exemplum
1411 546 1523 615 Christi,
1543 547 1577 601 de
1594 562 1650 617 quo
1666 548 1765 601 Petrus
1783 543 1883 598 adem

184 632 274 688 obviis
301 631 515 704 quibuscunque
543 632 644 687 fuisset
671 632 861 702 conspicuum,
887 648 1018 703 quorsum
1046 631 1103 687 iere
1123 632 1218 703 phrasi
1238 633 1401 703 pronuntiat
1419 633 1482 687 Act
1503 638 1544 701 19,
1563 650 1589 688 v.
1609 638 1650 688 4⁰.
1671 638 1699 687 et
1715 633 1759 689 41.
1777 632 1885 686 ἔδωκαν

183 733 254 787 opas
271 717 377 785 fuisset,
404 724 436 772 ut
453 717 581 773 Christus
599 735 629 773 se
647 716 839 773 manifestaret
855 716 939 772 modo
957 715 1018 784 hac,
1046 715 1140 781 iuste
1151 717 1239 774 airis
1248 719 1364 792 ἐμφανῆ
1377 724 1519 791 γενέσθαι,
1530 718 1618 781 dedit,
1630 735 1692 772 eum
1700 716 1885 784 ammianum

182 802 266 858 modo
289 802 482 879 α11ιιμορφῇ1
504 802 591 858 Marc.
615 808 655 871 16,
673 821 699 857 v.
722 807 761 858 12.
786 802 852 859 Job.
871 807 913 869 29,
933 821 958 858 v.
978 808 1018 859 15.
1040 805 1117 872 fieri,
1134 821 1191 857 non
1211 805 1290 857 amni
1303 805 1422 876 populo,
1439 805 1491 857 sed
1508 803 1647 874 apostolis
1663 799 1886 872 praeordinatis

184 905 244 959 cap
266 892 308 959 21,
336 907 363 943 v.
386 894 408 946 l.
451 889 546 944 Actor.
574 895 619 956 10,
643 904 669 943 v.
688 893 730 944 49.
762 886 889 942 Christus
916 889 946 942 in
973 887 1021 942 via
1046 889 1169 943 ιοιιίὸαο.
1205 888 1235 945 si
1253 888 1331 943 Deus
1350 888 1435 954 dedit,
1454 905 1518 944 eum
1535 888 1595 942 fieri
1613 888 1809 957 conspicuum,
1831 882 1885 938 uti·

183 973 361 1030 Damascena
387 974 525 1043 apparuit
548 973 644 1027 Paulo
672 976 733 1027 Act·
756 979 781 1042 9,
799 991 825 1029 r.
847 979 887 1030 17.
913 979 936 1027 l.
956 971 1019 1029 (lor.
1047 990 1101 1045 qus
1124 991 1180 1029 non
1203 991 1237 1029 sx
1262 974 1404 1029 essentiali
1430 981 1459 1028 et
1481 973 1601 1028 naturali
1620 973 1740 1044 quadam
1757 969 1886 1040 corporis

186 1065 227 1128 15,
251 1078 278 1116 v.
299 1065 322 1117 8.
347 1060 458 1114 iuterim
482 1059 597 1115 comites
620 1058 702 1113 Pauli
729 1059 868 1114 neminem
891 1059 1021 1114 videmmt
1047 1058 1195 1130 glorificati
1212 1060 1381 1131 proprietate
1398 1060 1473 1114 virm
1493 1064 1536 1115 est
1552 1059 1590 1113 ab
1608 1059 1696 1114 oculis
1716 1057 1885 1124 mortalium,

184 1142 248 1203 aet
264 1150 290 1215 9,
312 1163 339 1203 r.
358 1152 383 1201 ’1.
401 1145 559 1215 Stephanus
575 1146 652 1200 uidet
664 1145 764 1198 Jeeum
782 1153 901 1199 atumem
918 1163 936 1198 a
956 1148 1020 1199 deu·
1047 1144 1095 1199 scd
1110 1161 1143 1200 ex
1155 1145 1248 1199 divino
1261 1144 1404 1213 benefitio,
1421 1145 1459 1199 ab
1474 1145 1681 1200 oculisscilicet
1695 1161 1747 1215 per
1760 1142 1885 1197 divinam

184 1232 240 1284 tris
257 1231 317 1285 Dei
336 1234 398 1286 Act.
416 1237 441 1298 ι,
460 1249 487 1286 v.
505 1237 546 1287 55.
564 1247 647 1302 quern
665 1231 775 1287 concilii
794 1237 888 1300 patres
906 1246 963 1285 nou
982 1231 1020 1284 ri·
1047 1231 1281 1300 dispensationem
1306 1231 1417 1300 apertis.
1460 1230 1489 1286 si
1514 1230 1640 1286 Christus
1666 1246 1721 1284 non
1747 1235 1791 1282 cst
1811 1227 1887 1283 omni

185 1315 260 1372 dent.
284 1315 444 1387 Excipiunt,
464 1319 488 1383 l)
508 1315 651 1371 Christum
668 1335 724 1371 non
739 1319 837 1384 suase
853 1319 963 1380 fadum
979 1318 1021 1370 in·
1048 1316 1152 1385 populo
1164 1317 1331 1386 conspicuus
1342 1317 1440 1383 factus,
1454 1315 1503 1371 sed
1513 1316 1732 1385 praeordinatis
1745 1317 1886 1367 dumanas

158 1415 161 1419 ·
186 1402 332 1468 aulaea,
352 1404 404 1456 sed
420 1410 528 1455 tamum
547 1403 740 1472 disparuisse,
759 1420 878 1472 ear-pore
898 1421 949 1458 suo
966 1420 1022 1456 non
1048 1388 1172 1469 ιοιιῶιιν,
1189 1401 1287 1472 utique
1304 1418 1371 1472 ergo
1388 1401 1444 1455 alia
1455 1407 1498 1456 est
1509 1401 1665 1472 proprietas
1685 1399 1810 1470 corporis
1821 1398 1886 1469 'glo-

187 1487 311 1557 amplisu
320 1488 413 1552 fuisse
424 1495 608 1557 praesentem,
626 1491 679 1542 sed
696 1489 839 1556 repastina
857 1489 1022 1542 subductum
1048 1487 1163 1555 rificati,
1182 1504 1266 1558 quam
1285 1487 1367 1556 illius,
1387 1486 1462 1557 quod
1483 1486 1605 1541 noudum
1625 1492 1669 1541 est
1687 1486 1886 1556 glorificatum,

187 1578 239 1628 etc.
286 1572 510 1642 Respondemus:
541 1573 595 1627 imo
628 1590 693 1629 vcro
725 1574 864 1644 emphasis
889 1574 1022 1644 phraseos
1048 1572 1117 1626 illud
1143 1572 1216 1628 enim
1239 1572 1383 1642 omnibus,
1410 1589 1527 1643 quorum
1554 1573 1641 1627 oculis
1667 1573 1815 1642 obiicitur,
1844 1575 1889 1625 est

187 1653 314 1733 ἄφαντος
331 1661 441 1730 ἐγένετο
455 1658 603 1714 manifeste
615 1659 745 1728 ostendit,
763 1660 838 1731 quod
856 1660 1023 1715 miraculoso
1048 1657 1237 1728 conspicuum,
1255 1657 1309 1712 hoc
1323 1673 1388 1712 vero
1402 1659 1522 1713 minime.
1559 1658 1800 1722 Quemadmodum
1819 1673 1889 1728 ergo

187 1744 309 1816 quodam
330 1745 412 1799 modo
435 1761 486 1814 per
509 1745 707 1815 proprietatem
740 1763 774 1800 ac
796 1746 852 1800 vim
875 1744 1022 1818 glorificati
1049 1742 1175 1798 Christus
1199 1761 1255 1798 non
1280 1750 1324 1798 est
1348 1744 1479 1798 conhnue
1502 1760 1565 1797 cum
1590 1743 1735 1814 discipulis
1760 1750 1825 1813 post
1842 1759 1889 1798 re-

187 1830 310 1900 corporis
328 1829 420 1885 subito
440 1829 554 1884 desierit
576 1829 612 1885 ab
633 1830 700 1901 ipsis
721 1830 809 1886 videri
829 1831 875 1887 vel
892 1832 954 1901 ipso
974 1831 1023 1885 ad·
1049 1829 1246 1884 annectionem
1268 1846 1346 1884 suam
1362 1835 1557 1898 conversatus,
1579 1831 1628 1884 sed
1648 1830 1675 1882 in
1701 1836 1839 1884 momento
1858 1827 1889 1882 in

185 1917 242 1971 huc
260 1921 414 1986 praesente,
433 1916 479 1969 vel
495 1915 675 1971 invisibiliter
693 1916 855 1972 discedente
867 1931 918 1987 per
931 1916 1024 1972 dotem
1050 1916 1141 1970 medio
1159 1916 1280 1986 ipsorum
1300 1917 1384 1984 stetit,
1398 1917 1439 1971 ita
1457 1922 1561 1970 utnon
1579 1916 1706 1970 viderent
1724 1931 1788 1970 eum
1809 1920 1889 1968 mota

187 2002 330 2074 agilitatis.
358 2002 389 2058 si
408 2001 535 2056 Christus
554 2017 604 2071 per
619 2001 772 2057 discessum
786 2002 903 2058 localem
915 2008 944 2056 et
963 2019 1024 2057 suc·
1050 1999 1131 2056 locali
1150 2017 1184 2056 ac
1203 2001 1344 2056 succesivo
1363 2001 1509 2056 visibiliter
1520 2001 1721 2072 ingredientem
1741 2007 1769 2055 et
1788 2001 1817 2056 in
1831 2016 1890 2055 me·

187 2088 324 2143 cessivum
343 2087 432 2142 videri
452 2087 587 2157 desiisset,
608 2087 676 2157 quid
695 2104 799 2158 quaeso
816 2088 976 2143 miraculosi
994 2088 1023 2142 iu
1051 2087 1127 2140 dium
1139 2087 1333 2158 procedentem
1352 2086 1418 2144 Joh.
1434 2092 1476 2153 29,
1494 2105 1520 2141 v.
1541 2093 1579 2142 19.
1598 2087 1626 2140 in
1648 2094 1786 2141 momento
1802 2086 1889 2140 etiam

188 2190 222 2229 eo
245 2173 365 2231 fuisset?
399 2172 464 2228 Jam
488 2189 554 2227 vero
580 2173 753 2244 evangelista
776 2181 910 2244 tauquam
929 2179 1024 2246 singu·
1050 2172 1087 2227 ab
1116 2173 1184 2243 ipsis
1211 2173 1339 2228 discessit
1365 2169 1543 2248 stipamur
1570 2173 1661 2228 factus
1688 2181 1730 2227 est
1756 2172 1825 2228 Luc
1845 2177 1890 2240 24,

187 2258 290 2314 lareac
308 2258 503 2313 miraculosum
523 2257 575 2313 hoc
594 2263 798 2329 commemorat,
813 2259 887 2330 quod
897 2258 1024 2314 Christus
1050 2277 1076 2315 v.
1090 2263 1132 2314 31.
1145 2259 1184 2313 sic
1201 2269 1230 2316 et
1239 2260 1396 2314 resuscitati
1410 2275 1473 2314 cum
1485 2259 1595 2315 Christo
1616 2275 1671 2312 non
1684 2257 1761 2313 fuere
1775 2258 1892 2313 assidue

188 2360 280 2400 coram
303 2342 347 2397 his
369 2343 512 2414 discipulis
540 2343 632 2399 factus
660 2345 745 2399 tuerit
763 2340 897 2419 ἄφαντος.
922 2345 1026 2400 Confer
1051 2361 1115 2399 cum
1132 2344 1196 2412 illis,
1210 2343 1312 2415 quibus
1330 2350 1532 2415 apparuerunt,
1550 2343 1715 2410 conversati,
1732 2361 1788 2399 non
1807 2361 1890 2399 mau-

188 2429 275 2483 harm.
305 2429 341 2483 de
367 2434 511 2484 resurrect
539 2445 602 2500 cap.
624 2436 649 2486 ι.
679 2448 706 2501 p
730 2435 791 2490 221.
828 2433 855 2498 2)
882 2430 1025 2485 Christum
1052 2431 1189 2485 ducarunt
1215 2437 1244 2485 et
1266 2430 1397 2486 biberunt
1416 2447 1479 2485 cum
1500 2432 1579 2501 ipsis,
1603 2447 1660 2485 nou
1686 2429 1764 2485 fuere
1789 2445 1891 2484 somne

188 2518 299 2581 factm
316 2515 408 2578 fuisse
427 2510 571 2590 ἄφαντον,
595 2512 645 2571 scd
663 2533 720 2571 non
736 2514 866 2591 α’όρατον.
901 2515 1026 2587 Respon·
1052 2516 1104 2571 suh
1130 2517 1227 2572 eodem
1254 2522 1327 2572 tecto
1355 2533 1418 2571 cum
1445 2517 1501 2571 illis
1529 2515 1589 2584 usi,
1616 2515 1666 2569 sed
1692 2515 1721 2568 in
1749 2521 1892 2571 momento

68 2624 115 2669 xx,
128 2627 175 2669 44„
191 2600 302 2655 demus:
316 2600 399 2670 siper
409 2597 1025 2676 depastasabaolutaimpossibilitasvidendi
1053 2603 1221 2673 quandoque
1258 2606 1448 2672 apparuerant
1481 2617 1516 2656 ac
1548 2618 1643 2655 rursus
1683 2600 1890 2671 disparuerunt,

191 2685 374 2758 intelligatur,
392 2702 465 2756 quae
482 2703 540 2741 non
551 2687 639 2742 solum
652 2694 745 2742 actum
762 2693 790 2742 et
809 2690 959 2763 ἐνέργειαν,
977 2688 1026 2743 sed
1053 2688 1142 2742 donec
1169 2694 1266 2742 exacto
1294 2694 1327 2743 49
1356 2687 1461 2742 dierum
1486 2687 1605 2741 decursu
1632 2703 1694 2740 cum
1721 2685 1832 2742 Christo
1860 2687 1891 2742 in

190 2773 275 2828 etim
292 2770 418 2846 δύναμιν
435 2789 544 2828 omnem
563 2773 704 2842 excludat,
731 2772 815 2828 facile
840 2774 1027 2843 concedimus,
1052 2775 1160 2829 coelam
1174 2773 1384 2830 adscenderent.
1416 2771 1615 2828 Conterharm.
1635 2773 1890 2842 depass.cap.18.
1919 2826 1929 2837 ,

189 2873 223 2914 eo
242 2860 324 2914 modo
347 2875 381 2913 ac
400 2874 483 2913 sensu
502 2858 607 2913 Christi
627 2874 728 2929 corpus
749 2875 806 2913 non
824 2874 884 2914 esse
904 2856 1027 2933 ἀόρατον
1052 2878 1079 2930 p.
1108 2865 1166 2916 854.
1209 2861 1236 2925 5)
1264 2863 1310 2913 Ea
1334 2861 1480 2924 claritate,
1509 2860 1638 2929 aqilitate
1667 2869 1693 2913 et
1723 2861 1889 2913 οαὸιίιίιαια.

190 2944 311 3010 factum,
323 2943 373 2999 sed
390 2941 528 3018 ἄφαντον,
547 2944 614 3014 quia
627 2949 706 2998 actus
718 2944 824 3014 primus
836 2944 894 3000 sire
905 2940 1027 3016 δύναμις
1052 2945 1174 3016 Corpora
1192 2944 1345 3016 glorificata
1361 2953 1427 2999 sunt
1445 2945 1606 3014 splendida,
1630 2944 1783 3016 fulgentia,
1804 2945 1890 3014 clara,

190 3029 305 3085 ridendi
327 3029 356 3083 in
381 3045 497 3099 corpore
523 3028 639 3093 mansit,
668 3033 748 3083 aetus
770 3036 863 3084 autam
887 3029 1026 3085 secundus
1052 3031 1119 3086 item
1131 3030 1217 3102 agilia
1228 3047 1261 3086 ac
1273 3031 1395 3085 subtilia.
1430 3031 1506 3102 Ergo
1521 3030 1608 3085 oculis
1621 3031 1780 3086 carnalibus
1800 3030 1891 3087 videri

190 3116 324 3184 camarit3
353 3116 463 3170 interim
490 3114 570 3169 nabis
597 3113 650 3169 hoc
676 3114 794 3180 sufficit,
823 3115 897 3186 quod
924 3114 1026 3170 Christi
1052 3125 1201 3189 nequeunt,
1219 3116 1271 3170 nisi
1290 3117 1330 3170 illi
1347 3117 1480 3171 divinitus
1492 3116 1658 3186 aperiantur.
1688 3117 1795 3183 Quodsi
1814 3119 1889 3172 enim

189 3216 291 3273 corpus
308 3201 337 3255 in
353 3207 493 3256 momento
505 3200 672 3267 disparuisse
683 3216 735 3255 nec
746 3218 764 3255 a
781 3201 925 3271 discipulis
936 3201 1025 3255 visam
1052 3202 1164 3256 claritas
1187 3202 1309 3272 ipsomm
1330 3202 1387 3257 sole
1405 3202 1572 3274 fulgentior,
1593 3203 1731 3271 quomodo
1751 3221 1806 3258 non
1826 3204 1930 3273 per-'n

191 3287 278 3343 fuisse
296 3287 406 3354 dicitur,
426 3286 534 3341 etiamsi
551 3304 582 3343 re
599 3303 667 3342 vera
682 3303 813 3358 praeseus
832 3294 913 3342 esset.
941 3288 1028 3354 QEe
1053 3289 1202 3358 satageret
1233 3289 1327 3343 oculos
1355 3287 1480 3342 carnales
1505 3296 1534 3342 et
1556 3288 1769 3358 corruptibiles?
1816 3288 1888 3344 Solis

190 3373 366 3445 proprietate
386 3373 653 3442 earumipsarum
675 3372 787 3427 Christo
806 3380 1027 3428 rennuerunt.
1053 3374 1101 3428 lux
1121 3389 1139 3426 a
1158 3372 1239 3427 nobis
1256 3373 1345 3426 videri
1361 3373 1472 3444 nequit,
1499 3372 1547 3428 aad
1573 3373 1649 3427 visus
1670 3374 1758 3428 aciem
1777 3374 1890 3445 fulgore

191 3459 235 3513 De
249 3458 306 3513 illis
317 3457 419 3512 dicitur
431 3456 530 3512 Matth.
545 3464 587 3527 27,
597 3474 625 3515 v.
642 3463 689 3515 tt:
706 3459 846 3514 Venerunt
858 3459 887 3512 in
899 3467 1026 3515 sanctam
1053 3476 1104 3515 suo
1121 3458 1263 3528 obtundit,
1282 3464 1385 3528 quanto
1405 3475 1471 3529 ergo
1491 3458 1583 3513 miuus
1597 3459 1756 3530 glorificata
1772 3475 1890 3530 corpora

190 3545 331 3598 ciuitatem
349 3552 376 3597 et
400 3553 597 3614 apparuerunt
614 3544 718 3600 οιαιιίν.
754 3544 817 3601 Νοιι
838 3543 890 3598 visi
908 3543 1028 3598 suntab
1053 3546 1291 3616 fulgidissimam
1309 3545 1374 3598 solis
1388 3545 1475 3599 radiis
1493 3545 1611 3600 clariora
1630 3545 1718 3600 rideri
1738 3543 1889 3615 poterunt?

190 3628 330 3698 omnibus,
348 3629 398 3684 aed
418 3646 436 3683 a
454 3628 557 3695 multis,
577 3646 693 3700 quoram
712 3629 820 3684 scilicet
836 3628 930 3684 oculos
948 3631 1027 3686 Deus
1055 3633 1112 3687 Air
1130 3632 1202 3686 asni
1220 3636 1314 3686 nostm
1331 3639 1445 3702 propter
1455 3631 1641 3686 subtilitatem
1657 3638 1769 3686 nonest
1784 3632 1892 3701 obvius,

190 3720 338 3786 aperuerat
363 3720 393 3769 et
411 3715 630 3785 illuminaverat,
655 3720 687 3769 ut
706 3714 863 3785 spiritualia
881 3715 1027 3770 resuscita·
1054 3718 1136 3790 ignia,
1155 3735 1210 3789 quc
1221 3734 1318 3772 carnes
1331 3718 1360 3771 in
1375 3716 1495 3772 verubus
1513 3723 1650 3781 assantur,
1670 3716 1706 3772 oh
1724 3719 1891 3773 tenuitatem

191 3806 284 3855 torum
311 3816 428 3871 corpora
452 3800 554 3855 intueri
576 3805 698 3870 possent
734 3800 839 3870 Utique
859 3815 925 3871 ergo
945 3799 1028 3870 glori·
1055 3821 1073 3858 a
1090 3803 1171 3858 nobis
1194 3819 1249 3857 non
1275 3803 1400 3872 videtur,
1428 3809 1532 3874 quanto
1560 3820 1626 3874 ergo
1655 3803 1745 3857 minus
1774 3819 1891 3875 corpora

191 3885 276 3941 licata
293 3903 412 3957 corpora
433 3887 507 3941 inter
525 3886 594 3940 alias
614 3887 692 3941 dotes
711 3892 740 3941 et
759 3901 845 3940 novas
870 3886 1029 3956 qualitates,
1055 3887 1210 3961 glorificata
1222 3887 1287 3942 dote
1296 3887 1458 3943 subtilitatis
1469 3890 1598 3958 praedita
1612 3889 1704 3943 videre
1718 3888 1891 3959 poterimus?

192 3989 264 4042 quas
282 3978 347 4042 post
365 3972 592 4028 resurrectionem
609 3971 769 4039 sortiuntur,
787 3971 870 4024 eham
889 3970 961 4026 hanc
980 3971 1028 4026 ha·
1056 3975 1085 4031 si
1113 3990 1164 4045 per
1181 3973 1273 4029 dotem
1301 3973 1435 4045 agilitatis
1461 3991 1495 4028 ac
1521 3974 1684 4029 subtilitatis
1702 3975 1732 4027 in
1751 3967 1895 4030 momento

194 4059 272 4126 beat,
290 4057 365 4129 quod
384 4057 471 4113 oculis
494 4056 653 4112 carnalibus
671 4063 699 4111 et
715 4055 880 4110 mortalibus
896 4074 953 4112 non
973 4056 1029 4110 sint
1055 4076 1116 4114 esse
1129 4066 1253 4129 possunt,
1265 4059 1426 4130 ubicunque
1438 4059 1532 4126 velint,
1550 4059 1687 4130 quomodo
1702 4060 1891 4115 necessarium

192 4144 355 4214 conspicua,
381 4144 435 4199 nisi
457 4144 552 4198 divina
574 4142 678 4196 virtute
702 4141 742 4196 illi
769 4141 938 4211 aperiantur.
974 4143 1028 4197 Ex·
1055 4145 1122 4212 erit,
1149 4151 1181 4199 ut
1198 4143 1226 4198 in
1245 4143 1305 4198 loco
1325 4143 1505 4209 intermedio,
1534 4160 1584 4214 per
1606 4159 1688 4216 quem
1713 4152 1770 4199 tam
1798 4146 1893 4201 subito

195 4231 313 4300 cipiunt,
331 4231 463 4299 nuspiam
482 4236 592 4282 emtore
611 4228 754 4295 seriptum,
774 4229 851 4295 quod
868 4229 1030 4282 resusaitati
1054 4237 1214 4296 moventur,
1243 4230 1280 4284 ab
1310 4229 1439 4284 omuibus
1465 4229 1630 4285 videantur?
1674 4231 1703 4299 s)
1734 4232 1760 4284 A
1788 4239 1892 4299 nepeta

192 4333 255 4371 oum
282 4315 393 4370 Christo
418 4316 448 4367 in
470 4315 539 4367 urbe
558 4312 757 4380 Hierosolyma
784 4313 1028 4367 deambulaverint
1050 4315 1236 4386 proportione
1260 4316 1363 4382 objecti
1385 4324 1412 4370 et
1436 4317 1620 4370 instrumenti.
1661 4316 1739 4370 luter
1759 4317 1892 4372 sensibile

193 4408 278 4471 atque
303 4401 415 4456 interim
438 4418 494 4454 non
516 4401 551 4452 ab
577 4399 718 4461 omnine,
745 4401 798 4453 sed
825 4399 862 4452 ab
886 4399 1029 4467 aliquibus
1055 4409 1084 4459 et
1100 4401 1253 4456 sensorium
1271 4401 1421 4471 requiritur
1433 4407 1509 4456 certe
1524 4408 1684 4476 συμμετρία
1702 4419 1735 4457 ac
1749 4404 1894 4473 proportio

195 4496 304 4543 tantum
322 4489 378 4543 oiei
390 4487 512 4556 fierint.
546 4484 770 4554 Respondemus:
791 4491 883 4540 textus
901 4501 1028 4556 expresse
1054 4489 1171 4543 docente
1196 4487 1361 4558 philosopho
1381 4493 1404 4542 2.
1426 4488 1461 4542 de
1485 4487 1568 4543 anim.
1594 4504 1655 4558 cap.
1676 4495 1700 4544 9.
1735 4487 1800 4543 sam
1825 4505 1892 4544 vero

194 4573 301 4638 assera,
318 4572 392 4643 quod
410 4572 439 4625 in
454 4570 552 4625 urbem
564 4570 788 4641 Hierosolymam
801 4571 920 4642 ingressi
933 4572 1029 4625 multis
1053 4575 1125 4628 inter
1150 4590 1250 4643 corpus
1274 4573 1459 4645 glorificatum
1487 4579 1515 4626 et
1540 4573 1633 4628 oculos
1657 4573 1779 4628 noudum
1808 4574 1893 4646 glori-

194 4659 396 4728 apparuerint,
424 4660 664 4729 ἐνεφανίσθησαν,
691 4657 767 4728 quod
793 4657 940 4712 manifeste
965 4673 1028 4712 con·
1054 4659 1150 4714 ficatos
1169 4660 1247 4714 nulla
1265 4660 1421 4731 proportio,
1446 4659 1516 4713 illud
1534 4660 1606 4712 enim
1625 4657 1833 4732 arrapennis,
1862 4660 1891 4715 hi

196 4745 284 4816 specti
303 4743 406 4799 fuerint
424 4743 526 4796 multis.
561 4740 666 4806 Quodsi
692 4758 759 4814 ergo
778 4743 874 4797 multis
892 4744 1029 4798 duntaxat
1053 4761 1119 4801 vero
1140 4753 1273 4817 ψυχικοί,
1296 4745 1366 4800 illud
1388 4744 1490 4799 subtile
1512 4750 1541 4799 ct
1561 4743 1725 4817 iariyyeior,
1749 4745 1777 4798 hi
1804 4746 1893 4801 crassi

197 4836 401 4902 apparuerunt,
423 4844 490 4900 ergo
516 4846 573 4883 non
598 4828 684 4884 cuivis
707 4829 736 4883 iu
760 4828 829 4882 urbe
847 4827 958 4883 obvium
976 4829 1028 4884 sibi
1055 4839 1083 4886 et
1094 4828 1289 4905 ἀνθρώπινοι,
1307 4832 1378 4885 illud
1393 4831 1497 4886 clarum
1514 4849 1548 4885 ac
1564 4833 1696 4900 lucidum,
1715 4831 1744 4885 hi
1762 4832 1893 4902 obscuri,

196 4916 277 4972 iacto.
313 4915 344 4970 Si
359 4920 555 4985 apparuerunt,
574 4931 641 4985 ergo
659 4931 714 4968 non
732 4931 765 4969 ex
776 4913 896 4968 naturali
909 4913 1028 4985 quadum
1054 4916 1122 4970 illud
1145 4917 1227 4987 agile,
1246 4917 1358 4971 bivero
1376 4917 1463 4982 tardi;
1490 4917 1560 4970 illud
1580 4917 1735 4972 immortale
1755 4923 1783 4971 et
1802 4919 1893 4973 incor-

197 5002 320 5073 corporis
339 5000 508 5072 proprietate
527 5001 579 5054 visi
597 5006 669 5070 sunt,
687 5000 737 5054 sed
757 5015 790 5054 ex
809 5000 903 5054 diviua
921 5000 1030 5070 dispcn·
1055 5000 1201 5072 ruptibile,
1228 5002 1256 5056 bi
1284 5020 1349 5057 rero
1369 5009 1484 5070 θνητοί,
1510 5002 1581 5057 illud
1608 5005 1739 5071 coeleste,
1768 5003 1797 5058 hi
1826 5021 1895 5060 vero

198 5088 320 5155 satione,
346 5102 397 5156 per
421 5103 504 5158 quam
530 5086 601 5142 oculi
620 5086 661 5139 illi
680 5086 828 5139 multorum
849 5090 914 5140 suut
933 5087 1030 5156 aperti.
1055 5088 1166 5143 temeri.
1202 5087 1277 5159 Ergo
1300 5088 1377 5142 nulla
1395 5088 1440 5142 hic
1461 5089 1551 5143 locum
1572 5088 1674 5144 habere
1692 5091 1795 5158 poterit
1812 5090 1894 5160 visio,

198 5173 279 5238 Quod
291 5173 332 5227 ita
347 5178 536 5242 comparatum
549 5180 599 5235 est,
617 5178 649 5226 ιιι
661 5176 796 5241 appareat
809 5187 864 5225 non
876 5170 1029 5242 quibusvis,
1055 5174 1109 5228 nisi
1126 5173 1273 5228 accesserit
1286 5173 1380 5229 divina
1392 5173 1570 5244 dispensatio.
1608 5174 1634 5243 7)
1652 5176 1699 5228 Er
1717 5183 1808 5228 status
1828 5193 1894 5231 coe·

196 5261 246 5314 scd
265 5260 348 5314 certis
367 5259 505 5313 duntaxat
522 5256 689 5326 homiuibus,
709 5256 866 5328 etquidem
886 5274 918 5312 ex
936 5258 1029 5329 siugu-
1055 5259 1135 5312 iestis
1152 5261 1320 5314 condeione.
1356 5257 1398 5314 Ea
1426 5264 1467 5312 cst
1488 5258 1615 5315 coelestis
1633 5260 1739 5331 gloriae
1760 5261 1894 5327 conditio,

197 5345 248 5399 luri
261 5344 315 5398 Dei
331 5343 475 5410 beneficio,
496 5344 531 5399 de
547 5360 578 5398 eo
591 5342 648 5397 dici
659 5341 764 5413 nequit,
781 5343 855 5413 quod
874 5343 1030 5398 necessario
1056 5348 1088 5398 ut
1106 5361 1168 5398 earn
1187 5362 1236 5400 nee
1256 5346 1353 5400 oculus
1372 5345 1484 5412 uiderit,
1505 5363 1555 5399 nee
1575 5347 1655 5400 auris
1671 5345 1822 5415 audiverit,
1841 5362 1894 5401 neo

196 5445 305 5500 semper
327 5428 364 5484 ab
389 5429 516 5484 omnibus
541 5436 606 5486 actu
628 5429 764 5485 videatur.
799 5429 865 5484 «Iam
889 5444 953 5484 vero
972 5446 1030 5484 cor·
1056 5447 1089 5486 ea
1109 5431 1140 5484 in
1163 5449 1212 5485 eor
1229 5432 1349 5487 hominis
1366 5433 1548 5486 αοιοοαιάανίι
1568 5433 1629 5487 Esa
1645 5437 1687 5496 64,
1704 5449 1730 5485 v.
1748 5437 1773 5488 ι.
1799 5431 1893 5488 teor.
