4050 6014
783 246 837 306 Du
853 247 948 306 VITA
962 247 1153 309 amerus.
1787 257 1849 316 375

147 402 364 471 amaruan
400 410 427 456 et
457 403 662 472 penetrativam
690 403 820 457 uirtutem
854 411 984 473 respectu
1012 404 1103 472 ·l)Es
1120 404 1195 459 caeli
1211 406 1420 462 comtitutiaae.
1449 404 1565 460 Caelum
1579 404 1724 460 beatorum
1736 418 1791 458 non
1805 408 1849 459 est

147 488 275 553 uberius,
290 496 356 543 tune
365 490 477 559 quidem
482 496 613 559 poterunt
625 505 684 543 esse
695 489 798 557 amul,
809 497 837 543 et
851 490 984 558 maiam
1009 489 1087 543 locus
1098 490 1200 561 aliquis
1211 489 1344 562 physicus
1357 506 1513 562 corporeus,
1530 496 1563 545 ut
1576 490 1704 561 superius
1718 489 1847 546 vidimus.

147 576 176 629 in
188 576 255 630 dete
266 574 518 644 persuabilitatis,
536 575 570 628 id
580 583 622 628 est
637 574 812 642 subtilitatis,
825 577 912 628 datur
923 592 983 629 eer-
1009 574 1085 646 Ergo
1105 592 1157 630 nec
1176 575 1321 632 beatorum
1339 593 1456 648 corpora
1467 578 1527 632 loco
1540 576 1635 649 aliquo
1648 575 1766 646 physico
1784 591 1847 631 cor·

142 661 213 731 pori
226 660 371 714 subtilitas
388 667 415 714 et
434 660 525 713 uirtus
542 660 637 714 activa
651 661 694 713 ad
705 662 915 729 penetrandum
927 678 983 714 nou
1009 676 1094 731 porco
1106 661 1374 718 circumscribentur.
1391 661 1579 732 Philosophus
1592 662 1724 733 disputat,
1737 661 1846 716 coelum

144 745 420 815 radamantum
427 743 983 814 penetratillonoacedsnte.Bruleienu
1010 763 1168 817 supremum
1186 763 1242 802 non
1261 765 1322 803 esse
1338 749 1368 803 in
1389 750 1465 816 loco,
1483 765 1547 803 cum
1565 764 1622 804 non
1636 747 1849 803 circumscriba-

145 837 170 889 l.
198 835 270 887 sent
296 831 360 888 dist.
383 835 424 887 lt.
454 829 571 902 pulchre
600 830 748 901 distinguit
778 832 852 886 inter
875 832 984 884 subtili·
1009 838 1055 887 tur
1081 833 1228 903 superficie
1258 836 1381 907 corporis
1410 836 1591 907 continentis3
1623 840 1728 906 quanto
1747 834 1846 904 rigitur

144 925 231 972 utem
248 917 430 986 spiritualem
449 924 477 970 et
493 917 679 986 corporalem,
697 932 769 988 quae
785 921 828 971 est
844 916 888 970 vel
907 916 982 971 rari·
1008 919 1099 973 minus
1117 920 1224 974 coelum
1243 919 1387 977 beatorum
1401 923 1462 976 loco
1480 921 1573 992 aliquo
1587 936 1719 991 corporeo
1730 920 1847 975 circum·

143 1004 222 1072 tatis,
240 1002 286 1058 vel
304 1002 424 1058 uirtutis.
461 1001 611 1056 Subtiliteu
629 1001 761 1056 raritatis
779 1011 820 1056 cst
840 1003 982 1072 wedam
1008 1003 1092 1058 scribi
1106 1005 1311 1075 judicandum?
1346 1011 1373 1073 8)
1397 1008 1445 1060 Ea
1462 1023 1613 1060 cumarum
1632 1006 1785 1060 locationis
1803 1022 1846 1061 re·

142 1088 270 1158 amittas
284 1089 418 1142 mutans
436 1087 588 1156 subjective
612 1088 780 1157 incorpore
799 1106 870 1143 rara
889 1088 982 1157 ipsum
1009 1091 1134 1144 motione.
1171 1090 1295 1161 Corpora
1314 1096 1399 1164 egent
1416 1092 1486 1158 loco,
1503 1099 1563 1146 tum
1582 1093 1617 1145 ob
1636 1092 1683 1146 sui
1699 1107 1846 1146 conserua·

143 1175 299 1243 disparem
326 1174 368 1226 ad
384 1173 513 1239 succides
537 1174 714 1252 patiendum,
736 1175 781 1229 uel
805 1175 847 1227 ad
863 1174 924 1239 boc,
952 1181 982 1227 ut
1008 1176 1119 1242 tionem,
1137 1182 1196 1231 tum
1209 1178 1244 1230 ob
1255 1179 1382 1232 uniuersi
1392 1179 1613 1247 ecatipuitalem.
1640 1176 1749 1232 Neutra
1761 1192 1847 1231 musa

136 1261 273 1331 faciliter
289 1267 462 1331 penetretur,
480 1265 511 1312 ut
527 1264 577 1312 atr
588 1267 615 1312 et
633 1267 726 1315 cetera
739 1277 861 1328 corpora
872 1259 981 1325 mollia,
1008 1261 1037 1315 in
1060 1261 1205 1316 beatorum
1226 1263 1388 1333 corporibus
1409 1264 1500 1319 locum
1516 1263 1634 1330 invenit,
1654 1268 1847 1317 sustentantur

142 1363 217 1417 auae
240 1346 374 1400 dicuntur
397 1362 483 1412 rara,
504 1345 572 1414 quia
595 1345 695 1399 modia
713 1353 740 1399 et
760 1347 796 1399 dc
808 1346 899 1413 facili
917 1353 982 1399 eunt
1008 1347 1081 1401 enim
1102 1346 1263 1402 immediata
1280 1349 1335 1402 Dei
1353 1349 1466 1418 virtute,
1489 1349 1587 1403 necin
1605 1365 1676 1404 novo
1695 1348 1774 1403 coelo
1793 1347 1847 1403 erit

137 1431 339 1503 penetrabilia.
374 1430 525 1485 subtilitas
547 1447 614 1486 uere
631 1432 745 1485 uirtutis
761 1447 810 1484 seu
827 1431 982 1485 activitatis
1008 1431 1072 1487 talis
1090 1434 1267 1504 contiguitas,
1285 1434 1424 1505 qualis1n
1443 1434 1496 1490 hoc
1512 1434 1615 1489 risibili
1631 1434 1768 1488 universo.

143 1527 184 1573 est
198 1519 341 1587 quamam
358 1516 485 1588 piditas
504 1516 681 1571 exsistensiu
695 1533 814 1586 corpore
827 1520 982 1586 disponam
1046 1525 1102 1576 101
1141 1520 1377 1591 inlaetabilis,
1401 1521 1430 1576 id
1451 1527 1494 1576 cst
1511 1521 1600 1583 oculis
1618 1520 1740 1576 noudum
1761 1519 1848 1591 glori·
1861 1524 1997 1618 Usu-ffb!

58 1623 130 1668 mat
143 1605 236 1674 ipsum
257 1604 299 1656 ad
315 1603 445 1666 faciliter
463 1604 604 1670 apendum
622 1619 672 1656 seu
682 1604 820 1670 faciliter
830 1612 981 1672 penetrari
1008 1604 1100 1659 ficetis
1125 1623 1181 1660 non
1206 1607 1364 1662 necessario
1388 1613 1454 1662 actu
1476 1609 1538 1677 ipso
1556 1605 1692 1677 subjecte.
1727 1606 1849 1662 Possunt

144 1694 220 1746 dun.
256 1691 322 1744 Hoc
341 1690 425 1744 modo
440 1689 599 1758 posteriore
617 1706 739 1758 carpam
752 1690 881 1757 plurima
898 1690 981 1742 babe-
1009 1705 1076 1744 sane
1103 1707 1220 1760 corpora
1248 1691 1405 1763 glorificata
1432 1692 1469 1748 ab
1496 1693 1586 1748 oculis
1613 1692 1697 1746 etism
1725 1691 1848 1747 nondum

143 1778 212 1832 bunt
243 1779 335 1830 doum
360 1776 602 1844 penetrabilitate
632 1783 659 1828 st
688 1784 805 1844 possunt
829 1783 982 1847 penetrare
1009 1776 1172 1846 glorificatis
1185 1776 1290 1838 rideri,
1313 1777 1336 1830 si
1360 1778 1509 1833 accesserit
1531 1778 1679 1848 peculiaris
1696 1783 1847 1851 οἰκονομία

143 1879 225 1920 amne
240 1878 344 1931 eorpus
360 1879 418 1915 noa
432 1861 594 1930 elariacum.
620 1860 788 1916 Laurentius
805 1860 981 1915 lastinianus
1008 1878 1043 1916 ac
1063 1861 1232 1932 dispensatio
1250 1863 1360 1932 divina,
1388 1863 1591 1934 utleremplum
1609 1863 1712 1919 Christi
1730 1870 1758 1919 et
1776 1862 1845 1917 alio·

143 1950 180 2005 dc
204 1947 273 2003 disc
299 1946 387 2017 spirit.
409 1963 471 2016 cap.
496 1951 543 2002 23:
580 1945 657 2001 Caro
674 1948 715 2000 ita
735 1948 877 2015 efficietur
893 1947 981 2015 epiri-
1008 1965 1069 2002 rum
1089 1964 1153 2002 cnm
1171 1948 1232 2019 ipso
1250 1949 1475 2004 resuscitatorum
1496 1949 1633 2018 ostendit;
1652 1948 1702 2003 sed
1722 1965 1777 2002 non
1797 1964 1844 2002 ne·
1857 1956 1965 2001 utet.

141 2035 245 2100 taulis,
269 2042 299 2087 ut
326 2049 404 2088 omne
421 2033 545 2086 solidum
565 2033 592 2086 ei
608 2033 646 2086 eit
658 2034 801 2104 peruium,
823 2050 881 2086 aon
900 2034 980 2087 clau·
1008 2034 1157 2088 emerium
1176 2039 1228 2103 est,
1245 2051 1278 2089 ea
1298 2040 1363 2089 actu
1377 2051 1487 2105 semper
1502 2034 1607 2100 videri,
1625 2033 1787 2104 praesertim
1806 2033 1843 2089 ab

141 2121 210 2175 stris
229 2120 321 2174 tanai
341 2118 446 2186 poterit
470 2118 592 2186 inclusa,
619 2135 676 2172 aaa
702 2118 823 2172 ainaslu
849 2119 979 2187 reliquia,
1006 2120 1095 2173 oculis
1112 2119 1237 2173 nondum
1255 2118 1425 2190 glorificatis.
1451 2120 1685 2190 Invisibiliaergo
1703 2122 1768 2174 sunt
1786 2135 1843 2173 non

140 2209 194 2261 sed
210 2206 328 2260 liberam
347 2204 530 2273 ingrediendi
552 2211 579 2256 et
601 2204 770 2272 eprsdiendi
785 2205 888 2273 abieris
906 2206 979 2258 reei—
1006 2205 1113 2260 muana
1138 2205 1297 2279 δυνάμεως,
1323 2205 1373 2260 sed
1397 2205 1504 2260 mtionc
1530 2207 1672 2278 trspystae
1697 2208 1725 2258 et
1749 2211 1842 2274 actus3

136 2295 199 2363 pist
212 2291 394 2361 faculatem.
427 2287 558 2358 Baptista
577 2288 747 2343 Mantuanus
767 2289 815 2344 lib.
833 2295 858 2345 t.
877 2291 913 2345 de
930 2309 978 2361 pa·
1006 2307 1061 2345 non
1080 2290 1206 2345 absolute
1225 2298 1253 2346 et
1270 2290 1380 2359 ἁπλῶς,
1399 2291 1454 2359 ised
1474 2291 1545 2346 κατὰ
1564 2296 1588 2345 τί
1616 2297 1645 2344 et
1662 2290 1780 2344 limitste
1799 2306 1844 2346 rc·

140 2379 241 2434 tientia
259 2394 320 2447 cap.
342 2381 390 2431 st:
408 2376 507 2429 Beatis
524 2375 598 2428 nibil
611 2376 789 2446 eritineium,
807 2378 880 2431 nibil
901 2379 978 2432 clau
1006 2381 1104 2447 spectu
1127 2377 1215 2431 nostri
1233 2377 1263 2431 in
1281 2376 1335 2431 hac
1354 2377 1426 2444 vita,
1452 2377 1519 2447 quis
1540 2376 1646 2430 scilicet
1661 2375 1735 2430 oculi
1755 2375 1843 2431 nostri

140 2483 218 2534 eura,
235 2463 309 2518 nibil
326 2463 511 2528 inaccessum,
527 2463 580 2513 sed
596 2464 671 2515 mira
690 2462 845 2516 subtilitate
863 2480 898 2516 ac
916 2464 978 2531 api-
1004 2463 1128 2517 nondum
1149 2468 1214 2517 sunt
1239 2462 1393 2518 clarificati.
1430 2462 1568 2517 Probatur
1592 2462 1663 2516 haec
1686 2463 1843 2532 proprietas

139 2554 222 2608 litate
246 2549 378 2618 corporis
400 2549 471 2602 illac
497 2548 582 2600 aaa
610 2549 673 2601 siae
694 2551 800 2617 pedum
823 2549 977 2603 ministeria
1004 2547 1220 2619 glorificatorum
1232 2565 1378 2617 corporum
1398 2551 1423 2615 1)
1435 2566 1469 2602 ea
1479 2549 1691 2617 spiritualitate.
1718 2547 1843 2619 Corpora

139 2641 279 2704 feremur,
297 2653 352 2705 quo
373 2634 546 2688 desiderabit
563 2635 656 2687 ardor
672 2635 842 2700 uoluntatis,·
865 2635 907 2689 sic
925 2637 979 2689 erit
1004 2632 1161 2704 glorificata
1185 2639 1252 2687 sunt
1276 2632 1442 2703 spiritualis.
1485 2633 1550 2688 lem
1576 2649 1643 2688 vero
1669 2633 1783 2704 spiritus
1804 2634 1841 2690 ab

139 2725 253 2779 animae
268 2720 387 2791 inperio
399 2737 502 2788 corpses
520 2720 651 2774 obedieris
667 2727 692 2773 et
707 2721 857 2784 subditum,
878 2730 910 2774 ut
926 2722 977 2775 ad-
1004 2718 1090 2773 ocnlis
1114 2717 1254 2788 corporeis
1278 2717 1366 2773 videri
1390 2719 1495 2790 nequit
1520 2727 1646 2788 Ψιγγικοῡ
1674 2723 1721 2773 καί
1738 2727 1841 2788 χοϊκοῦ

139 2809 252 2865 νοινικειι·
268 2807 350 2860 nulla
368 2806 464 2873 moles,
482 2805 564 2859 nulla
577 2806 708 2859 contiuuo
722 2806 810 2859 motui
826 2807 976 2871 lassitudo,
1003 2801 1133 2879 σώματος
1144 2804 1286 2874 proprium
1296 2809 1339 2859 est
1354 2804 1450 2873 videri,
1467 2821 1523 2859 non
1540 2811 1633 2859 autem
1647 2810 1841 2871 aucupaturi

138 2897 236 2950 nauus
256 2893 376 2960 &nique
396 2891 479 2944 labor
497 2891 620 2947 obsistat.
1002 2897 1049 2946 καὶ
1074 2893 1256 2964 tuoupuulov.
1291 2892 1318 2959 2)
1342 2892 1390 2944 Ea
1413 2891 1616 2954 conformitate
1639 2909 1701 2944 eum
1720 2893 1841 2959 anaclet.

57 2995 126 3042 ιιιιιι.
175 2986 233 3038 1⁰0.
269 2983 294 3035 9.
313 2977 461 3047 illocalia,
480 2976 499 3029 i.
517 2992 541 3030 e.
561 2975 758 3045 locophysico
778 2992 910 3047 corporeo
926 2977 976 3031 mi·
1002 2977 1083 3032 Beati
1109 2981 1192 3031 erunt
1215 2972 1362 3047 ἰσάγγελοι
1387 2975 1470 3030 suam
1496 2993 1642 3046 corporum
1659 2977 1782 3044 ratione,
1807 2981 1841 3032 nt

56 3057 76 3090 ²
137 3067 214 3122 uime
239 3063 455 3132 circumscripte.
498 3060 570 3115 Sanc
594 3077 711 3132 corpora
737 3060 894 3131 glorificata
920 3079 975 3117 non
1003 3063 1130 3134 superius
1150 3062 1405 3116 demonstravimus
1440 3062 1505 3117 lam
1522 3079 1588 3118 vero
1605 3062 1698 3133 angeli
1716 3079 1772 3117 non
1785 3062 1840 3117 nisi
1924 3137 1927 3142 Ι

138 3158 221 3209 erunt
238 3144 364 3216 infinita,
388 3147 438 3201 sed
457 3146 549 3210 finite,
572 3163 624 3200 nec
647 3151 729 3201 erunt
744 3145 860 3218 ubique,
883 3149 976 3204 sedin
1001 3150 1031 3203 in
1055 3148 1186 3204 assumtis
1204 3148 1367 3218 corporibus
1386 3146 1531 3214 videntur,
1558 3158 1588 3202 et
1613 3148 1725 3219 quidem
1751 3148 1840 3203 libera

137 3245 214 3296 certo
242 3235 363 3308 quodam
392 3231 465 3302 noi,
500 3232 610 3286 interim
631 3249 687 3286 non
715 3232 976 3289 circumscribentur
1002 3235 1045 3289 sui
1063 3233 1302 3297 manifestatione,
1331 3249 1386 3287 non
1414 3238 1507 3287 autem
1536 3233 1692 3289 necessaria
1717 3233 1839 3304 quadam

137 3326 200 3381 loco
229 3323 344 3394 physico
370 3336 516 3391 corporeo,
543 3319 592 3373 scd
616 3318 759 3373 definitive
785 3319 814 3373 in
841 3321 890 3374 illo
917 3318 974 3378 πού
1001 3319 1185 3391 apparitione.
1215 3318 1374 3389 Excipiunt,
1388 3321 1514 3387 appetas,
1533 3321 1640 3389 quaties
1662 3321 1693 3373 in
1712 3321 1840 3392 corpori·

138 3416 229 3466 eruut.
265 3407 406 3464 Probatur
422 3405 492 3460 haec
509 3403 727 3476 glorificatorum
745 3421 890 3475 corporum
908 3424 976 3478 qna·
1002 3408 1053 3460 bus
1067 3406 1200 3460 assuatis
1212 3411 1360 3473 apparent,
1372 3422 1482 3474 semper
1492 3406 1594 3460 uideri.
1613 3405 1838 3475 Respondemus:

136 3496 202 3551 litas
233 3498 257 3561 1)
284 3510 317 3548 ea
342 3491 554 3562 spiritualitate.
589 3488 713 3559 Corpore
730 3488 874 3545 beatorum
895 3501 976 3549 erunt
1002 3509 1057 3547 non
1081 3491 1214 3546 videntur
1238 3489 1274 3544 ab
1293 3489 1421 3544 omnibus
1439 3492 1608 3557 accusatio,
1629 3490 1729 3559 quibus
1750 3491 1779 3544 in
1797 3507 1840 3546 es·

137 3579 311 3653 spiritualis,
335 3581 353 3632 i.
378 3595 401 3632 e.
430 3573 646 3648 proprietatibus
670 3575 815 3644 spirituum
839 3579 975 3647 praedita.
1001 3578 1100 3632 sumtis
1116 3576 1279 3646 corporibus
1303 3581 1415 3646 praesto
1435 3581 1513 3641 snut,
1542 3576 1591 3630 sed
1620 3575 1657 3630 ab
1684 3576 1739 3629 illis
1768 3577 1838 3631 dun·

56 3685 60 3693 ’
136 3669 203 3725 lam
222 3682 288 3721 vcro
307 3664 421 3736 spiritus
439 3679 495 3716 non
513 3661 781 3716 circumscribuntur
800 3663 869 3717 loco.
897 3664 976 3720 Sicut
1001 3669 1087 3732 taxat,
1103 3679 1221 3735 quorum
1240 3663 1337 3717 oculos
1351 3661 1429 3716 Dens
1444 3661 1543 3731 aperit,
1562 3667 1594 3716 ut
1614 3665 1696 3718 a’e'rea
1713 3662 1763 3717 illa
1780 3677 1840 3716 cor·

136 3753 250 3820 spiritus
273 3765 349 3805 nunc
371 3748 448 3803 nullo
472 3748 609 3817 corporali
635 3747 696 3802 loco
723 3753 908 3818 sustentatur;
935 3751 976 3805 ita
1003 3767 1072 3822 pora
1099 3749 1179 3819 (talia
1205 3749 1280 3804 enirn
1307 3765 1325 3803 a
1351 3748 1493 3819 plerisque
1519 3747 1656 3819 theologis
1683 3751 1841 3817 censentur)

137 3855 249 3911 quoqne
268 3854 324 3892 non
351 3840 395 3890 est
411 3850 539 3904 necesse,
563 3839 596 3886 ut
619 3838 688 3887 tunc
704 3834 849 3903 spirituale
874 3851 975 3905 corpus
1002 3837 1088 3890 rideri
1107 3835 1223 3906 possint,
1243 3834 1272 3889 id
1292 3835 1368 3904 quod
1387 3834 1530 3889 evidenter
1543 3839 1661 3904 apparet
1679 3850 1712 3888 cx
1733 3840 1757 3890 t.
1770 3835 1841 3906 Reg.

137 3925 233 3996 aliquo
252 3923 313 3978 loco
330 3921 471 3976 fulcimur.
509 3922 539 3986 2)
558 3920 606 3972 Ea
623 3919 753 3988 aqueae
771 3925 797 3972 et
813 3921 975 3981 subidiate.
1002 3929 1026 3992 6,
1045 3940 1071 3976 r.
1093 3927 1139 3978 17:
1158 3924 1208 3974 Ad
1216 3936 1318 3990 preces
1329 3920 1444 3974 Elisaei
1459 3921 1574 3989 aperuit
1583 3921 1726 3975 Dominus
1744 3921 1841 3975 oculas

138 4011 168 4067 Si
194 4025 311 4080 corpora
337 4006 493 4079 glorificate
516 4007 576 4060 loco
596 4004 902 4075 circumscriberentur,
919 4026 974 4063 non
997 4009 1093 4078 pueri,
1112 4008 1230 4077 etaidit,
1249 4016 1274 4062 et
1292 4023 1355 4061 ecee
1368 4007 1559 4079 meriplenus
1576 4008 1655 4076 equis
1668 4015 1694 4060 et
1707 4008 1840 4061 curribus

137 4104 231 4153 essem
247 4110 353 4149 summe
370 4092 458 4163 agilia
477 4098 505 4147 et
521 4091 641 4146 subtilia.
673 4093 698 4156 t)
716 4093 763 4145 Ea
775 4096 1013 4158 conformitate
1001 4095 1091 4164 ιγνοίι
1116 4095 1146 4146 in
1172 4094 1292 4147 circuitu
1311 4093 1434 4146 Elisaei.
1470 4092 1536 4148 lam
1555 4098 1621 4147 ante
1640 4092 1738 4146 aderat
1753 4107 1838 4162 ange·

137 4200 199 4236 eum
214 4181 332 4248 anpelie.
362 4178 443 4234 Beati
464 4185 545 4234 crunt
562 4178 669 4231 similes
687 4178 803 4245 capelia.
831 4179 974 4236 Jamrero
1001 4179 1071 4233 licus
1082 4179 1132 4233 ille
1143 4179 1289 4248 exercitus,
1308 4178 1359 4232 sed
1376 4195 1394 4232 e
1407 4193 1487 4232 servo
1499 4177 1601 4232 Elisaer
1612 4194 1667 4231 non
1682 4175 1838 4244 videbatur,

136 4267 231 4338 augeli
252 4280 309 4319 non
326 4270 392 4319 sunt
416 4264 443 4316 in
465 4262 526 4317 loco
544 4278 595 4331 per
616 4262 907 4334 circumscriptionem,
925 4267 974 4321 sed
1001 4265 1069 4335 quia
1093 4265 1189 4320 oculos
1212 4265 1334 4320 nondum
1359 4262 1484 4319 habebat
1506 4267 1625 4332 apertos.
1660 4261 1744 4315 Adde
1763 4262 1838 4332 qnod

136 4355 166 4409 in
192 4348 248 4410 noi
275 4367 326 4422 per
352 4348 547 4404 definitionem.
584 4348 611 4415 4)
640 4350 687 4402 Ea
712 4351 842 4418 corporis
869 4350 977 4407 Christi
1001 4350 1121 4426 depacta
1152 4358 1265 4406 maneat
1287 4350 1442 4420 proprietas
1465 4345 1663 4419 ἀγγελόιηκος,
1694 4348 1838 4418 angelicae

133 4439 318 4511 proprietate.
355 4436 479 4504 Corpora
495 4434 639 4489 beatorum
655 4440 736 4487 erunt
753 4435 974 4507 contermiaglo·
1000 4442 1131 4506 naturas,
1161 4436 1236 4491 uude
1264 4435 1357 4507 angeli
1386 4433 1543 4488 referuntur
1571 4432 1642 4487 inter
1670 4436 1704 4487 τὰ
1730 4431 1838 4509 ἀόρατα

137 4525 246 4579 rificato
272 4521 375 4577 Christi
398 4520 515 4590 corpori.
559 4520 624 4574 lam
648 4535 715 4574 vcro
737 4536 837 4590 corpus
861 4521 974 4592 Christi,
1000 4522 1060 4578 Col.
1073 4529 1131 4591 l,v.
1144 4527 1183 4577 16.
1199 4521 1274 4593 Ergo
1286 4521 1371 4575 etism
1383 4519 1436 4573 erit
1448 4518 1602 4588 proprietas
1613 4517 1837 4591 ἰσογγελόιητος.

137 4617 275 4683 quatenus
297 4615 340 4662 est
364 4606 561 4677 glorificatum,
586 4622 640 4660 non
660 4605 895 4660 circumscribitur
913 4609 973 4663 loco
999 4607 1064 4662 lam
1082 4623 1148 4661 vero
1167 4606 1240 4661 beati
1260 4604 1345 4659 futuri
1365 4611 1447 4658 erunt
1465 4600 1619 4676 ἰσάγγελοι.
1655 4605 1682 4673 3)
1701 4608 1748 4660 Ea
1767 4624 1837 4676 qua-

137 4697 256 4768 physico
274 4708 415 4765 corporeo,
434 4698 467 4747 ut
483 4691 551 4746 alibi
567 4692 675 4762 plenius
697 4691 907 4746 demonstratur.
944 4697 973 4760 5)
999 4695 1080 4747 litate
1104 4693 1235 4761 corporis
1261 4692 1371 4748 Clrristi.
1406 4690 1533 4745 Christus
1557 4691 1586 4745 in
1605 4692 1696 4747 medio
1714 4692 1837 4747 exinani·

137 4785 185 4837 Ba
201 4782 260 4837 laci
276 4780 448 4835 conditione.
483 4777 575 4832 Isocra
594 4768 637 4832 est
656 4776 900 4847 affectiocorporis
914 4778 972 4832 ani·
999 4779 1081 4833 tionis
1109 4783 1183 4831 statu
1203 4795 1259 4847 per
1282 4779 1390 4831 medios
1411 4779 1621 4832 Nazaretbenos
1640 4778 1758 4832 transire
1784 4794 1836 4847 po·

136 4870 216 4926 malis
241 4884 275 4923 ac
298 4867 416 4938 physici.
452 4866 517 4920 Jam
534 4881 600 4920 vero
617 4865 760 4920 beatorum
782 4881 900 4934 corpora
917 4882 972 4919 non
999 4869 1080 4931 terat,
1109 4870 1141 4917 ut
1167 4879 1230 4917 eum
1254 4878 1309 4917 nec
1329 4861 1470 4931 viderent,
1496 4880 1548 4918 nec
1573 4864 1838 4933 comprehenderent

136 4950 346 5025 eruntipalssci,
359 4952 408 5007 sed
424 4948 607 5024 πνευματικά.
635 4951 758 5021 Tempus
775 4951 891 5006 stlocus
908 4958 973 5006 sunt
1000 4949 1067 5004 Luc.
1082 4956 1109 5018 l,
1128 4967 1152 5005 v.
1173 4954 1215 5005 30.
1235 4952 1346 5019 poterat
1361 4966 1379 5003 a
1395 4948 1673 5005 intereludssorum
1688 4949 1835 5021 intemplo

135 5040 308 5105 candentia,
336 5055 408 5108 quae
430 5039 466 5093 ad
487 5038 561 5093 hunc
581 5039 712 5093 mundum
732 5038 887 5108 pertinent,
908 5040 974 5110 quia
999 5053 1028 5089 se
1048 5036 1221 5090 abscondere
1239 5053 1274 5089 ae
1287 5053 1342 5104 per
1361 5037 1595 5090 mediumeorum
1609 5052 1624 5088 e
1638 5035 1741 5103 templo
1760 5037 1836 5091 scire

135 5134 287 5198 antequam
312 5125 433 5179 mundus
453 5130 589 5192 exstaret,
610 5141 662 5179 nec
682 5131 800 5194 tempus,
822 5142 874 5180 nec
895 5127 972 5180 locus
999 5120 1064 5174 Joh.
1082 5125 1106 5187 8,
1124 5137 1149 5175 v.
1168 5125 1210 5175 59.
1235 5136 1269 5174 ec
1293 5127 1441 5190 postquam
1465 5136 1515 5190 per
1544 5121 1771 5175 resurrectionem
1795 5123 1836 5177 in·

136 5221 204 5270 erat.
240 5213 315 5283 Ergo
339 5211 422 5266 etiam
440 5227 496 5265 una
514 5228 577 5265 cum
595 5211 699 5265 mundo
717 5217 827 5281 tompus
846 5216 874 5264 et
894 5213 972 5266 locus
998 5223 1110 5277 gressus
1136 5210 1197 5262 erat
1215 5205 1244 5259 in
1265 5205 1382 5276 gloriam
1403 5223 1496 5272 suam,
1524 5205 1614 5260 iactus
1642 5213 1684 5261 cst
1710 5201 1837 5280 ἄγοντος

135 5298 292 5356 cessabunt.
329 5298 357 5363 6)
372 5298 420 5350 Εο
437 5298 494 5350 loci
513 5297 684 5358 definitione.
720 5298 811 5351 Locus
827 5296 971 5351 Aristoteli
998 5309 1090 5346 coram
1121 5290 1265 5360 discipulis
1294 5291 1323 5346 in
1344 5293 1477 5346 Emmaus
1501 5291 1569 5345 Luc.
1588 5296 1630 5356 te,
1649 5309 1674 5345 v.
1697 5296 1737 5348 31.
1770 5295 1835 5350 Jsm

135 5391 178 5440 est
188 5391 239 5440 τοῦ
257 5388 438 5458 περιέχοντος
455 5388 542 5458 πέρας
559 5380 691 5451 ἀκίνητοι·
704 5387 823 5457 πρῶτον.
859 5382 899 5435 Αἰ
911 5399 971 5436 cor·
998 5393 1063 5433 vero
1078 5377 1206 5433 Christus
1218 5394 1318 5448 corpus
1331 5385 1454 5432 nostrum
1467 5377 1569 5431 humile
1584 5376 1726 5434 conforme
1738 5381 1836 5436 reddet

134 5484 203 5539 pora
238 5468 383 5523 beatarum
414 5467 494 5521 nulla
522 5465 668 5537 superficie
699 5465 971 5522 circumscribuntur.
1000 5464 1109 5534 corpori
1123 5479 1173 5518 suo
1185 5462 1304 5533 glorioso
1316 5463 1385 5522 Phil.
1397 5469 1421 5526 3,
1430 5468 1508 5520 nil.
1527 5463 1597 5518 Post
1605 5464 1835 5520 resurrectionem
