4050 6014
222 274 282 334 262
858 272 1084 333 maratus
1104 275 1276 341 QUINTUS

222 443 278 493 qua
306 428 531 483 comisantium
555 432 647 485 oritur
672 432 860 486 intolerabilis
892 432 1052 500 dmperatio
1082 432 1191 498 pirano
1205 427 1332 502 'patietur
1353 432 1391 487 ab
1414 430 1634 503 apprehensione
1655 431 1847 500 praesentium
1871 431 1920 486 do·

222 514 311 565 omnis
329 515 401 568 boui.
438 522 460 572 5.
477 524 587 581 Μανία,
605 522 693 586 furor
712 519 866 584 tenibilis,
885 534 940 589 quo
959 518 1054 571 adver·
1079 516 1182 586 lorum,
1208 519 1343 572 memoria
1362 534 1380 572 a
1398 517 1588 573 recordatione
1607 516 1819 586 praeteritarum
1840 517 1920 572 volu-

221 617 269 653 666
283 601 374 655 Deum
391 608 418 657 et
436 621 530 658 omnes
549 611 698 670 creaturas,
717 605 843 677 adeoque
862 605 944 659 etiam
960 606 1054 658 adrer-
1081 609 1205 673 ptatum,
1228 605 1385 659 irrtsllsctus
1402 621 1420 659 6
1436 601 1657 659 consideratione
1677 601 1812 657 bonorum
1835 603 1917 658 amie-

221 703 268 739 sus
297 704 327 741 se
355 689 429 757 ipsos
458 691 629 762 pugnabunt.
666 693 727 749 Deo
755 693 908 746 irascentur
936 706 1055 761 cumque
1080 706 1172 743 sorum
1191 692 1377 756 etmalorum,
1397 689 1709 760 adquaedevaneruut
1728 689 1917 759 maerentium

220 770 463 842 blasphemabunt
482 777 519 831 ob
543 779 763 850 magnitudinem
788 777 912 832 dolorum
937 783 966 832 et
991 793 1054 846 poc·
1080 793 1114 830 ac
1132 775 1295 831 futurorum.
1321 775 1400 829 ldcm
1416 773 1555 845 judicium
1572 780 1632 830 ceto
1646 774 1818 845 decerperis
1833 791 1917 830 mem·

221 875 325 923 narum,
345 879 414 930 quas
432 863 469 916 ab
488 864 549 933 ipso
565 864 617 918 sibi
636 865 754 919 inflictas
774 863 894 918 sentient
912 863 1001 932 Apoc.
1014 868 1053 926 11,
1082 861 1148 930 bris,
1168 862 1197 916 in
1217 860 1319 932 quibua
1337 861 1465 917 omuibus
1482 878 1517 915 ac
1531 861 1648 932 siugulis
1667 861 1791 918 damuati
1809 864 1917 934 patien-

220 963 245 998 ν.
262 952 306 1014 11;
338 948 490 1002 irascentur
508 951 635 1004 omnibus
654 951 801 1018 creaturis,
825 949 899 1021 quod
917 948 991 1002 omni
1009 965 1054 1002 oa·
1080 952 1138 1014 tur,
1164 947 1230 1018 quia
1250 947 1380 1002 omnibus
1395 952 1425 1002 et
1440 946 1558 1018 singulis
1584 947 1620 1002 ad
1641 949 1771 1003 creatoris
1798 949 1916 1020 ignorui·

220 1050 279 1085 rum
307 1034 404 1088 solatio
431 1035 551 1089 distituti
575 1036 604 1089 in
624 1036 745 1090 aeternis
767 1034 888 1090 tenebris
910 1043 1053 1103 maneant,
1079 1033 1155 1087 uiam
1173 1033 1255 1088 abusi
1273 1033 1309 1087 ad
1326 1033 1481 1104 iniquitatis
1496 1050 1574 1089 arma
1592 1035 1690 1093 cadem
1708 1040 1915 1104 6666616661,

219 1119 271 1172 6161
291 1120 358 1188 ipsis
380 1128 494 1176 mortem
513 1128 541 1176 et
560 1122 673 1176 exitium
691 1121 830 1192 optabunt
849 1120 886 1177 ob
903 1127 1051 1175 tormento·
1079 1119 1157 1175 Rom
1177 1125 1203 1187 6,
1221 1137 1248 1175 r.
1271 1124 1310 1175 13.
1333 1119 1531 1174 Bonaveutura
1547 1120 1577 1174 in
1596 1119 1688 1175 diaeta
1705 1120 1787 1176 salut
1809 1120 1914 1180 titio.

219 1224 278 1258 rum
297 1206 472 1261 atrocitatem
491 1225 524 1261 ac
543 1208 668 1262 dolorum
687 1207 875 1271 acerbitatem,
904 1223 967 1260 cum
983 1206 1052 1260 abas
1078 1223 1101 1260 c.
1126 1212 1155 1263 i:
1175 1205 1247 1259 Sunt
1264 1206 1382 1275 quidam
1400 1206 1495 1260 dicere
1507 1205 1639 1268 uolentes,
1656 1208 1734 1274 quod
1753 1208 1915 1274 ininferna

218 1297 320 1346 natura
348 1311 365 1347 a
392 1300 479 1347 morte
507 1294 654 1349 abhorreat
681 1310 715 1348 ac
744 1293 787 1347 sui
815 1293 1050 1347 conservationem
1078 1292 1225 1346 6161666666
1238 1299 1340 1361 partor
1357 1292 1477 1346 bominis
1500 1298 1558 1345 tom
1584 1293 1715 1360 corporis
1741 1307 1825 1360 quam
1851 1295 1914 1347 orri-

218 1389 339 1446 quacrat
373 1376 463 1448 Apoc.
484 1388 509 1448 6,
525 1398 551 1436 v.
573 1385 616 1434 lt:
636 1381 739 1434 Dicent
756 1380 895 1433 montibus
912 1386 938 1432 et
949 1379 1051 1446 patrm,
1078 1393 1139 1430 mae
1155 1386 1222 1446 post
1237 1379 1312 1431 (11661
1329 1377 1437 1445 judieii
1453 1384 1535 1432 erurst
1557 1378 1589 1431 in
1613 1378 1692 1446 ione,
1720 1396 1795 1432 nuno
1818 1388 1913 1432 autcm

217 1465 311 1516 castita
328 1481 413 1532 super
431 1467 498 1518 nos!
533 1483 593 1536 cap.
611 1471 635 1534 9,
652 1484 677 1520 v.
697 1472 726 1520 e:
760 1466 902 1528 Quaerant
927 1474 1050 1533 mortem,
1076 1464 1216 1527 eidemin,
1240 1464 1317 1532 quod
1341 1464 1423 1517 tomo
1439 1481 1498 1518 non
1513 1471 1608 1532 posset
1631 1464 1693 1519 sine
1710 1465 1833 1518 monium
1856 1473 1912 1520 tor·

217 1558 243 1600 61
272 1566 327 1602 non
355 1551 494 1605 inueniant
523 1569 593 1607 eam.
627 1553 751 1608 Isidorus
780 1551 887 1606 Clarius
914 1556 983 1605 orat.
1005 1554 1050 1608 12:
1077 1557 1165 1605 mento
1192 1548 1284 1616 ionem
1309 1551 1339 1604 in
1364 1557 1450 1619 porte
1477 1550 1560 1604 unius
1586 1549 1672 1617 diuiti
1697 1551 1836 1607 amtiuers
1856 1569 1913 1621 per

219 1636 359 1697 1161616661
382 1638 498 1703 pravius
520 1638 703 1710 supplicium,
731 1656 815 1707 quam
840 1653 949 1706 semper
971 1636 1050 1705 uelis,
1075 1651 1161 1688 unam
1178 1635 1286 1703 lorum,
1304 1644 1425 1705 quantus
1444 1652 1510 1703 erqo
1525 1636 1579 1689 erit
1596 1636 1689 1700 dolor,
1707 1639 1823 1705 meando
1837 1645 1912 1693 16166

216 1723 293 1789 quod
312 1741 454 1791 rrunquam
468 1726 529 1789 erit,
550 1732 697 1792 strempcr
710 1724 795 1788 nolle,
816 1725 893 1794 quod
906 1740 1048 1791 nunqrram
1075 1723 1156 1777 bomo
1174 1722 1287 1776 ardebat
1308 1723 1338 1776 iu
1354 1723 1441 1789 ipnel
1475 1720 1628 1777 Gereonius
1654 1724 1717 1778 lect
1736 1728 1778 1781 36.
1796 1740 1860 1780 cau.
1881 1725 1911 1780 iu

216 1824 271 1859 non
301 1809 375 1861 erit?
410 1809 446 1862 In
474 1818 617 1864 aeternum
644 1818 776 1877 peccator
796 1827 851 1864 non
879 1815 1049 1877 assequetur,
1075 1809 1165 1865 mua:
1189 1811 1306 1863 Poenae
1325 1808 1468 1863 damnatis
1483 1811 1754 1877 secmrdumcorpur
1770 1817 1909 1886 6166666-

215 1894 380 1961 quodvult,
404 1902 429 1947 61
449 1897 526 1964 quod
542 1914 599 1948 non
615 1896 683 1962 nult,
711 1896 892 1950 nibilominus
909 1896 939 1948 in
959 1902 1048 1947 66166-
1075 1897 1142 1948 dum
1173 1895 1297 1949 animam
1326 1895 1497 1964 infliqsntur.
1533 1893 1644 1963 Corpus
1670 1895 1783 1965 quidem
1807 1899 1910 1966 poenis

215 1998 280 2032 num
293 1980 362 2047 poti
380 1988 499 2050 cupetur.
531 1981 660 2048 Baptista
676 1980 843 2036 Mantuanus
861 1981 879 2036 l.
899 1986 922 2035 3.
943 1979 978 2034 (16
997 1996 1047 2050 pa·
1073 1981 1170 2049 666116,
1190 1982 1287 2050 quoad
1303 1997 1397 2035 omues
1414 1978 1520 2034 semus
1531 1981 1674 2047 afficitur,
1697 1981 1795 2034 anima
1812 1998 1910 2037 secum

215 2065 312 2120 tientia
338 2082 399 2135 cap.
420 2073 464 2123 25:
498 2069 640 2121 Demarati
664 2069 779 2121 assidue
804 2075 939 2134 coquntur
964 2083 1048 2120 coeco
1074 2071 1141 2122 dum
1158 2082 1252 2121 omnes
1271 2083 1340 2121 suaa
1360 2067 1502 2136 potentiae
1528 2066 1678 2121 cruciatur.
1714 2069 1792 2123 Nam
1813 2072 1912 2137 qrsoad

214 2151 282 2205 laec
302 2146 436 2204 incendia
455 2153 654 2220 conwmplori,
676 2161 811 2223 tantaque
830 2154 933 2207 661166
958 2153 1047 2206 inuita
1073 2155 1163 2207 ursum
1182 2161 1222 2206 cst
1239 2152 1412 2208 1611661616
1429 2152 1562 2220 privatio,
1589 2155 1666 2220 quod
1683 2153 1849 2208 (16166166ιῖ6
1870 2164 1910 2210 sn

215 2238 461 2304 contemplatione,
483 2255 565 2307 quom
585 2240 615 2292 in
635 2248 778 2294 aeteruum
796 2240 969 2309 supplicium
993 2239 1049 2293 sibi
1074 2240 1164 2293 oculis
1183 2238 1502 2296 mussitaturus
1520 2245 1560 2293 est
1575 2239 1615 2293 ibi
1626 2240 1729 2305 fumus
1752 2239 1842 2310 Apoc
1864 2247 1908 2312 14,

214 2340 233 2375 a
251 2325 314 2376 Deo
334 2325 431 2377 clatum
451 2333 627 2394 capnorcunt,
653 2328 744 2395 serpit
761 2327 929 2396 indiqnatio,
954 2333 1046 2380 166166
1073 2327 1170 2394 quood
1192 2325 1321 2379 audium
1353 2332 1394 2379 eat
1417 2325 1458 2379 ibi
1475 2341 1562 2378 sonus
1584 2324 1748 2393 torribilis,
1775 2325 1842 2396 Sap.
1863 2333 1909 2383 l'l:

213 2409 387 2477 impatientis
406 2411 496 2462 aniani
513 2412 599 2475 furor
621 2414 793 2482 exardescit,
816 2421 848 2466 ut
866 2413 943 2466 omni
959 2413 1045 2467 ratio·
1075 2411 1189 2465 Sonitus
1216 2412 1388 2466 (1666666666
1412 2411 1562 2482 perturbat
1587 2410 1671 2479 illam·
1702 2411 1767 2465 item
1790 2414 1909 2479 prmum

214 2494 259 2548 nis
272 2514 330 2574 666
346 2496 602 2562 posthabito‘coclo
618 2508 647 2552 st
664 2506 757 2554 terrae
776 2516 810 2553 oc
825 2501 888 2553 Deo
909 2500 967 2568 ipsi
981 2515 1046 2567 pre·
1074 2496 1244 2551 mismabilis
1272 2505 1298 2551 et
1323 2497 1496 2567 blasphemia
1522 2497 1704 2552 easscrabilis
1742 2499 1832 2568 Apoc.
1863 2504 1908 2568 163

214 2589 310 2635 centur
331 2583 478 2648 escidium,
498 2591 523 2635 61
543 2585 674 2651 quoniam
695 2586 738 2638 uir
755 2585 982 2654 corscupircililis
999 2586 1045 2638 66·
1072 2587 1169 2652 quoad
1186 2584 1323 2648 olfactum
1346 2592 1386 2638 ssr
1413 2585 1454 2637 ibi
1474 2583 1573 2650 sulfur
1589 2584 1721 2649 scetem,
1746 2583 1837 2654 quu
1863 2592 1906 2642 ll:

213 2666 245 2718 ni
256 2668 398 2735 placentur
414 2670 617 2723 6666666666
631 2679 656 2724 61
671 2687 781 2739 poenae
795 2671 972 2740 displicentes
985 2687 1044 2724 sen·
1074 2669 1282 2724 Cruciabuntur
1297 2671 1361 2737 ione
1381 2678 1408 2724 61
1423 2670 1555 2735 adfurs5
1572 2671 1667 2737 quood
1683 2677 1795 2741 quatum
1807 2672 1907 2740 corpu

212 2755 246 2807 tit
265 2755 460 2823 offensionem,
486 2756 640 2810 irascibilis
657 2776 764 2826 quoque
784 2759 964 2812 desideratae
985 2758 1044 2826 qui·
1071 2757 1158 2810 tbium
1176 2773 1307 2810 amorrnn
1325 2755 1484 2823 61666166.
1502 2761 1532 2811 9:
1560 2757 1635 2809 Ecce
1652 2755 1751 2810 cibabo
1764 2759 1907 2829 populum

211 2843 263 2894 etis
281 2842 375 2910 naqrrit
400 2858 419 2892 a
438 2843 652 2910 concupiscibili
676 2845 876 2913 impedimenta
899 2844 1044 2913 repellere,
1070 2843 1216 2911 adsumtio
1234 2851 1261 2897 et
1285 2850 1383 2912 potum
1408 2843 1481 2897 dabo
1508 2843 1549 2894 er's
1569 2843 1614 2905 fel
1639 2844 1812 2912 draconum,·
1831 2845 1906 2903 ,iem

211 2930 242 2990 sit
263 2928 294 2979 in
312 2928 405 2980 animo
426 2946 535 2983 moeror
557 2938 583 2982 et
603 2929 694 2983 luctus
713 2939 739 2983 st
755 2931 814 2986 sine
834 2931 896 2984 ulla
914 2931 1043 2985 consolo-
1068 2930 1112 2993 sel
1130 2930 1286 2984 draconum
1300 2937 1396 2997 potrus,
1414 2928 1497 2984 Deut
1518 2933 1564 2983 32:
1587 2928 1646 2982 Uoo
1663 2944 1757 2982 eorum
1777 2947 1834 2983 uua
1844 2931 1906 2999 fcl-

210 3014 284 3067 tione
302 3015 469 3068 cordolium.
498 3018 579 3069 Haec
598 3024 692 3072 autem
708 3023 809 3085 potine
826 3034 879 3087 per
897 3018 952 3073 illu
964 3017 1043 3086 quin-
1070 3017 1106 3070 lis
1126 3025 1152 3070 et
1164 3024 1251 3085 potua
1269 3016 1480 3083 amarissimus,
1500 3016 1544 3080 fel
1565 3016 1720 3069 draconum
1737 3016 1834 3070 cirrum
1860 3036 1904 3072 eo·

211 3115 263 3167 que
277 3100 407 3166 flumina,
427 3119 498 3171 qrrae
517 3104 596 3169 apud
606 3103 717 3167 inferos
731 3112 851 3171 ponunt,
870 3104 1042 3170 1666116666-
1068 3121 1131 3155 rum
1151 3109 1177 3156 et
1192 3117 1324 3155 termnum
1343 3102 1475 3170 aspidum
1492 3101 1669 3170 irmanabils5
1688 3104 1786 3169 quood
1798 3110 1904 3157 tactum

210 3186 374 3252 ripuarunt,
404 3187 473 3254 Styn
492 3188 564 3240 enim
584 3195 625 3241 est
645 3190 749 3254 odium,
769 3189 899 3243 Acheron
916 3189 1041 3253 tristitia,
1068 3196 1109 3241 cst
1127 3188 1168 3241 ibi
1186 3188 1261 3255 iqrrrs
1279 3187 1559 3257 arembertum:
1585 3188 1630 3241 Its
1647 3187 1678 3241 in
1697 3188 1807 3257 iqnsm5
1836 3191 1903 3243 item

208 3271 293 3325 Lstlm
324 3272 437 3341 obliuio,
468 3274 585 3340 Cocytus
605 3274 712 3342 luctus,
744 3275 916 3341 Pllcqetlon
944 3277 1042 3331 ordor.
1067 3275 1169 3328 semme
1198 3276 1353 3328 corrodens
1387 3273 1452 3327 Era.
1479 3279 1518 3328 14.
1551 3273 1617 3327 11616
1647 3273 1736 3326 bestia
1768 3277 1903 3331 mordens

210 3359 313 3411 Odium
331 3359 392 3412 Dei
413 3367 495 3427 atqua
514 3360 661 3428 justitiae,
685 3361 804 3415 tristitia
828 3364 863 3415 ‹ls
885 3379 1040 3431 positarum
1068 3362 1151 3415 Deut.
1170 3368 1212 3418 32.
1234 3363 1299 3415 urm
1315 3368 1410 3415 aestua
1427 3360 1627 3428 1666666αὸ1116
1645 3367 1671 3412 61
1685 3360 1841 3430 frigiditas
1860 3362 1902 3417 in·

208 3445 367 3511 acerbitate,
386 3446 488 3499 obliuio
506 3447 637 3499 caritatis
656 3455 682 3499 et
700 3448 768 3515 spei,
786 3448 878 3502 luctas
891 3465 1041 3517 66166666-
1068 3447 1234 3512 tolerabiles,
1254 3447 1318 3502 lob.
1334 3454 1383 3503 ut:
1405 3446 1575 3500 Transibtmt
1589 3447 1625 3499 66
1637 3447 1719 3516 aquis
1737 3448 1844 3502 nivium
1862 3450 1904 3502 ad

208 3549 271 3583 rum
291 3531 452 3596 acerbitate,
470 3534 560 3586 ardor
580 3551 612 3587 en
629 3535 799 3588 conscientia
817 3535 925 3604 aduae,
951 3538 1042 3590 ardor
1068 3535 1190 3587 colorem
1208 3534 1332 3587 nimium
1365 3532 1519 3602 Afflipitur
1536 3539 1562 3585 61
1576 3532 1714 3586 animuin
1728 3534 1902 3602 66666166-

209 3617 273 3669 item
291 3618 418 3685 corporis
432 3626 500 3686 post
518 3619 756 3688 resurrectionem,
777 3623 854 3688 quad
867 3621 975 3690 iupiter
994 3640 1041 3675 ar·
1068 3623 1115 3675 tiis
1139 3619 1281 3674 consitivis
1299 3627 1326 3672 et
1350 3619 1541 3687 intellectiva,
1564 3627 1604 3673 est
1628 3620 1700 3674 66616
1727 3620 1768 3674 ior·
1791 3629 1902 3690 protar-

208 3704 284 3756 deln’t
303 3711 330 3755 61
346 3722 401 3756 non
422 3707 803 3775 cumsacramentales
823 3725 897 3760 rnors
917 3716 1040 3773 6616666,
1067 3725 1102 3760 oa
1117 3705 1282 3775 plumascu,
1302 3707 1416 3759 (166666
1436 3704 1663 3774 cormupiscerstin
1683 3714 1709 3759 st
1728 3706 1830 3768 furens
1851 3707 1901 3760 tri·

208 3790 277 3856 quia
297 3789 466 3842 immortalis
485 3791 613 3855 mmerio,
638 3808 712 3860 quoe
730 3809 858 3861 supremo
877 3795 954 3863 bono,
981 3796 1000 3849 i.
1018 3810 1039 3849 6.
1066 3792 1152 3846 stitia.
1190 3791 1339 3845 Portiones
1357 3798 1382 3844 st
1409 3791 1524 3844 dolores
1550 3791 1677 3844 tenebunt
1702 3808 1749 3845 666
1774 3790 1842 3846 Ess.
1861 3797 1900 3848 13.

208 3875 385 3944 beatitudini,
411 3877 540 3944 opposita
554 3885 648 3944 potest
668 3896 802 3930 summum
819 3880 924 3932 malum
942 3881 1039 3950 appol·
1067 3877 1181 3932 Praeter
1198 3876 1249 3931 has
1266 3876 1409 3947 generales
1429 3883 1458 3931 et
1474 3873 1601 3931 omnibus
1621 3874 1758 3930 damnatis
1777 3893 1900 3932 commu-

204 3961 272 4014 tari.
308 3960 442 4024 Breviter,
461 3961 512 4016 erit
527 3962 556 4015 in
575 3962 712 4018 damnatis
730 3967 827 4033 pudor
847 3973 973 4035 respectu
987 3967 1039 4022 Dei
1067 3981 1115 4018 666
1132 3979 1235 4032 poenas
1255 3969 1337 4016 erunt
1354 3961 1437 4016 etiam
1455 3976 1561 4031 poenae
1579 3961 1714 4031 quaedam
1738 3964 1899 4031 particula

205 4052 234 4099 et
253 4045 412 4111 angelorum
429 4054 586 4102 sauctorum
600 4065 634 4103 ac
647 4049 788 4104 homiuum
801 4049 959 4117 beatorum
975 4053 1038 4106 iror-
1065 4065 1112 4102 ros
1135 4066 1169 4102 aa
1190 4049 1342 4117 propriae,
1368 4047 1486 4117 quisque
1509 4046 1581 4100 euim
1606 4047 1719 4116 punitur
1745 4050 1900 4105 secundum

205 4150 255 4186 ror
274 4139 401 4202 respectu
421 4133 609 4198 diabolorum
639 4137 721 4190 dolor
750 4145 777 4189 ct
800 4137 884 4191 timor
911 4145 1039 4208 respectu
1067 4135 1212 4188 criminum
1232 4151 1345 4188 suorum
1362 4132 1546 4202 quantitatem
1561 4135 1589 4185 et
1609 4132 1779 4201 qualitatem,
1808 4152 1900 4207 neque

205 4224 377 4273 aeternorum
398 4226 605 4279 tormentorum.
1066 4219 1152 4274 ullum
1171 4219 1224 4273 erit
1241 4225 1395 4288 peccatum,
1423 4219 1496 4288 quod
1516 4234 1571 4271 non
1587 4217 1729 4288 proprium
1751 4237 1833 4276 suum
1858 4222 1900 4279 ibi

70 4314 191 4354 Universa·
241 4311 282 4360 53.
307 4305 435 4359 Ceterum
453 4307 529 4377 quod
547 4309 576 4360 in
601 4307 698 4361 anima
715 4315 741 4361 61
758 4326 875 4378 corpore
894 4310 1039 4366 damnatos
1066 4304 1168 4360 babeat
1181 4303 1347 4369 cruciatum
1376 4303 1405 4357 in
1423 4318 1478 4372 quo
1498 4301 1620 4358 membro
1639 4310 1745 4358 creator
1762 4306 1827 4376 plus
1844 4307 1901 4363 iuit

74 4367 190 4456 Ιὲἷζᾙξ,
204 4392 371 4460 torquendos
389 4409 449 4446 osse
476 4393 608 4457 diximus,
634 4410 668 4447 ea
691 4394 798 4448 6611666
820 4395 1038 4465 intelligendum,
1066 4390 1194 4455 Offensum
1212 4391 1241 4445 in
1259 4406 1292 4445 00
1310 4397 1438 4460 peccator
1458 4389 1571 4460 gravius
1589 4389 1770 4460 torquebitur,
1788 4394 1899 4463 quade

81 4469 179 4556 “tim
204 4477 278 4548 quod
304 4479 333 4530 in
361 4479 487 4531 omnibus
504 4479 624 4536 animae.
650 4480 783 4547 potentiis
808 4487 837 4535 et
860 4481 889 4534 iu
915 4481 1039 4536 omnibus
1066 4494 1095 4531 re
1109 4479 1139 4531 iu
1159 4475 1365 4547 quaestiouibus
1386 4476 1494 4531 dicetur
1512 4476 1629 4547 plenius.

109 4531 163 4564 mm.
203 4565 332 4631 corporis
350 4565 480 4616 membris
498 4564 607 4619 dolores
632 4565 822 4620 acerbissimos
848 4566 904 4621 sint
927 4584 1037 4638 persen·
1100 4569 1140 4619 64.
1176 4565 1305 4617 Externa
1328 4565 1527 4616 damnatorum
1551 4563 1629 4616 61616
1655 4569 1759 4632 sugam
1787 4569 1808 4620 1.
1827 4566 1931 4619 sociis-
1944 4569 2015 4656 unffi

203 4649 274 4710 suri,
301 4666 334 4703 ac
353 4649 470 4718 proinde
491 4650 527 4703 ad
545 4649 724 4721 multiplicem
745 4669 894 4721 poenarum
922 4654 1038 4709 varieta-
1065 4649 1208 4718 supplicii,
1227 4665 1289 4703 cum
1306 4649 1408 4719 quibus
1422 4647 1576 4718 patiuntur,
1592 4654 1615 4704 2.
1634 4648 1759 4704 conditio
1779 4651 1845 4720 loci,
1870 4651 1899 4705 in
1912 4626 2015 4716 ilfurt·

203 4741 259 4789 166
283 4736 399 4790 accedet
421 4740 576 4792 earundem
600 4738 809 4792 univeraliter.
852 4738 929 4793 Mala
955 4737 1038 4808 hujus
1065 4752 1120 4805 quo
1141 4736 1291 4806 patiuntur.
1328 4733 1401 4789 Socii
1420 4733 1552 4803 supplicii
1570 4740 1635 4788 sunt
1661 4741 1685 4803 l)
1704 4735 1776 4788 mali
1794 4738 1900 4807 arrpeli,

203 4821 276 4876 vitae
300 4827 365 4875 sunt
395 4823 531 4878 duntaxat
562 4824 739 4892 sinpulorio,
764 4824 876 4893 quando
909 4825 1037 4895 patimur,
1065 4825 1092 4888 2)
1113 4822 1239 4875 lomirses
1257 4820 1393 4874 damnati.
1421 4818 1554 4874 Diaboloe
1570 4826 1598 4875 ct
1611 4820 1756 4877 damnatos
1773 4822 1899 4878 homiues

202 4915 269 4962 tunc
287 4926 358 4962 uuus
378 4915 487 4963 tantum
517 4927 613 4965 sensus
638 4916 667 4963 et
689 4927 776 4963 unum
797 4909 931 4965 duntaxat
951 4929 1037 4968 mem·
1063 4908 1122 4964 fore
1141 4907 1265 4976 ejusdem
1285 4905 1414 4976 supplicii
1430 4906 1533 4975 socios,
1559 4912 1636 4976 patet
1659 4924 1692 4960 ex
1711 4907 1803 4963 verbis
1820 4908 1898 4965 chri-

201 4992 281 5047 brum
301 4996 419 5063 patitur,
445 4996 494 5050 sed
512 4996 541 5049 iu
560 4994 688 5049 infernali
706 4995 771 5065 igno
799 4996 890 5051 omnia
917 4999 1037 5069 corporis
1063 4993 1215 5049 stiMatth.
1236 4998 1384 5055 166111
1414 4993 1560 5048 05⁸0th
1582 5011 1601 5047 α
1627 5011 1670 5049 ma
1695 4995 1844 5050 tndtdioli
1868 4998 1898 5051 iu

202 5079 325 5134 urembru
344 5080 505 5151 affligentur
523 5087 551 5135 et
569 5080 605 5135 ab
623 5079 752 5134 infantuli
766 5097 966 5138 vermoomnes
979 5085 1037 5139 ani-
1064 5083 1154 5148 r'pnem
1171 5086 1327 5147 aeteruum,
1347 5088 1483 5150 paratum
1501 5079 1616 5135 diabolo
1641 5088 1666 5133 61
1690 5081 1800 5148 orsqelis
1828 5084 1897 5152 ejun

201 5182 262 5219 mae
278 5166 433 5231 facultates,
455 5183 550 5222 omncs
568 5183 663 5220 sensus
683 5166 783 5222 interni
809 5174 838 5224 et
855 5170 960 5225 externi
978 5187 1036 5226 ero
1063 5164 1111 5220 ubi
1130 5181 1180 5236 per
1197 5164 1311 5236 angelos
1328 5181 1384 5219 uon
1402 5171 1510 5220 tantum
1528 5165 1645 5236 intelligi
1670 5173 1788 5237 possunt
1818 5169 1898 5241 spiri·

123 5265 127 5273 ·
201 5251 310 5307 dentur.
356 5254 439 5306 Oculi
464 5252 663 5307 cruciabuntur
695 5251 859 5310 daemonnm
893 5256 1036 5324 adspectu,
1063 5258 1108 5306 tus
1124 5249 1248 5321 maligui,
1269 5266 1386 5322 quorum
1404 5258 1488 5322 caput
1508 5268 1541 5306 ac
1561 5250 1743 5322 princepsest
1760 5251 1896 5322 diabolus,

80 5325 123 5364 ¹¹·
141 5327 187 5367 2²¹·
201 5352 284 5389 cures
304 5337 431 5407 supplicii
450 5336 585 5392 sociorum
605 5335 722 5391 stridore
740 5344 769 5393 et
786 5339 908 5409 gemitu,
932 5342 1036 5394 odora-
1062 5338 1111 5392 sed
1128 5337 1212 5392 etiam
1229 5336 1353 5391 homines
1371 5338 1462 5408 impii,
1488 5338 1537 5409 qui
1557 5354 1587 5393 sa
1604 5336 1758 5405 diabolicae
1774 5339 1897 5396 malitiae

201 5430 244 5474 tus
269 5420 435 5476 intolerabili
455 5421 575 5489 foetore,
604 5428 702 5488 quatur
726 5425 902 5494 rapidissima
935 5425 981 5480 siti
1003 5442 1037 5481 ac
1063 5424 1203 5479 ministros
1214 5422 1404 5493 exhibuerunt,
1419 5423 1545 5495 quamvis
1559 5424 1634 5493 prior
1642 5424 1799 5494 explicatio,
1813 5444 1896 5498 quam

200 5506 287 5576 ieme,
311 5515 400 5560 rastra
420 5513 448 5562 et
466 5505 559 5561 omnia
578 5506 701 5567 membra
723 5508 826 5585 frigore
849 5509 923 5587 igne.
958 5512 1034 5565 lma-
1062 5510 1092 5565 in
1109 5516 1187 5570 tract
1205 5511 1240 5569 do
1259 5514 1328 5565 extr.
1344 5509 1405 5585 jud.
1426 5510 1513 5569 secuti
1530 5527 1641 5583 sumus,
1664 5511 1756 5597 textui⁴
1769 5511 1897 5571 vidntur
