4050 6014
764 254 815 309 DE
835 254 929 311 VITA
948 254 1139 312 AETERNA.
1735 266 1794 324 397

93 410 243 465 essentiam
256 410 343 473 clare,
358 409 486 463 intuitiue
497 416 523 462 et
535 410 696 464 immediate
708 409 736 463 in
749 410 808 464 vita
819 417 933 465 aeterna
960 411 1020 479 ipse
1039 412 1117 465 solus
1134 413 1209 467 nouit
1226 413 1320 466 omnia
1333 412 1504 480 praedicata
1524 411 1581 466 sihi
1597 412 1794 468 conuenientia.

94 497 180 550 simus
199 495 292 551 111111.
333 503 357 550 2.
389 495 452 550 Non
470 496 614 567 quaeritur
634 495 668 549 de
686 495 791 549 visione
809 512 931 564 compre·
961 496 1009 550 Sic
1034 507 1060 551 et
1085 498 1181 568 quinto
1206 499 1289 552 modo
1313 500 1392 552 solus
1410 498 1623 568 comprehendit
1645 513 1676 550 re
1694 499 1795 568 ipsum,

94 585 220 648 handen,
238 599 274 636 an
294 581 402 636 infinita
413 582 461 635 ilia
479 588 507 634 et
519 582 646 635 absoluta
657 581 828 651 perfectione
840 581 931 635 Deum
960 585 1028 653 quia
1047 586 1119 638 sicut
1136 585 1259 655 copns'tio
1285 586 1412 639 increata
1431 586 1540 647 infinite
1563 585 1670 638 cecedit
1689 603 1796 638 omnem

94 670 180 723 simus
210 668 310 737 visuri,
338 685 394 738 qua
414 669 489 722 Deus
516 685 546 722 se
567 669 657 738 ipsum
678 669 755 722 norit
782 667 828 736 (ea
859 668 930 721 enirn
959 671 1146 737 copnitionem
1165 680 1304 740 mentam,
1333 672 1376 724 ita
1404 671 1538 739 objectum
1566 671 1722 724 increatum
1754 672 1797 724 in·

93 771 148 810 neo
167 754 283 825 angelis,
304 770 354 807 nec
368 753 539 821 {hominibus
558 753 608 808 sed
628 753 680 808 soli
702 755 761 808 Deo
778 754 931 822 competit),
959 758 1036 818 finite
1054 758 1163 811 excedit
1187 773 1265 810 omne
1290 757 1428 824 objectam
1448 764 1585 824 meatum,
1609 762 1634 809 et
1657 763 1738 809 tanta
1756 765 1797 811 est

94 841 144 895 sed
167 841 328 894 derisione
349 841 479 893 intuitiua
505 848 531 892 et
553 840 759 908 quidditatira,
780 855 835 909 qua
856 839 932 893 Deus
959 843 1167 896 intellectiuitas
1179 844 1209 896 iu
1223 842 1363 896 intellectu
1382 843 1487 906 diuino,
1508 849 1615 910 quanta
1633 841 1796 908 intellipibi-

93 927 286 1000 cognoscitur,
315 925 405 998 quaiis
433 933 483 983 111.
527 925 680 990 Anamari,
710 943 828 996 qnorum
855 931 931 979 ante·
959 929 1028 980 litas
1045 928 1187 982 indicina
1203 928 1331 982 essentia.
1350 927 1428 982 Idem
1444 942 1509 981 vero
1523 926 1700 998 Augustinus
1714 927 1795 996 epist.

93 1013 205 1085 signani
229 1012 342 1067 1111111
362 1012 462 1065 Aetius
489 1020 514 1065 et
535 1012 706 1076 Eunomins,
733 1011 835 1081 insigni
861 1009 931 1064 desi·
960 1019 1017 1070 111.
1042 1030 1103 1083 cap.
1125 1018 1149 1068 8.
1176 1012 1450 1083 comprehensionem
1473 1013 1557 1082 paulo
1584 1012 1664 1066 alitor
1688 1011 1795 1068 definit.

93 1100 201 1169 pientia
222 1098 352 1152 fascinati
379 1097 523 1163 dicebant,
548 1114 631 1166 posse
651 1099 745 1151 Deum
765 1114 784 1149 a
802 1105 931 1150 creatura
958 1100 998 1152 Id
1009 1100 1263 1168 comprehenditur,
1282 1098 1380 1169 inquit,
1400 1100 1475 1167 quod
1490 1100 1531 1152 ita
1542 1099 1661 1163 sistetur,
1681 1107 1711 1150 ut
1724 1098 1796 1150 nihil

92 1185 301 1255 comprehendi,
322 1187 377 1237 imo
394 1186 522 1238 scotiam
536 1186 577 1236 ita
586 1186 818 1254 perfecteDeum
832 1200 931 1252 capno·
959 1186 1020 1254 ejus
1045 1186 1133 1239 lateat
1156 1185 1301 1240 uidentem.
1345 1185 1432 1239 Juxta
1449 1183 1521 1238 hanc
1540 1182 1795 1253 comprehensionis

92 1275 175 1336 risse,
194 1278 226 1324 ut
241 1273 322 1325 Deus
339 1287 368 1322 se
386 1271 487 1338 ipsum,
505 1275 602 1323 contra
619 1285 688 1340 quos
707 1269 832 1337 disputat
844 1267 931 1338 Chry·
959 1270 1146 1326 definitionem
1166 1269 1297 1325 distincte
1316 1270 1549 1340 respondendnm.
1582 1269 1651 1324 Cum
1672 1270 1743 1325 enim
1765 1269 1793 1323 in

92 1365 233 1414 1111111111
268 1357 371 1427 dialog.
408 1363 432 1411 5.
467 1361 564 1409 contra
591 1355 691 1410 Anom.
723 1371 825 1425 urgens
856 1354 933 1408 diota
960 1357 1019 1412 Deo
1032 1358 1086 1410 tria
1096 1355 1264 1410 considerari
1280 1357 1395 1426 possint,
1413 1356 1543 1410 videlicet
1554 1356 1793 1426 primo-essentia,

92 1444 254 1513 Scripturas
270 1441 372 1496 Jerem.
392 1446 433 1507 32,
448 1459 474 1496 v.
488 1447 528 1496 19.
542 1440 658 1498 Roman.
674 1446 714 1509 11,
726 1458 751 1496 v.
767 1445 808 1499 33.
827 1438 930 1496 auhn.
958 1444 1096 1496 attributa
1115 1451 1140 1495 ot
1148 1458 1299 1510 personae,
1318 1440 1440 1495 secundo
1454 1442 1546 1495 libera
1563 1444 1679 1496 decreto
1693 1449 1718 1496 et
1731 1459 1794 1495 con-

94 1535 118 1597 6,
136 1547 163 1582 v.
185 1534 224 1585 to.
244 1533 297 1582 etc.
333 1527 493 1582 Notandum
511 1533 613 1592 111111,
634 1529 712 1595 quod
723 1525 930 1594 comprehensio
944 1476 1035 1591 latta,
1056 1528 1137 1582 tertio
1155 1536 1312 1592 creaturae,
1332 1544 1403 1595 quoe
1421 1528 1572 1580 eminenter
1582 1536 1647 1582 11111
1665 1528 1695 1582 in
1716 1527 1794 1598 ipso,-

92 1615 203 1669 duobus
231 1613 321 1668 modis
351 1612 519 1682 accipiatur:
546 1611 634 1682 primo
654 1629 710 1681 pro
740 1590 994 1683 comecrstionelde
1011 1614 1099 1684 primo
1117 1616 1294 1668 consentiunt
1307 1611 1477 1677 scholastici,
1498 1613 1617 1667 abeatis
1634 1613 1684 1668 illa
1697 1614 1795 1678 videri,

92 1701 220 1768 elimino
238 1700 290 1768 rei,
311 1717 392 1768 quam
407 1700 470 1767 quis
481 1700 636 1761 desiderat,
654 1715 710 1768 quo
727 1713 810 1751 sensu
828 1695 930 1766 accipi·
958 1702 993 1755 de
1011 1701 1133 1755 secundo
1145 1698 1251 1766 itidem,
1271 1698 1389 1754 abeatis
1403 1698 1453 1752 illa
1471 1717 1527 1753 non
1546 1700 1643 1765 videri,
1664 1700 1699 1754 de
1711 1700 1794 1755 tertio

91 1794 140 1842 tur
169 1794 190 1841 l.
210 1784 273 1841 Cor.
292 1790 317 1849 9,
342 1803 367 1838 r.
386 1788 427 1840 21.
451 1783 552 1854 Philip.
569 1789 593 1850 3,
618 1801 643 1837 v.
666 1789 710 1846 123
737 1782 857 1837 secondo
872 1798 929 1853 pro
957 1803 1022 1839 reru
1037 1785 1187 1856 plurimum
1205 1784 1375 1851 1111111111
1395 1800 1444 1837 11ο
1464 1785 1526 1839 1111
1546 1785 1725 1844 ostendimus.
1764 1785 1793 1841 Si

91 1875 257 1941 asiaequutu
274 1872 319 1924 rei
337 1870 461 1939 alicrsjus
479 1870 643 1934 capnitione.
681 1869 770 1923 Priori
790 1865 929 1938 significa-
957 1887 1083 1942 quaeras,
1101 1871 1241 1939 quomodo
1262 1871 1338 1922 beati
1353 1871 1478 1923 uidentes
1497 1871 1624 1924 diuinam
1646 1873 1793 1926 arentiam

91 1960 170 2014 tione
198 1957 273 2011 beati
299 1955 328 2010 in
355 1956 415 2009 rita
442 1962 555 2009 aeterna
575 1954 666 2009 Deum
687 1953 930 2023 comprehendent,
958 1965 983 2009 et
1001 1957 1137 2009 attributa
1157 1955 1330 2024 essentialia,
1348 1972 1404 2008 non
1422 1956 1537 2009 uideant
1555 1957 1646 2010 libera
1665 1958 1726 2010 Dei
1745 1958 1792 2010 de·

92 2044 169 2099 unde
187 2043 270 2097 etiam
291 2042 535 2110 comprehensores
561 2058 578 2095 a
598 2039 776 2096 Scholasticis
797 2044 931 2093 vocantur
958 2051 1035 2095 meta
1054 2051 1080 2094 et
1099 2040 1227 2109 cornilio,
1246 2057 1307 2093 cum
1327 2049 1419 2094 tamen
1438 2058 1472 2094 ea
1490 2045 1641 2096 secundum
1661 2060 1719 2095 rem
1738 2061 1793 2096 nors

93 2138 153 2186 eta
171 2127 749 2198 111111111111111111111111111.
779 2123 930 2179 Posteriori
958 2129 1169 2197 distinpuantur
1194 2146 1213 2179 a
1240 2128 1299 2180 Dei
1323 2127 1458 2189 11111111,
1482 2127 1652 2197 respondent
1681 2127 1793 2182 Schola·

91 2214 297 2288 significatione
329 2220 472 2284 acceptam
506 2212 780 2283 comprehensionem
810 2210 932 2265 Thomas
957 2214 1028 2281 stici,
1046 2213 1134 2267 libera
1151 2211 1204 2266 Dei
1228 2213 1341 2266 decreta
1360 2218 1388 2266 et
1406 2213 1521 2267 consilia
1539 2216 1635 2283 quoad
1653 2216 1793 2267 entitatem

91 2308 165 2374 part.
180 2307 240 2372 tq.
253 2305 289 2355 12.
303 2307 354 2354 art.
367 2306 390 2354 l.
403 2300 443 2353 sic
461 2298 567 2368 definit,
585 2300 663 2367 quod
679 2315 733 2367 per
752 2315 810 2352 eom
831 2313 931 2365 capno·
958 2300 1058 2355 realem
1077 2315 1136 2353 esse
1156 2297 1236 2368 plane
1251 2297 1324 2352 idem
1346 2315 1408 2351 cum
1421 2297 1515 2352 divina
1531 2300 1651 2353 essentis
1670 2306 1698 2353 et
1716 2299 1794 2353 attri-

90 2395 191 2443 scotur
206 2403 267 2455 res,
293 2392 427 2454 quanmm
452 2392 493 2438 est
516 2383 721 2450 capnoscibitis.
756 2381 932 2452 Augustinus
958 2384 1041 2450 butio,
1060 2384 1170 2438 interim
1192 2391 1285 2438 tamen
1307 2390 1417 2453 praeter
1436 2383 1512 2437 illam
1530 2383 1632 2438 realem
1650 2385 1793 2439 entitatem

91 2473 142 2531 lib.
159 2478 197 2528 12.
218 2473 254 2526 de
267 2471 319 2526 cir.
333 2470 387 2525 Dei
401 2486 461 2540 cap.
484 2474 530 2525 ts:
555 2468 702 2537 Quidquid
720 2469 838 2522 scientio
858 2484 931 2520 com·
957 2469 1098 2525 includere
1110 2469 1216 2541 aliquid
1231 2468 1316 2538 aliud,
1337 2469 1467 2524 videlicet
1488 2476 1547 2524 turn
1568 2472 1686 2525 liberam
1701 2471 1795 2524 termi-

89 2560 286 2630 prehenditur,
304 2557 418 2611 scientur
435 2556 593 2625 copuitione
610 2556 716 2621 linitur,
735 2556 803 2624 quia
824 2553 932 2607 scilicet
957 2558 1100 2610 nationem
1112 2559 1154 2610 ad
1164 2557 1237 2609 hanc
1247 2556 1291 2609 nel
1307 2555 1388 2609 illam
1400 2564 1559 2609 creaturam
1577 2558 1608 2610 in
1618 2556 1797 2626 particulari

92 2644 269 2716 capnoscitur
286 2645 438 2697 secundum
457 2649 542 2695 totam
559 2642 605 2693 sui
623 2640 891 2706 capnoscihilitatem
906 2645 931 2690 et
956 2642 1163 2712 producendam
1184 2641 1228 2696 rel
1247 2640 1473 2712 gubernandam,
1496 2647 1556 2696 tum
1574 2650 1728 2710 respectum
1746 2660 1794 2695 ru·

91 2732 272 2799 desespertn
289 2730 351 2798 ojtw
368 2744 398 2781 ⁸0
416 2728 506 2796 labii,
522 2743 556 2780 αθ
574 2727 602 2778 81'
617 2734 688 2778 68861
706 2725 823 2789 finitum,
840 2731 872 2777 ut
886 2739 931 2776 0¹·
956 2731 1041 2784 tionis
1063 2731 1105 2781 ad
1129 2730 1246 2781 eandm
1271 2735 1445 2801 creaturam,
1474 2726 1522 2798 qui
1549 2728 1667 2782 resultat
1693 2744 1727 2781 ex
1751 2743 1793 2799 co,

92 2816 173 2889 ponit
197 2815 258 2869 Biel
285 2820 308 2871 3.
333 2821 401 2869 1111
429 2812 493 2868 (1111.
523 2820 562 2869 14.
585 2829 611 2882 q.
636 2829 682 2865 un.
703 2819 753 2866 nrt.
777 2809 930 2866 11111.
958 2815 1031 2887 qnod
1049 2815 1170 2869 essentia
1193 2813 1286 2867 divina
1310 2812 1397 2868 libere
1416 2814 1451 2867 ad
1470 2814 1542 2868 hanc
1559 2813 1604 2868 vel
1625 2813 1700 2868 illam
1719 2831 1794 2869 crea·

92 2904 156 2958 Hoc
174 2917 257 2956 11111
275 2901 352 2955 besti
365 2900 455 2954 Deum
478 2900 505 2952 in
524 2899 584 2952 vilo
601 2906 714 2952 aeterno
733 2914 788 2951 11011
806 2911 929 2964 001111118-
957 2910 1047 2956 turam
1063 2917 1114 2971 per
1133 2899 1244 2954 modum
1262 2899 1403 2955 volitionis
1420 2901 1599 2969 terminatur;
1626 2900 1722 2956 beatos
1741 2900 1793 2973 igi·

92 2982 701 3057 11111111111111111111111111111,
727 2990 768 3036 111
789 2982 872 3037 etiam
891 2981 931 3034 iu·
957 2996 1014 3055 tur,
1045 2987 1093 3056 qni
1119 2984 1209 3039 Deum
1232 2985 1346 3066 pident,
1367 2985 1452 3039 ‘simul
1477 2985 1570 3039 ridere
1597 2987 1709 3041 decreta
1731 2986 1793 3053 Dei,

92 3074 172 3130 finite
196 3072 400 3145 cognoscibilis.
440 3069 552 3140 Reliqui
571 3069 735 3125 Scholastici
756 3069 932 3138 (1111111111-
958 3072 1051 3145 quoad
1076 3071 1178 3126 realem
1205 3072 1363 3136 entitatem,
1387 3071 1453 3142 quia
1473 3072 1513 3126 sic
1535 3072 1604 3125 nihil
1629 3072 1706 3126 aliud
1725 3080 1791 3127 sunt

42 3169 79 3211 111.
94 3161 228 3216 hensione
254 3159 293 3213 sic
317 3159 477 3228 disputant:
499 3156 698 3211 Bonaventura
724 3160 746 3211 3.
771 3162 841 3211 sent.
869 3154 931 3208 diot-
957 3178 1041 3231 quam
1066 3158 1187 3214 essentia
1207 3157 1274 3220 Dei.
1298 3174 1353 3212 non
1371 3164 1464 3211 tamen
1485 3158 1578 3212 videre
1600 3157 1715 3213 liberam
1739 3164 1794 3214 ter·

97 3253 138 3304 lt.
166 3264 193 3318 q.
212 3251 243 3300 t:
273 3243 513 3314 Comprehendere
542 3243 648 3295 <licitur
672 3242 840 3311 tripliciter:
872 3239 931 3292 Uno
958 3246 1135 3300 minationem
1147 3249 1175 3297 et
1193 3248 1350 3312 respectum
1363 3242 1399 3295 ad
1417 3251 1558 3297 creaturas
1576 3243 1605 3297 in
1622 3245 1791 3313 particulari.

94 3334 181 3386 modo
199 3331 275 3384 idem
293 3337 332 3383 est
350 3330 428 3397 quod
445 3329 565 3381 caritate
585 3330 752 3392 adhesum,
770 3327 831 3380 alio
848 3327 932 3378 morlo
958 3331 1013 3386 Sed
1032 3329 1211 3396 arbitramur,
1233 3328 1288 3382 hoc
1312 3328 1417 3383 bomini
1441 3329 1540 3383 viatori
1562 3347 1622 3384 esse
1640 3331 1794 3402 incompre-

93 3420 172 3473 idem
191 3417 329 3484 estquod
345 3416 422 3468 clare
435 3415 533 3466 sidere
548 3420 573 3465 et
589 3414 716 3481 perfecte
729 3429 834 3480 amare,
851 3411 932 3464 tertio
958 3415 1103 3476 1111111111,
1128 3414 1267 3484 quomodo
1293 3412 1369 3469 beati
1387 3415 1502 3468 videant
1522 3416 1575 3474 Dei
1596 3417 1744 3470 essentiam
1765 3424 1793 3472 et

95 3505 182 3558 modo
201 3503 277 3555 idem
297 3509 339 3553 est
358 3502 436 3568 quod
452 3500 586 3552 terminos
603 3499 647 3551 rei
666 3498 806 3550 claudere.
833 3497 932 3550 Primo
957 3508 1050 3555 tamen
1069 3516 1125 3555 non
1138 3499 1377 3553 videantconsilia
1392 3500 1544 3555 otdecreta
1556 3501 1618 3562 Dei.
1638 3510 1794 3571 quaesunt

95 3592 180 3645 modo
191 3587 238 3658 pii
248 3590 341 3640 Deum
354 3586 590 3654 comprehendunt
606 3584 636 3636 in
655 3584 708 3637 hac
727 3584 792 3650 uita,
811 3585 932 3636 secrmdo
958 3587 1069 3642 realiter
1087 3603 1173 3639 unum
1192 3602 1255 3639 cum
1275 3585 1369 3640 divina
1388 3586 1522 3651 essentia,
1540 3604 1603 3641 curn
1622 3587 1691 3641 nihil
1710 3589 1747 3641 sit
1764 3588 1793 3641 in

94 3677 181 3729 modo
202 3674 232 3726 in
250 3672 364 3743 patria,
388 3672 471 3724 tertio
496 3671 675 3723 madascius
693 3671 773 3723 Deua
793 3685 823 3722 ee
840 3669 931 3736 ipsum
960 3674 1029 3740 Deo,
1049 3671 1124 3742 quod
1145 3687 1200 3724 non
1219 3671 1255 3724 sit
1274 3671 1333 3740 ipse
1355 3669 1439 3726 Deus.
1475 3675 1499 3725 3.
1518 3670 1580 3727 Non
1599 3673 1741 3743 quaeritur
1759 3675 1794 3728 de

95 3760 314 3832 comprehendit.
349 3757 485 3813 Oecamus
504 3762 586 3826 (1.12.
605 3764 656 3812 art.
676 3765 700 3814 4.
720 3756 932 3825 quintupliciter
960 3760 1065 3813 risione
1075 3757 1229 3827 corporali,
1244 3774 1280 3810 an
1294 3757 1369 3811 beati
1385 3756 1472 3810 oculis
1482 3759 1620 3828 corporeis
1630 3758 1794 3830 glorificatis

95 3849 129 3903 τὸ
155 3846 389 3914 comprehendere
415 3846 512 3913 accipi
536 3843 631 3898 docet:
657 3845 755 3914 primo
782 3845 866 3897 modo
893 3852 932 3896 ert
959 3846 1049 3900 Deum
1072 3843 1128 3897 sint
1146 3841 1245 3905 visuri,
1271 3843 1306 3896 de
1330 3858 1363 3896 ea
1389 3842 1461 3896 enim
1482 3846 1644 3914 quaestione
1665 3844 1795 3901 distincte

94 3933 193 3987 nidere
210 3931 324 3999 aliquid
342 3930 464 3994 uieibde,
489 3937 522 3983 ut
539 3929 612 3983 nihil
636 3930 697 3997 ejus
716 3929 819 3992 lateat,
847 3936 872 3981 ct
892 3930 933 3980 sic
958 3931 1042 4000 paulo
1063 3935 1262 3999 postagernus.
1296 3934 1320 3983 4.
1341 3928 1405 3984 Nou
1424 3929 1568 3999 quaeritur
1583 3933 1617 3984 de
1636 3931 1743 3985 cisione
1764 3933 1794 3986 iu

96 4017 333 4086 comprehendere
354 4023 395 4069 ert
419 4017 549 4069 distincte
569 4016 682 4079 uidere,·
708 4015 830 4068 secundo
849 4016 932 4066 morto
959 4018 1011 4070 hac
1028 4016 1087 4069 1111
1104 4014 1227 4069 mortali.
1258 4013 1370 4068 Certum
1389 4015 1461 4068 enim
1481 4023 1530 4084 est,
1549 4014 1577 4069 in
1594 4015 1647 4070 bac
1665 4016 1724 4071 vita
1742 4019 1792 4070 im·
1807 4023 1851 4065 11.
1866 4024 1911 4067 too.

96 4111 139 4158 est
161 4102 260 4156 uidere
283 4101 398 4169 aliquid
420 4108 506 4155 totum
532 4109 558 4154 et
582 4100 746 4152 discernere
776 4100 849 4153 inter
872 4100 932 4167 ejus
958 4102 1092 4164 mediate,
1119 4101 1246 4153 intuitioe
1271 4108 1297 4154 et
1321 4099 1448 4164 beatifice
1466 4100 1587 4155 divinam
1610 4102 1795 4158 11111111111

91 4196 209 4259 purtes;
231 4187 314 4241 tertio
333 4188 417 4240 modo
435 4193 476 4238 est
497 4187 593 4238 uidere
611 4183 725 4254 aliquid
743 4185 853 4238 visibile
868 4203 932 4253 pcr-
958 4188 1040 4246 nobis
1064 4204 1119 4242 non
1142 4185 1282 4257 cognosci.
1308 4185 1394 4240 Exod.
1414 4191 1456 4254 33,
1479 4205 1504 4241 r.
1525 4192 1571 4242 20:
1598 4190 1664 4242 Non
1687 4191 1796 4257 poteris
1875 4249 1877 4253 ,

93 4274 255 4343 festissima
272 4272 387 4339 suisne,
408 4288 464 4339 qua
481 4272 576 4326 uideri
588 4279 699 4342 potest,·
731 4279 833 4341 quarto
849 4273 931 4324 morlo
958 4278 1054 4330 iridens
1071 4274 1178 4341 faciem
1198 4289 1296 4340 meam,
1316 4291 1372 4326 non
1393 4272 1466 4325 enim
1485 4274 1590 4326 videbit
1608 4291 1649 4328 me
1668 4275 1751 4328 homo
1770 4285 1796 4330 et

94 4367 137 4415 est
156 4374 323 4427 copnoecere
340 4358 454 4426 aliquid
472 4358 522 4410 suh
542 4357 668 4410 omnihus
684 4357 862 4426 praedicatis
878 4357 934 4409 sihi
957 4362 1035 4415 uiuet
1057 4378 1083 4413 r.
1099 4363 1141 4415 23.
1165 4359 1331 4412 Posteriora
1356 4358 1413 4412 siue
1435 4364 1543 4427 terpum
1563 4375 1653 4412 mcum
1676 4361 1793 4431 uidebis,

93 4444 336 4512 conuenientibus,·
362 4446 459 4513 quinto
483 4444 567 4496 modo
596 4451 635 4496 est
660 4445 827 4512 capnoscere
852 4444 932 4496 intel·
951 4448 1063 4517 faeiem
1089 4453 1182 4500 auum
1208 4461 1297 4497 meam
1324 4444 1422 4497 uidere
1440 4462 1496 4498 non
1511 4446 1628 4513 poteris.
1665 4445 1731 4502 Ean.
1751 4452 1793 4515 64,

91 4531 212 4584 lectione
230 4530 346 4583 habente
365 4529 450 4582 talem
464 4528 680 4597 proportionem
693 4530 735 4581 ad
752 4529 828 4581 aiios
848 4530 931 4583 intel·
956 4553 982 4590 v.
1001 4540 1026 4589 4.
1047 4537 1070 4588 1.
1089 4531 1152 4587 Cor.
1171 4535 1195 4595 2,
1214 4548 1239 4584 v.
1256 4535 1287 4585 9:
1315 4531 1420 4583 Oculus
1439 4547 1495 4583 nou
1513 4531 1594 4600 uidit,
1615 4535 1693 4600 quod
1714 4535 1794 4586 Deus

89 4616 237 4680 lectiones,
265 4615 376 4683 11111111
400 4615 482 4668 habet
500 4614 637 4682 objectum
661 4615 703 4667 ad
727 4613 790 4667 alio
814 4615 929 4683 objecta.
953 4620 1143 4690 praeparavit
1169 4632 1197 4669 ee
1225 4617 1415 4686 dilipentihue.
1443 4616 1507 4672 Joh.
1532 4623 1555 4680 1,
1578 4635 1604 4673 v,
1628 4624 1672 4675 ts:
1700 4621 1794 4673 Deum

89 4702 192 4756 Primo
206 4702 290 4755 modo
305 4701 448 4769 quidmsid
460 4700 536 4754 uidet
546 4700 703 4767 essentiam,
721 4700 932 4768 comprehendit
957 4725 1035 4760 namo
1054 4705 1127 4759 uidit
1143 4720 1274 4774 unqrram.
1305 4707 1328 4757 1.
1344 4702 1417 4759 Tim.
1436 4708 1461 4767 1,
1482 4720 1507 4756 ν.
1524 4708 1569 4760 16:
1592 4703 1679 4765 Quem
1695 4704 1793 4758 nuilus

95 4803 167 4852 com,
187 4787 419 4855 quiamdenam
432 4785 570 4850 distincto,
584 4786 652 4853 quio
666 4801 721 4837 ooo
735 4785 930 4857 hahetpartrs,
956 4792 1098 4845 hominum
1116 4790 1189 4842 uidit
1208 4805 1258 4842 nec
1276 4790 1371 4842 uidem
1395 4796 1494 4859 potest.
1532 4789 1652 4854 Quidam
1673 4807 1741 4845 sane
1760 4809 1792 4845 ex

95 4890 218 4942 quornm
235 4872 334 4941 aitqua
350 4878 442 4941 potest
460 4873 557 4935 latere,
575 4872 675 4939 aliqua
696 4888 845 4940 apparere.
884 4872 931 4926 Se·
958 4877 1105 4940 veteribus,
1122 4880 1154 4928 11
1171 4873 1346 4945 Augustinus
1365 4873 1415 4928 lib.
1439 4879 1478 4929 12.
1499 4875 1533 4928 de
1548 4874 1648 4930 Genea.
1668 4876 1702 4928 ad
1722 4876 1792 4933 liter.

93 4960 189 5013 11111111
206 4962 290 5013 modo
310 4959 431 5013 arentia
450 4975 469 5010 a
483 4957 563 5011 nullo
581 4958 841 5026 comprehenditur,
864 4960 931 5027 quia
957 4979 1018 5032 cap.
1043 4966 1085 5016 27.
1112 4961 1196 5030 Hugo
1212 4958 1373 5014 Victorinus
1398 4959 1427 5012 in
1453 4964 1476 5013 2.
1500 4960 1560 5014 Cor.
1585 4977 1611 5031 q.
1633 4964 1674 5016 31.
1714 4961 1791 5015 Abu·

96 5062 152 5099 non
164 5045 247 5098 hahet
258 5053 364 5113 partes,
383 5045 458 5098 inter
475 5060 546 5112 quas
566 5045 692 5096 diaconi
706 5051 805 5112 potest.
835 5045 931 5098 Tertio
957 5046 1039 5104 lensia
1058 5046 1086 5100 in
1105 5062 1129 5098 c.
1148 5051 1171 5099 5.
1193 5044 1291 5097 Matlh.
1313 5062 1339 5114 q.
1353 5049 1395 5101 16.
1412 5045 1539 5114 Lyranus
1558 5046 1585 5098 in
1604 5063 1629 5102 c.
1642 5050 1682 5103 33.
1703 5045 1792 5102 Erod.

94 5132 179 5185 modo
198 5137 361 5199 nonpotest
374 5130 573 5198 comprehendi
589 5131 648 5182 nisi
664 5131 700 5182 ah
718 5130 931 5198 intellecturus,
956 5133 1077 5187 Thomas
1096 5138 1166 5201 part.
1189 5136 1209 5185 1.
1230 5147 1257 5200 q.
1279 5134 1319 5184 10.
1340 5137 1390 5183 art.
1415 5139 1451 5184 lo.
1469 5139 1520 5185 etc.
1542 5131 1569 5184 in
1589 5147 1649 5184 cam
1665 5131 1793 5187 videntur

96 5217 165 5287 quia
183 5217 261 5271 omni
278 5217 435 5284 capnitione
457 5222 552 5270 meatu
567 5217 725 5284 perfectior
745 5223 786 5268 est
799 5216 870 5268 ursio
888 5216 931 5268 in·
957 5218 1107 5274 concedere
1119 5215 1292 5279 sententiam,
1303 5216 1378 5285 quod
1390 5215 1502 5287 Moyses
1514 5216 1658 5271 acPaulus
1670 5217 1793 5271 divinam

96 5309 209 5370 111111,
233 5318 322 5372 neqrre
346 5303 446 5371 aliqua
473 5309 604 5355 creatrma
629 5301 683 5354 islo
706 5303 790 5354 modo
808 5318 931 5371 compre·
957 5305 1103 5359 essentiam
1129 5302 1212 5357 etiam
1235 5302 1265 5355 in
1289 5300 1342 5356 hac
1363 5301 1421 5356 vita
1447 5302 1583 5371 viderint,
1608 5303 1673 5374 quia
1700 5302 1792 5374 Moysi

95 5389 182 5443 hendi
199 5394 296 5457 potest
313 5387 372 5441 nisi
389 5406 408 5440 a
429 5387 491 5441 solo
512 5389 583 5440 Deo.
627 5387 733 5449 erarto
751 5389 834 5439 modo
854 5388 930 5440 simi·
957 5387 1121 5457 promiserat
1134 5387 1270 5442 Dominus
1292 5387 1378 5441 Exod.
1393 5392 1434 5455 33,
1451 5405 1477 5441 v.
1498 5393 1544 5444 19:
1562 5391 1627 5458 Epo
1646 5393 1792 5444 ostendam

95 5475 161 5530 liter
179 5492 237 5529 non
257 5482 350 5544 potest
375 5474 576 5543 comprehendi
597 5475 656 5527 nisi
678 5492 697 5527 a
714 5490 744 5527 se
762 5463 837 5542 ipsc,
863 5475 931 5542 quia
956 5474 1010 5529 tihi
1029 5475 1234 5543 omnebonum,
1255 5474 1271 5530 i.
1291 5491 1314 5532 1.
1335 5491 1379 5530 me
1395 5474 1494 5545 ipsum,
1515 5476 1544 5529 in
1562 5491 1617 5546 quo
1634 5475 1794 5532 continetur
