4050 6014
208 285 246 344 53
851 273 1081 337 amuranus
1100 273 1267 334 TERTIUS

143 436 145 441 “
206 432 300 488 dicent
318 431 435 497 ludaei,
457 449 514 486 non
532 431 663 484 habenae
680 445 772 499 repam
796 429 855 483 nisi
880 427 1040 499 Caesarem,
1067 447 1197 502 regnum,
1220 447 1304 502 quam
1321 429 1462 485 maledicti
1482 431 1511 484 in
1531 431 1670 485 caminum
1685 431 1770 502 ’ignis
1797 432 1903 487 aeterni

205 518 255 574 sed
275 534 369 574 omnes
386 534 480 573 coram
497 517 549 573 boc
567 533 633 588 rege
652 533 712 571 sese
730 515 876 570 humiliare
896 520 1038 587 cogentur.
1067 516 1245 587 dejiciantur,
1276 534 1329 586 qno
1353 517 1484 571 videlieet
1509 518 1604 570 aerim
1629 518 1744 572 doleant
1768 519 1903 581 ridentes,

205 605 351 674 Loquetur
360 609 451 659 antem
469 603 506 658 ad
525 603 587 673 pios
601 602 680 658 vultu
696 602 794 666 amico,
814 601 908 657 serbis
920 600 1040 669 blandis,
1067 605 1138 673 qnia
1163 604 1323 667 emeterint,
1351 621 1386 657 ac
1408 604 1484 672 justi
1508 603 1640 656 ridebant
1666 611 1692 656 et
1722 603 1905 658 laetabantur

205 709 267 746 cnm
288 690 419 762 singulari
437 689 540 745 favoris
559 689 671 758 affectu,
696 688 806 743 dicens:
836 694 939 753 Δεῦτε,
964 689 1040 756 cpite
1066 691 1289 754 considerantes,
1315 689 1386 758 qaid
1404 690 1556 757 eraserint,
1581 689 1759 745 Bernhardns
1777 706 1858 746 serm.
1877 697 1902 749 8.

204 778 271 844 lac,
295 779 336 830 cd
352 792 395 830 me
413 778 516 846 venite,
543 775 610 846 qnia
634 776 664 830 in
687 774 747 829 rita
770 780 863 830 restra
893 772 1039 828 audivistis
1065 774 1203 830 inPsalm.
1214 780 1255 830 91,
1277 773 1331 839 Qui
1349 773 1464 829 habitat.
1483 774 1592 830 Deinde
1601 780 1633 829 nt
1642 776 1841 848 intelligamus,
1858 779 1902 849 jn·

204 879 301 920 vocem
320 863 348 916 in
367 861 510 933 evangelio
532 867 686 924 sonantem,
711 860 806 915 Venite
826 861 868 912 ad
885 875 928 913 me
946 876 1040 913 omnes
1066 860 1156 915 dicem
1176 861 1334 931 proniorem
1355 860 1391 914 ad
1408 860 1610 916 recordandum
1629 868 1659 915 et
1670 864 1903 919 remunerandum

204 953 255 1018 qai
268 950 404 1004 laboratis
423 948 522 1003 Matth.
545 954 585 1014 ll,
603 965 629 1002 r.
649 951 690 1003 28.
718 947 781 1002 idco
802 947 887 1002 etiem
905 946 942 1001 ad
960 945 1040 1016 regni
1067 945 1213 1001 benefacta
1230 946 1340 1016 piorum
1365 962 1447 1017 quam
1473 945 1509 1000 ad
1529 946 1733 1002 vendicandum
1752 948 1902 1005 malefacta

204 1035 232 1090 in
255 1035 401 1106 evangelio
426 1034 553 1104 promissi
580 1033 750 1089 consortium
780 1037 809 1086 et
836 1030 1039 1102 possessionem
1066 1032 1210 1097 malornm,
1224 1031 1379 1108 πορεύεσθε
1399 1032 1473 1087 dicet
1495 1030 1550 1085 oin'
1570 1035 1640 1106 ἐμοῦ
1659 1038 1688 1088 οἱ
1706 1042 1901 1110 κατηραμένοι.

203 1122 303 1179 venite.
342 1121 438 1175 Venite
462 1136 495 1174 ex
520 1119 675 1189 procelloso
704 1117 775 1172 mari
802 1118 832 1172 in
856 1117 1038 1186 tranquillum
1066 1118 1117 1172 Est
1136 1118 1164 1171 in
1183 1118 1236 1173 bac
1256 1124 1354 1173 contra
1369 1118 1470 1188 impios
1490 1119 1601 1188 prolata
1620 1120 1757 1175 sententia
1779 1122 1903 1178 antithe-

203 1215 331 1280 portum,
360 1225 393 1262 ex
410 1207 483 1262 bello
509 1206 537 1259 in
562 1204 746 1274 triumphum,
777 1220 810 1259 ex
831 1202 987 1273 jactatione
1009 1204 1039 1256 in
1066 1203 1104 1258 eis
1129 1204 1276 1260 verborum
1304 1204 1403 1276 prioris
1430 1205 1593 1261 sententiae.
1629 1205 1674 1261 Ibi
1702 1206 1774 1261 enim
1799 1208 1902 1265 dicitnr

204 1296 335 1366 quietem,
353 1310 387 1347 ex
403 1291 499 1347 exsilio
512 1292 541 1345 in
553 1290 681 1360 patriam,
700 1307 733 1344 ex
744 1289 864 1360 tuguriis
872 1289 902 1343 in
912 1304 1038 1359 regnum,
1064 1291 1166 1354 venite,
1195 1290 1240 1345 bic
1263 1306 1329 1346 vero
1355 1292 1491 1346 discedite
1520 1309 1539 1344 a
1566 1308 1622 1358 me3
1657 1292 1696 1347 ibi
1723 1295 1902 1352 nominantur

117 1427 121 1434 ,
204 1398 240 1437 ex
257 1382 338 1436 tersis
361 1380 390 1434 in
413 1379 530 1434 coelum.
566 1376 600 1430 ln
626 1376 678 1431 bac
703 1376 763 1430 vita
790 1375 881 1431 vocati
908 1381 974 1429 eunt
1001 1373 1037 1426 ad
1066 1376 1218 1439 benedicti,
1243 1376 1289 1430 hic
1310 1393 1375 1433 vero
1395 1378 1547 1431 maledicti.
1583 1377 1648 1434 Non
1667 1385 1761 1434 tamen
1779 1381 1900 1448 additur,

204 1467 363 1534 ecclesiam,
388 1467 429 1518 od
454 1480 571 1533 regnam
595 1461 725 1530 gratioe,
752 1463 813 1531 jam
838 1464 974 1516 vocantur
1001 1458 1036 1512 ad
1064 1462 1211 1515 maledicti
1226 1462 1325 1516 Patris
1343 1463 1398 1516 mei
1415 1463 1487 1517 sicut
1505 1463 1552 1533 pii¹
1563 1465 1655 1519 vocati
1667 1471 1746 1519 erant
1764 1467 1902 1523 benedicti
1941 1459 1943 1466 ’

204 1552 406 1622 possessionem
438 1549 600 1605 hereditatis
630 1554 761 1603 aetemee
793 1553 822 1602 et
852 1549 893 1600 orl
922 1561 1038 1615 regnam
1064 1548 1165 1601 Patris
1183 1547 1319 1615 coelestis,
1343 1549 1458 1619 quiunt
1478 1547 1612 1618 Origenes
1630 1550 1660 1603 in
1681 1567 1779 1606 comm.
1798 1560 1900 1623 mouet,

203 1640 320 1706 gloriae.
357 1643 445 1693 Δεῦτε
462 1639 492 1690 ol
509 1637 693 1709 εὐλογημένοι
709 1642 759 1690 τοῦ
778 1633 886 1706 πατρός
903 1654 976 1706 μου,
994 1648 1037 1684 oe·
1064 1634 1265 1687 benedictionis
1282 1633 1396 1702 quidem
1414 1641 1513 1687 nector
1539 1643 1564 1689 et
1584 1636 1805 1692 adminr'etrator
1821 1641 1900 1695 Deras

202 1727 260 1780 nite
279 1723 425 1791 benedieti,
445 1722 474 1776 id
490 1729 533 1777 est
552 1721 633 1777 electi
651 1726 680 1775 et
691 1720 787 1775 dilecti
801 1719 893 1774 Patris
908 1717 1037 1774 coelestis
1065 1727 1119 1788 eet,
1153 1719 1362 1773 maledictionis
1387 1727 1478 1772 amem
1503 1720 1558 1773 cili
1583 1723 1773 1792 unusquisque
1801 1733 1900 1780 cactos·

203 1810 262 1874 filii,
280 1826 350 1880 qnos
369 1826 425 1866 non
444 1808 533 1863 solum
551 1807 588 1861 ab
604 1813 718 1862 aeterno
733 1805 824 1877 elegit,
846 1803 994 1859 sedetiam
1008 1802 1037 1856 in
1065 1806 1179 1869 exnerit,
1196 1806 1247 1875 qai
1261 1805 1459 1859 maledictione
1479 1807 1568 1875 digna
1588 1816 1729 1879 operotar.
1762 1809 1839 1865 Deus
1858 1817 1900 1866 eet

202 1904 328 1967 tempore
345 1896 422 1949 omni
439 1893 629 1947 benedictione
653 1891 802 1961 spirituali
829 1889 947 1960 replevit
966 1887 1036 1958 Eph.
1065 1890 1513 1961 causabenedictioniepiorum,id
1520 1897 1626 1947 eettnm
1633 1893 1707 1963 fidei,
1718 1901 1777 1949 tum
1785 1912 1899 1967 opernm

204 1990 227 2052 l,
246 2000 271 2039 v.
291 1987 322 2054 ὃς
349 1982 440 2036 cende
458 1980 606 2044 benedieti,
632 1979 661 2032 in
684 1994 729 2031 me
752 1976 899 2032 benedicto
926 1973 1038 2038 semine,
1065 1978 1209 2042 bonorum,
1228 1984 1287 2031 tum
1297 1976 1414 2046 gratiae,
1425 1984 1484 2031 tum
1493 1978 1613 2048 gloriae3
1632 1979 1746 2035 sednon
1758 1987 1800 2035 eet
1815 1998 1900 2039 cauea

202 2071 231 2122 in
250 2085 305 2139 qno
326 2066 529 2121 benedicuntur
546 2080 641 2120 omnes
660 2069 772 2134 gentesr
791 2062 882 2115 venite
900 2060 1040 2114 benedicti
1064 2061 1265 2119 maledictionis
1281 2061 1437 2133 impiorum,
1453 2063 1482 2116 id
1502 2069 1544 2117 eet
1562 2065 1763 2121 incredulitatis
1781 2083 1814 2123 ec
1835 2086 1899 2140 pec·

202 2162 230 2209 et
248 2151 474 2209 emaledictione
492 2150 562 2221 legis
580 2149 701 2217 liberati,
721 2147 880 2219 spirituales
892 2145 1038 2201 lereiilitae
1064 2155 1204 2216 catorum,
1225 2154 1340 2218 propter
1358 2163 1431 2220 quae
1448 2148 1584 2219 supplicio
1602 2156 1715 2207 aeterno
1740 2155 1898 2226 mancipan-

202 2237 403 2295 benedictionis
417 2254 434 2291 a
447 2236 509 2291 Deo
528 2235 597 2290 faeti
608 2233 767 2304 participes.
793 2228 1038 2307 Kinporopr'care,
1064 2240 1118 2288 tur.
1153 2233 1368 2305 Chrysostomue
1389 2236 1418 2289 in
1437 2252 1547 2292 comme
1579 2238 1681 2306 Impiie
1705 2241 1780 2294 dicet
1800 2243 1900 2297 Domi·

202 2326 386 2378 hereditatem
405 2322 489 2389 regni
499 2321 628 2375 cocleare
641 2320 729 2383 adite,
751 2336 807 2374 non
818 2323 912 2372 autem
924 2333 1038 2387 operum
1063 2337 1134 2373 nne:
1163 2320 1207 2374 Ite
1224 2321 1377 2387 nmledicti,
1395 2339 1452 2375 non
1470 2323 1582 2392 quidem
1598 2340 1617 2375 a
1637 2324 1734 2391 Patre,
1751 2344 1809 2381 non
1828 2331 1899 2384 enim

202 2417 355 2465 vestrorum
379 2409 507 2463 meritum
530 2405 657 2476 accipite.
692 2404 758 2459 Filii
781 2403 834 2458 Dei
862 2403 943 2468 aetia,
974 2402 1037 2457 ideo
1064 2406 1133 2474 epae,
1150 2408 1204 2460 aad
1222 2423 1308 2476 opera
1327 2407 1367 2460 eie
1381 2409 1505 2478 propria
1523 2409 1739 2480 maledixerunt,
1758 2414 1835 2484 qnod
1856 2420 1899 2471 eet

202 2497 283 2552 etiam
298 2495 436 2550 heredites
455 2493 535 2549 vobis
556 2492 663 2561 danda;
680 2491 785 2555 siritii,
802 2491 899 2558 ntique
918 2496 945 2543 ct
958 2489 1038 2543 bere·
1064 2493 1178 2548 eridane
1196 2500 1389 2564 argumentum
1408 2501 1506 2550 contre
1525 2495 1688 2567 figmentum
1704 2498 1898 2557 Celsinianum

202 2586 252 2637 dae
271 2581 350 2637 Rom.
371 2586 395 2647 8,
415 2597 442 2639 r.
465 2585 503 2635 l'l.
539 2577 729 2633 Hereditatem
747 2576 839 2631 crucis
858 2576 888 2629 in
910 2575 970 2629 vita
989 2591 1036 2629 re·
1065 2579 1100 2633 de
1117 2578 1247 2635 absoluta
1264 2580 1456 2636 damnatorum
1469 2581 1671 2651 reprobatione.
1702 2584 1746 2638 ibi
1762 2593 1899 2642 vocantur

201 2675 260 2723 stra
276 2666 432 2738 accepistis,
450 2671 537 2721 restet
555 2672 587 2719 nt
601 2663 671 2718 lucis
692 2670 721 2718 et
732 2662 841 2733 gloriae
853 2660 1035 2717 hereditatem
1063 2664 1102 2734 pii
1123 2664 1158 2719 ad
1176 2664 1358 2720 hereditatem
1378 2666 1457 2737 regni
1477 2667 1606 2722 coelestis
1622 2670 1834 2738 possessionem,
1852 2672 1898 2727 hic

72 2754 353 2824 x1x.aas.accipiatie.
390 2753 557 2807 Hereditote
584 2752 704 2820 coemite
729 2755 862 2819 tanquam
889 2753 1036 2818 paternum
1062 2766 1127 2806 vero
1143 2750 1201 2822 igni
1221 2757 1334 2806 aeterno
1352 2751 1563 2822 adjudicantem
1590 2753 1629 2808 ibi
1648 2755 1751 2810 dicitnr
1770 2774 1897 2830 regnam,

199 2841 305 2897 bonum
323 2839 458 2910 rabieque
479 2839 544 2909 jure
558 2836 715 2907 adoptionis
740 2834 883 2902 debitum,
904 2833 1036 2904 qnodque
1062 2837 1098 2891 ad
1120 2837 1196 2908 quod
1213 2837 1253 2908 pii
1270 2843 1407 2894 vocantur
1426 2837 1494 2908 ipsis
1512 2846 1639 2908 paratum
1664 2843 1898 2901 econstitutione

199 2943 256 2983 non
272 2928 309 2981 ad
327 2932 437 2996 tempus
456 2924 505 2980 scd
525 2924 554 2978 in
570 2928 737 2995 perpetuum
755 2920 942 2992 possidebitis.
980 2921 1035 2972 Ac·
1062 2921 1171 2986 mundi,
1195 2923 1240 2978 bic
1259 2939 1325 2978 vero
1343 2923 1430 2995 ignis,
1453 2924 1490 2978 ad
1514 2941 1597 2995 quem
1621 2926 1699 2997 impii
1724 2928 1897 2996 damnantur,

198 3015 283 3084 cipite
311 3010 566 3081 incorreptibilem,
596 3011 847 3064 incontaminatam
869 3015 895 3061 et
920 3008 1035 3061 immor·
1063 3025 1119 3064 non
1137 3007 1296 3065 bominibus
1314 3008 1363 3062 sed
1383 3008 1496 3064 diabolo
1516 3015 1544 3063 et
1562 3012 1669 3082 angelis
1696 3013 1770 3083 ejus,
1796 3015 1844 3086 qni
1868 3016 1898 3070 in

200 3100 355 3154 cerciliiem
374 3099 557 3153 hereditatem
573 3104 767 3150 censer-eatam
792 3093 871 3149 nobie
894 3094 924 3147 in
949 3093 1036 3147 eoae
1062 3095 1142 3165 lapsu
1161 3094 1186 3150 ei
1205 3101 1412 3159 consenserunt,
1431 3101 1545 3164 paratus
1565 3096 1682 3167 dicitur,
1706 3102 1786 3170 cujus
1808 3101 1898 3157 direr-

203 3192 226 3242 1.
247 3186 321 3242 Patr.
343 3192 364 3252 1,
382 3201 408 3239 v.
430 3191 453 3241 4.
489 3184 617 3252 Accipite
645 3197 779 3250 regnam,
809 3180 950 3249 possidete
979 3196 1036 3234 non
1063 3179 1152 3234 sitatis
1169 3180 1305 3237 rationem
1315 3179 1430 3250 pulchre
1440 3181 1571 3249 expendit
1588 3181 1720 3239 irenaeus
1728 3186 1777 3241 lib.
1788 3192 1845 3245 3.c.
1857 3192 1899 3245 35.

200 3272 319 3344 quodvis
340 3271 452 3332 bonum,
473 3269 522 3324 sed
543 3267 665 3325 omnium
685 3266 845 3332 maximnm,
872 3265 965 3336 ipsum
984 3265 1035 3320 sci·
1065 3266 1222 3337 Significat,
1244 3266 1343 3337 inquit,
1364 3266 1499 3333 Oirietrte,
1521 3270 1598 3336 qaod
1613 3284 1670 3322 non
1690 3271 1799 3326 bomini
1818 3275 1901 3346 prin·

201 3358 267 3412 licet
283 3372 400 3429 regnum
418 3355 538 3412 eoeleste
555 3361 584 3409 et
596 3359 749 3409 aeternum.
792 3352 894 3420 Venite,
912 3359 1035 3421 regnate,
1062 3353 1196 3423 cipaliter
1212 3360 1334 3420 paratae
1350 3354 1387 3406 eit
1404 3360 1532 3408 acimaas
1549 3355 1640 3423 ipnie,
1657 3359 1709 3410 aed
1729 3359 1768 3428 ei,
1791 3361 1843 3428 qni
1858 3377 1901 3415 ee·

200 3448 299 3515 utpote
322 3441 480 3513 spirituales
504 3455 597 3513 reges,
628 3445 660 3493 ut
682 3438 759 3510 quod
778 3438 808 3493 in
835 3453 885 3509 epe
912 3437 1035 3504 ineratm
1063 3439 1188 3492 dimitat
1208 3440 1352 3508 offendere
1374 3439 1443 3500 fecit
1468 3440 1617 3510 bominem,
1643 3442 1670 3495 ei
1696 3445 1825 3514 inquom,
1851 3446 1945 3516 pain

200 3530 285 3585 etiam
305 3529 334 3583 in
352 3544 381 3583 re
399 3517 574 3598 possideatis.
609 3525 756 3580 Poseidete
776 3539 893 3594 regnum
907 3540 964 3579 non
981 3522 1035 3592 pri·
1060 3526 1194 3594 princepe
1211 3531 1253 3578 eet
1270 3524 1440 3594 apostasiae,
1454 3526 1584 3594 principi
1599 3528 1791 3594 alecmmonia,
1810 3539 1837 3585 et
1854 3533 1900 3587 bie

200 3631 275 3668 mum
293 3621 430 3683 peratum,
448 3619 480 3668 ut
497 3629 532 3668 ne
549 3627 645 3666 recena
664 3614 791 3666 exortum
802 3625 919 3680 regnum
931 3609 1035 3679 putetis
1062 3611 1180 3679 annalia,
1201 3612 1250 3679 qai
1267 3618 1414 3680 apostatae
1433 3611 1509 3670 sacti
1526 3619 1592 3665 eant
1611 3628 1673 3665 cam
1688 3630 1726 3679 eo,
1747 3631 1826 3683 qoem
1839 3624 1899 3687 prsi-

200 3700 351 3770 aliqnando
370 3707 551 3766 cessaturum,
573 3699 622 3753 sed
644 3706 783 3766 paratum
797 3695 876 3749 nobie
893 3712 913 3747 a
934 3695 1035 3749 eonati·
1063 3698 1126 3751 dem
1151 3697 1226 3764 iaete
1244 3697 1403 3766 percipient
1421 3697 1506 3750 etiam
1524 3697 1562 3766 bi,
1588 3700 1638 3766 qui
1653 3700 1786 3755 similiter
1803 3703 1900 3775 atilli

199 3786 310 3845 tatione
322 3787 434 3849 mnndi,
458 3784 513 3840 imo
538 3783 574 3839 ab
594 3782 668 3839 omni
694 3782 867 3838 aeternitate.
903 3781 1035 3835 Paratum
1061 3782 1122 3836 eine
1141 3782 1316 3850 poenitentia
1340 3791 1366 3837 et
1388 3782 1449 3837 eine
1473 3799 1604 3850 repreem
1626 3784 1656 3838 in
1681 3787 1809 3843 melitene
1829 3805 1899 3858 per·

200 3876 242 3926 est
261 3869 341 3926 robis
361 3867 430 3925 illud
450 3885 567 3942 regnum
591 3876 656 3922 onte
680 3868 904 3922 concenationem
930 3866 1034 3934 mnndi,
1060 3876 1190 3924 neverant
1212 3870 1351 3937 maiman
1386 3868 1494 3924 Similia
1519 3876 1668 3926 occurrunt
1693 3875 1769 3943 apud
1796 3873 1898 3947 Orige-

200 3975 256 4013 nou
276 3965 368 4012 antem
388 3957 487 4011 veetds
507 3955 611 4010 meritis
629 3953 805 4026 acquisitum.
839 3953 972 4007 Paratum
992 3959 1036 4007 eet
1061 3958 1137 4022 nem,
1164 3953 1393 4024 chrysostomum
1417 3961 1446 4010 et
1473 3954 1713 4027 'l'beopbylactum
1739 3958 1769 4012 in
1798 3975 1896 4018 comm

199 4042 280 4099 vobis
299 4042 368 4098 illud
387 4058 503 4113 regnum
531 4043 567 4094 ab
589 4047 704 4095 adorno
730 4055 782 4110 per
807 4038 1033 4110 praedestinatio·
1060 4039 1219 4099 Mambli.
1256 4038 1319 4095 Non
1342 4054 1410 4110 ergo
1435 4040 1503 4095 dicit
1523 4041 1617 4111 ignem
1640 4058 1657 4096 a
1681 4044 1896 4115 Desperatum

200 4146 272 4198 nem,
290 4133 419 4199 paratum
436 4125 770 4181 ocannitntionemnndi
789 4142 839 4195 per
857 4125 1034 4192 creationem,
1060 4126 1179 4197 injustis,
1206 4125 1279 4180 eicnt
1306 4126 1416 4180 dixerat
1443 4142 1559 4198 regnum
1585 4134 1713 4198 paratum
1737 4131 1897 4190 bominibus

199 4220 327 4285 paratum
344 4215 375 4268 in
393 4222 515 4282 tenpore
532 4227 583 4281 per
593 4226 682 4265 meam
695 4211 861 4281 passionem,
880 4227 931 4281 per
942 4225 1034 4264 meum
1056 4212 1153 4282 justis,
1176 4228 1211 4266 ne
1228 4212 1282 4266 Dei
1301 4211 1469 4269 ordinationi
1489 4212 1530 4268 sic
1553 4213 1729 4269 adscribatur
1752 4216 1897 4274 bominum

199 4299 328 4355 meritum
346 4305 375 4355 at
391 4298 474 4369 pretii
487 4297 713 4370 persolutionem.
748 4296 963 4368 chrysostomus
984 4295 1033 4351 bo·
1059 4298 1262 4366 condemnatio,
1280 4299 1354 4352 sicut
1367 4314 1462 4354 eorum
1482 4299 1613 4370 salvatio;
1631 4300 1680 4354 sed
1699 4301 1896 4374 intelligamus,

199 4386 258 4440 mil.
275 4390 317 4441 34.
343 4384 371 4438 in
391 4383 505 4441 Genese
540 4383 596 4445 ilai
620 4391 741 4452 propter
770 4400 851 4436 raam
876 4383 1034 4444 bonitatem,
1060 4383 1153 4438 Deum
1179 4385 1316 4440 neminem
1346 4401 1456 4440 creasse
1482 4385 1520 4440 ad
1547 4386 1740 4456 perditionem,
1770 4390 1896 4447 bominac

199 4480 350 4540 onmqaam
368 4486 426 4524 esse
442 4470 636 4539 iamperemae,
655 4470 723 4522 boec
746 4468 943 4539 praepararit,
967 4483 1034 4536 pao·
1059 4486 1125 4525 vero
1144 4477 1292 4540 peccantes
1308 4487 1359 4526 sue
1376 4477 1475 4540 sponte
1494 4472 1617 4541 peccatis
1632 4473 1688 4526 anis
1703 4490 1733 4528 ee
1745 4476 1896 4548 participes

198 4559 283 4611 modo
300 4574 357 4610 non
376 4564 402 4610 et
422 4557 487 4624 teni
505 4557 657 4611 concedet!
697 4554 768 4608 Vide
793 4554 925 4608 bonitatis
948 4554 1033 4607 circel·
1060 4562 1089 4611 et
1105 4556 1242 4614 obnoxios
1258 4557 1350 4613 iacere
1369 4556 1433 4626 illie,
1451 4574 1524 4629 quae
1536 4557 1662 4628 inprimis
1677 4565 1706 4614 et
1719 4561 1897 4630 potissimum

180 4643 329 4710 ¹lentiam,
357 4650 466 4712 guanto
481 4658 552 4710 ergo
577 4657 665 4711 penae
686 4647 813 4694 noctram
837 4639 1033 4694 misericordia
1059 4642 1171 4699 diabolo
1189 4659 1223 4698 ac
1242 4643 1328 4714 ipsias
1346 4643 1454 4715 angelis
1473 4650 1553 4700 erant
1563 4651 1671 4715 parata,
1688 4663 1755 4702 eane
1767 4650 1805 4704 ob
1816 4665 1896 4721 prae·

198 4745 266 4783 nens
283 4730 328 4794 eit,
347 4736 378 4782 nt
395 4737 422 4783 et
442 4735 507 4783 ante
529 4729 613 4797 jacto
629 4726 730 4781 mnndi
744 4728 934 4789 fundamenta
953 4725 1033 4781 nobie
1058 4729 1145 4782 risam
1162 4729 1273 4784 finalem
1290 4728 1514 4784 incredulitatem
1528 4736 1558 4784 et
1570 4731 1808 4802 impoenitentiam
1816 4733 1895 4790 Daue

197 4817 281 4883 regni
297 4816 439 4871 cealnnm
454 4813 622 4879 fruitionem
636 4828 819 4881 praeparare
830 4812 963 4882 dignatas
974 4812 1033 4866 siet
1059 4813 1096 4868 ab
1115 4822 1228 4871 aeterno
1247 4832 1297 4886 per
1315 4814 1538 4884 reprobationem
1556 4833 1612 4872 non
1631 4817 1722 4872 minus
1735 4818 1894 4876 hominibus

199 4902 358 4973 Subjnnget
375 4907 469 4955 antem
485 4898 573 4972 judex
593 4898 715 4953 rationes
729 4897 890 4953 decidendi:
915 4899 1034 4953 Eenriri
1059 4901 1210 4969 damnatis,
1238 4917 1321 4972 quam
1341 4900 1447 4972 angelis
1465 4903 1544 4957 malie
1568 4903 1606 4959 ob
1629 4909 1774 4974 peccatum
1797 4905 1894 4962 inobe-

199 4991 272 5044 enim
290 4996 316 5043 et
329 4987 455 5042 ’ἀοάίειίε
474 4986 543 5041 milri
571 4986 662 5040 mlum
688 4993 737 5040 etc.
768 5001 824 5041 non
849 4984 924 5056 quod
947 5003 1033 5058 opere
1058 4987 1178 5043 dientiae
1202 4993 1346 5043 aeternum
1369 4989 1462 5059 ignem
1486 4988 1604 5060 pararit
1640 4987 1754 5044 Interim
1779 4991 1893 5050 diabolo

199 5073 403 5131 misericordiae
419 5073 475 5127 sint
492 5072 566 5129 vitae
585 5078 715 5128 aeternae
734 5071 833 5126 merite
850 5072 963 5142 proprie
991 5073 1031 5126 di·
1058 5081 1087 5130 et
1103 5073 1211 5146 angelis
1230 5076 1290 5144 ejus
1313 5074 1386 5145 ignis
1402 5074 1454 5129 iste
1472 5081 1588 5147 paratus
1616 5075 1730 5143 dicitnr,
1761 5093 1818 5133 non
1843 5080 1894 5135 bo·

198 5168 253 5228 cta,
271 5161 321 5215 sed
341 5160 407 5231 quia
424 5164 490 5214 sunt
506 5173 588 5212 verae
605 5156 670 5213 lidei
688 5157 796 5213 fructus
813 5173 846 5212 ac
864 5157 1031 5226 testimonia,
1058 5160 1193 5229 minibus,
1219 5159 1286 5230 qnia
1305 5160 1453 5217 daemones
1471 5161 1578 5233 absque
1594 5166 1692 5232 parato
1710 5163 1833 5220 remedio
1851 5164 1893 5221 illi

197 5253 231 5300 nt
246 5247 373 5316 superine
392 5244 501 5317 plenius
526 5242 679 5302 docuimus.
713 5243 856 5298 Posterior
881 5260 945 5312 pars
971 5261 1032 5300 een·
1058 5254 1123 5301 sunt
1146 5245 1291 5314 destinati,
1315 5246 1363 5301 sed
1386 5247 1544 5302 bominibus
1569 5254 1698 5320 paratum
1720 5256 1763 5304 est
1783 5251 1892 5321 peceati

198 5332 303 5387 tentiae
318 5332 371 5389 erit
389 5331 472 5404 longe
491 5329 650 5386 tristissima
673 5336 702 5386 ct
727 5328 951 5399 horribilissimo,
977 5349 1031 5402 qne
1058 5330 1209 5387 remedium
1224 5331 1253 5384 in
1272 5333 1381 5389 cbristo
1399 5334 1563 5400 mediatore,
1585 5351 1635 5406 per
1653 5350 1735 5405 quem
1751 5351 1819 5391 rere
1836 5336 1892 5394 fide

197 5418 290 5488 impiis
314 5419 351 5472 ad
370 5418 510 5473 sinistram
528 5416 674 5473 collocatis
696 5416 783 5471 dicet:
816 5417 861 5470 Ite
884 5418 1033 5472 maledicti
1058 5417 1263 5488 apprehensum
1278 5419 1439 5476 debuissent
1460 5436 1493 5475 ao
1511 5419 1670 5490 potuissent
1693 5421 1787 5493 ignem
1813 5422 1892 5478 illum

197 5504 228 5556 in
254 5504 344 5574 ipaem
371 5511 523 5560 aeus-nam.
558 5501 640 5558 Prius
669 5501 806 5557 musaico
834 5508 970 5558 vocantur
1002 5503 1031 5558 in
1057 5502 1187 5575 effugare.
1212 5502 1273 5560 Nec
1290 5504 1359 5560 dixit
1378 5504 1455 5575 prius
1471 5521 1596 5576 regnam,
1614 5505 1739 5578 &quod
1755 5513 1892 5565 vocantur
