4050 6014
793 246 1232 306 onmnnauoruntcm.
1803 215 1849 316 '15

143 399 250 456 Christi
269 399 420 455 adrentum
437 400 473 455 ad
487 399 640 472 judicium:
669 402 744 457 Eoos
761 404 837 457 send
855 421 915 458 oum
933 421 984 456 nn·
1012 402 1111 456 melius
1138 402 1233 469 uratia
1252 418 1327 469 mea,
1357 418 1407 472 eqo
1432 419 1488 456 non
1511 410 1612 458 mutor.
1651 404 1760 456 Testem
1784 419 1851 457 uero

144 486 227 539 bibus
245 494 271 539 et
288 487 393 541 uidebit
410 504 472 541 eum
492 488 582 541 omnis
600 487 698 541 ocrrlus
718 489 805 559 etqui
816 507 876 543 eum
893 507 986 559 pupu·
1011 505 1041 541 se
1061 490 1132 542 dicit
1149 491 1298 557 staturum,
1324 489 1392 558 quia
1411 489 1441 541 in
1460 489 1575 557 judicio
1593 507 1644 542 suo
1661 506 1718 541 non
1743 491 1852 556 indicet

144 581 255 642 cerunt,
275 583 302 627 et
321 575 458 644 planyent
474 592 504 628 se
524 591 690 643 supereum
710 593 804 629 omnes
823 578 913 630 tribus
932 585 985 629 ter·
1011 576 1138 641 testibus,
1159 593 1274 644 eumque
1290 576 1419 641 velocem,
1437 576 1495 627 siue
1514 576 1583 644 quia
1596 585 1708 644 reperite
1721 587 1852 629 venturus

144 678 206 715 rae.
233 660 265 714 ln
284 660 329 715 die
349 661 499 717 novissimo
515 670 544 716 et
558 661 667 730 judicic
683 668 805 718 extremo
820 679 914 718 omnes
928 669 986 716 tam
1013 671 1065 729 est,
1089 663 1197 730 eritque
1225 663 1363 729 lesdinium
1388 661 1450 729 inm
1475 661 1620 730 inopinato
1643 663 1703 730 ojus
1731 664 1852 715 adventu

53 746 186 816 .129.pii
214 763 297 817 quam
324 746 401 817 impii
421 746 560 802 Christum
582 748 705 818 judicem
731 749 819 804 oculis
846 748 986 820 corporcis
1013 749 1197 815 celerrimum,
1218 751 1297 817 quod
1315 750 1509 801 tardissimum
1525 750 1687 816 irritabatur,
1707 750 1763 802 siue
1785 749 1851 819 quia

145 832 290 901 videbunt,
309 832 347 887 illi
367 834 478 904 quidem
495 835 530 887 ad
543 834 660 903 gloriam
673 843 702 889 et
716 835 858 904 laetitiam,
877 834 905 889 hi
920 852 985 890 vero
1011 837 1091 904 ipsas
1109 837 1252 889 convincet
1270 837 1330 888 sine
1349 836 1409 888 ullo
1436 837 1573 889 sermonis
1595 837 1766 903 prolixitate
1789 854 1852 889 con·

146 919 182 972 ad
202 919 381 988 opprobrium
406 927 436 973 ct
459 921 607 974 tristitiam.
644 920 795 991 Speciatim
820 932 912 977 autem
941 938 985 976 cc·
1011 924 1144 975 renuitae
1162 932 1211 975 etc.
1248 924 1346 975 Etiam
1367 924 1409 975 sic
1426 940 1493 988 erqo
1515 924 1654 975 Dominus
1676 926 1793 986 futurum
1814 931 1851 974 te-

145 1023 221 1073 rum,
248 1006 295 1075 qui
314 1005 404 1075 ipsum
422 1012 601 1077 pupugerunt
629 1007 687 1062 sive
710 1008 738 1062 in
762 1024 845 1062 cruce
869 1006 985 1063 confixe-
1012 1011 1064 1061 stis
1085 1009 1284 1074 intelliyeudus
1305 1017 1345 1061 cst
1362 1010 1456 1073 odon,
1480 1027 1541 1061 cnm
1561 1010 1622 1061 sinc
1641 1027 1721 1062 mora
1740 1027 1851 1062 recoca-

145 1098 219 1157 ruut,
242 1092 345 1147 mentio
362 1090 401 1157 fit,
422 1093 487 1162 qnia
506 1092 546 1146 illi
565 1094 685 1150 maximo
707 1095 810 1150 doloris
828 1111 912 1149 sensu
926 1093 986 1148 affi-
1012 1103 1091 1148 turus
1113 1103 1154 1148 eet
1175 1097 1205 1148 in
1223 1097 1401 1156 memoriam,
1425 1099 1500 1149 undo
1523 1097 1669 1149 convincat
1693 1099 1852 1165 puniatque

146 1177 263 1245 cientur,
283 1194 345 1232 cum
364 1179 483 1233 viderint
503 1195 574 1244 cum,
592 1187 649 1233 tam
670 1181 854 1250 ignominiose
873 1197 906 1234 ac
921 1198 982 1234 ctu·
1012 1183 1219 1235 conscientiam.
1261 1181 1339 1237 Haec
1367 1183 1542 1252 Augustinus
1566 1182 1667 1253 quibus
1699 1182 1854 1237 conformia

146 1264 282 1318 delitare
301 1272 603 1334 seexceptum,tanta
622 1267 984 1337 coruscaregloriastma·
1012 1267 1096 1325 habet
1113 1266 1301 1338 Hieronymus
1323 1269 1352 1322 in
1372 1278 1517 1322 comment.
1552 1269 1604 1321 Sed
1631 1286 1664 1321 ex
1689 1268 1852 1321 anteceden-

141 1351 262 1420 jeatate.'
282 1349 363 1404 Adde
385 1351 459 1421 quod
479 1368 574 1407 omnes
590 1352 668 1422 impii
687 1353 813 1423 pessimis
834 1353 891 1407 suis
905 1354 986 1408 dictis
1014 1354 1089 1408 tibus
1104 1362 1132 1408 et
1146 1355 1379 1423 consequentibus
1395 1364 1519 1424 apparet,
1533 1353 1699 1407 Malachiam
1710 1357 1851 1423 deprimo

146 1443 175 1489 et
206 1435 287 1489 lactu
319 1437 411 1492 denuc
443 1437 523 1507 quasi
559 1437 701 1492 Christum
731 1440 788 1492 sibi
818 1440 986 1507 crucrfiqant
1015 1440 1121 1493 Christi
1140 1443 1263 1492 adtractu
1283 1442 1394 1510 proprie
1415 1438 1485 1495 κατὰ
1505 1441 1589 1515 ῥητὸν
1607 1440 1660 1495 hoc
1680 1441 1740 1495 loco
1759 1458 1850 1510 agere,

145 1520 232 1578 Hebr.
255 1528 295 1586 10,
316 1541 338 1576 v.
359 1527 400 1578 29.
428 1540 461 1577 nc
487 1532 677 1593 persecutores
702 1525 842 1582 Christum
870 1527 898 1579 in
928 1525 986 1579 suis
1013 1526 1073 1594 ejus
1091 1527 1163 1581 enim
1183 1543 1346 1596 praecursor
1366 1527 1418 1579 fuit
1437 1526 1580 1580 lohannes
1603 1528 1738 1596 Baptista,
1759 1535 1787 1580 et
1806 1526 1851 1581 hic

145 1608 277 1662 membris
298 1614 425 1678 pungant
443 1616 471 1662 st
489 1608 635 1680 configant
656 1610 739 1665 Zach.
762 1616 786 1679 2,
800 1628 825 1666 v.
842 1616 865 1667 8.
885 1613 947 1665 Act.
961 1615 985 1679 9,
1014 1613 1073 1680 ipse
1092 1613 1228 1666 adrentus
1248 1612 1435 1682 pontificibus,
1456 1612 1655 1677 sacerdotibus,
1679 1614 1784 1667 levitis
1799 1622 1850 1669 etc.

145 1711 172 1751 r.
194 1703 216 1749 t.
252 1698 427 1766 Augustinus
451 1695 499 1750 lib.
519 1701 560 1752 20.
585 1696 620 1751 de
647 1697 700 1750 civ.
725 1696 779 1751 Dei
804 1713 828 1752 c.
846 1703 888 1752 ³0.
913 1697 987 1751 circa
1013 1699 1184 1767 corruptelas
1203 1715 1268 1752 suas
1288 1691 1377 1753 tutari
1396 1699 1578 1753 sentientibus
1598 1699 1652 1753 fnit
1674 1699 1800 1770 ingratus
1824 1706 1852 1754 et
1867 1717 1922 1756 xix.
1937 1716 1982 1759 mc.

145 1781 232 1839 med:
251 1783 407 1835 Paenitebit
424 1784 455 1835 in
472 1782 526 1835 illa
545 1784 593 1836 die
611 1784 739 1836 Judoeos
758 1784 843 1836 otiam
862 1800 919 1849 eos,
938 1787 988 1853 qui
1012 1786 1165 1854 adversus.)
1196 1786 1228 1839 In
1250 1785 1346 1840 eodem
1363 1802 1386 1840 c.
1405 1791 1429 1850 3,
1450 1802 1474 1838 v.
1495 1790 1540 1840 lb:
1559 1786 1688 1838 Attendit
1709 1787 1851 1840 Dominus

146 1869 291 1936 accepturi
309 1877 374 1922 sunt
394 1870 548 1938 Spru'ritum
574 1872 687 1939 oratioe
712 1878 737 1923 et
761 1871 986 1934 misericordiae,
1012 1879 1038 1924 et
1057 1874 1166 1925 audiuit
1184 1882 1210 1925 et
1227 1873 1405 1941 scriptumest
1424 1873 1496 1924 liber
1515 1874 1677 1925 monimenti
1699 1891 1795 1926 coram
1819 1891 1851 1927 eo

146 1956 224 2024 quod
248 1957 279 2008 in
302 1956 363 2023 ejus
388 1955 522 2024 passione
548 1957 754 2010 insultaverunt
774 1956 900 2023 Cbrr'trto,
923 1975 986 2011 cnm
1010 1976 1065 2027 pro
1086 1959 1244 2012 timentibus
1257 1961 1411 2012 Dominum
1427 1967 1454 2011 st
1466 1960 1654 2025 oscitantibus
1667 1976 1765 2010 nomen
1778 1959 1848 2027 ejus.

146 2042 258 2095 adeum
273 2043 457 2113 adspicerent
470 2043 500 2095 in
517 2059 570 2095 sua
584 2044 732 2112 majestate
746 2044 899 2097 uenientem
911 2059 984 2096 enm-
1011 2060 1035 2098 v.
1057 2049 1096 2098 l'l.
1125 2046 1164 2097 Et
1184 2053 1264 2097 erttnt
1284 2045 1365 2112 mihi,
1389 2047 1431 2097 ait
1451 2048 1590 2098 Dominus
1615 2046 1797 2112 caeercituum,
1820 2046 1852 2099 in

146 2146 199 2198 qus
217 2145 276 2181 esse
292 2131 486 2196 oounooerint,
511 2147 591 2200 quem
608 2131 690 2198 prius
709 2130 843 2182 humilm
869 2130 898 2182 in
924 2130 984 2183 suis
1012 2131 1072 2197 die,
1101 2148 1185 2198 quiam
1202 2148 1253 2200 eya
1272 2132 1352 2193 facio
1371 2132 1401 2183 in
1420 2131 1578 2199 peculium,
1608 2139 1635 2183 et
1659 2148 1779 2198 parcam
1799 2132 1848 2195 eis,

141 2216 309 2283 parentibui
321 2217 480 2279 retruserunt,
499 2217 626 2286 mmmut's
640 2225 666 2268 et
676 2218 736 2287 ipsi
742 2225 876 2284 parentes
889 2233 984 2270 eorum
1007 2218 1082 2269 sicut
1098 2218 1196 2287 parcit
1214 2219 1258 2270 nir
1272 2219 1339 2285 filio
1356 2235 1407 2270 stro
1420 2208 1555 2270 servienti
1567 2217 1629 2275 sibi,
1648 2232 1673 2271 v.
1689 2221 1729 2272 18.
1749 2226 1775 2270 et
1787 2235 1849 2270 con·

146 2308 242 2353 tantae
259 2302 339 2355 illius
352 2302 505 2370 impietatis
517 2313 646 2357 auctores
660 2311 837 2371 resumentes
851 2303 983 2356 cidebtint
1010 2304 1156 2356 certamini
1176 2311 1203 2356 et
1222 2303 1361 2370 uidebitis,
1387 2304 1457 2370 quid
1474 2303 1511 2355 sit
1531 2302 1603 2355 iuter
1626 2304 1735 2370 justum
1755 2312 1780 2354 et
1799 2303 1849 2355 im·

146 2403 215 2454 erem,
244 2390 296 2440 sed
308 2387 452 2456 puniendi
467 2388 530 2456 jam
548 2405 604 2441 non
624 2390 718 2442 adhuc
736 2389 903 2456 corriyendi
921 2388 983 2455 etc.)
1008 2390 1087 2457 pium
1107 2398 1132 2443 et
1148 2391 1220 2442 inter
1238 2391 1402 2443 seruientem
1421 2391 1484 2442 Doo
1501 2398 1526 2441 et
1549 2406 1606 2441 non
1628 2391 1792 2441 seruientem
1817 2390 1851 2444 ei.

146 2473 227 2527 Zach.
241 2481 281 2543 ll,
295 2491 320 2530 v.
334 2480 363 2529 b:
388 2474 484 2526 Veniet
504 2476 643 2528 Dominus
662 2478 739 2528 Deus
758 2491 833 2527 meus
851 2483 876 2528 st
890 2492 984 2528 omnes
1010 2475 1197 2547 (Augustinus
1214 2474 1259 2529 lib.
1282 2480 1322 2531 20.
1342 2476 1377 2529 de
1397 2476 1446 2529 civ.
1462 2474 1515 2528 Dei
1534 2491 1557 2527 c.
1573 2480 1613 2530 tt.
1631 2475 1728 2528 itidem
1746 2476 1799 2530 hoc
1811 2492 1851 2530 re·

144 2561 239 2613 sancti
256 2561 316 2629 ejus
335 2577 396 2612 cum
414 2576 445 2613 eo
467 2559 548 2626 (conf.
569 2560 636 2617 lud.
660 2561 720 2629 ll).
746 2560 863 2616 Malach.
877 2565 900 2625 3,
914 2578 939 2614 v.
956 2565 986 2614 l:
1010 2561 1064 2616 fert
1081 2562 1117 2616 ad
1140 2562 1277 2632 judicium
1301 2563 1489 2616 novissimum.
1526 2563 1606 2614 Haec
1630 2564 1786 2630 distantia,
1812 2562 1850 2616 in·

147 2649 221 2700 Ecce
238 2648 321 2706 uenit,
342 2645 412 2699 decit
431 2647 571 2699 Dominus
590 2648 813 2710 coarctantur.
832 2653 857 2702 2·
878 2657 903 2699 et
921 2646 983 2715 meis
1011 2649 1079 2718 quit,
1097 2651 1291 2718 proemiorum
1313 2658 1396 2718 atque
1417 2665 1577 2716 poenarum
1597 2650 1693 2715 justos
1712 2651 1849 2702 dirimens

142 2734 249 2803 polemi
267 2733 405 2786 sustinere
423 2733 498 2785 dmm
518 2734 656 2788 aduentus
675 2734 746 2802 ejus,
764 2741 790 2785 et
809 2734 872 2801 quis
889 2734 984 2799 stabit,
1010 2737 1046 2787 ab
1065 2737 1189 2804 injustis,
1210 2751 1282 2804 orias
1299 2737 1349 2787 sub
1369 2736 1421 2787 isto
1441 2735 1501 2787 sole
1521 2736 1550 2786 in
1569 2734 1654 2802 liujus
1672 2737 1744 2786 uitae
1769 2737 1848 2788 uani-

145 2838 206 2873 cum
225 2820 412 2888 opportuerit!
440 2837 467 2875 v.
488 2825 512 2875 3,
530 2820 597 2888 lpse
617 2822 701 2889 utensi
722 2822 796 2890 ionis
813 2821 942 2888 conflans
959 2826 984 2871 et
1010 2829 1067 2874 tate
1088 2823 1296 2885 concernitur,
1316 2821 1570 2890 ortondosubillo
1590 2821 1648 2873 sole
1663 2820 1798 2887 jrutitioe
1817 2823 1847 2873 in

145 2907 230 2975 quasi
254 2924 324 2975 sapa
350 2906 493 2969 fullonum
519 2914 570 2963 stc.
606 2905 793 2976 (Augustinus
811 2906 858 2960 lib.
879 2911 921 2962 20.
948 2904 984 2957 de
1010 2909 1090 2961 illius
1115 2908 1189 2961 oitoe
1212 2908 1444 2977 inaruisestotione
1471 2907 1605 2972 clarebit,
1631 2915 1694 2958 tunc
1716 2910 1850 2976 profecto

145 2992 196 3047 cis.
213 2991 264 3045 Dei
277 3009 301 3046 c.
316 2996 356 3046 25.
376 2991 428 3046 hoc
447 2991 608 3046 vaticinium
625 2992 819 3047 accommodat
836 2991 872 3046 ad
886 3008 983 3046 secun·
1010 2996 1062 3048 erit
1079 2996 1238 3064 judicium,
1264 2995 1348 3065 quote
1365 3011 1506 3062 nunquam
1532 2994 1609 3054 fuit.)
1646 2992 1761 3046 Malach.
1777 3000 1801 3055 t,
1825 3000 1850 3049 t:

146 3080 212 3135 dum
231 3079 334 3132 Christi
353 3080 512 3144 adrentum,
530 3080 672 3150 inquunt
686 3078 877 3149 justusjudex
893 3079 985 3132 veniet
1011 3083 1085 3135 Ecce
1104 3083 1177 3135 enim
1205 3083 1266 3135 dies
1289 3080 1365 3134 uenit
1395 3096 1529 3133 sacceum
1557 3082 1641 3147 quasi
1668 3081 1795 3132 caminus
1821 3087 1848 3134 et

146 3175 321 3231 contraeas,
347 3166 394 3235 qui
415 3166 536 3234 primum
557 3165 706 3220 adventum
730 3166 837 3237 gratiae
855 3165 983 3236 neglexe·
1011 3178 1091 3222 erunt
1111 3184 1204 3222 omnen
1221 3177 1403 3221 contemtores
1422 3174 1447 3220 ot
1467 3183 1560 3218 mineo
1581 3169 1726 3231 facientes
1754 3167 1850 3236 impie·

145 3259 217 3306 runt.
253 3253 299 3305 Ec
318 3252 376 3319 tte,
399 3251 504 3321 inquit,
528 3255 640 3305 uidetur
658 3253 813 3307 euidentius
833 3267 985 3321 apparere,
1011 3263 1094 3308 tatem
1113 3255 1220 3321 stipula
1240 3263 1268 3307 et
1285 3254 1468 3322 inflammabit
1489 3271 1536 3304 eos
1555 3255 1615 3305 dieu
1634 3254 1753 3320 rumiens,
1780 3254 1851 3305 dicit

146 3341 176 3392 in
208 3339 259 3393 ttto
283 3339 398 3407 judicio
427 3340 564 3406 quasdam
592 3340 769 3407 quorundam
798 3338 984 3407 ptiraotoriae
1012 3343 1152 3395 Dominus
1172 3343 1353 3408 exercituum,
1379 3357 1452 3409 quoe
1469 3357 1526 3393 non
1545 3340 1721 3407 derelinquet
1742 3340 1781 3391 eie
1801 3357 1849 3391 ra-

142 3443 252 3495 poenas
271 3427 389 3488 futuras
408 3433 458 3476 etc.
478 3425 534 3478 nisi
546 3427 630 3493 forto
647 3425 688 3478 sic
708 3442 754 3477 eos
774 3425 923 3477 dicendum
945 3432 985 3474 αἱ
1012 3429 1102 3480 dicem
1123 3434 1149 3479 et
1168 3444 1286 3478 romum.
1323 3431 1383 3480 nt
1411 3428 1449 3478 Et
1467 3427 1575 3479 orietur
1593 3426 1671 3479 nobis
1691 3426 1850 3477 timentibus

147 3513 298 3564 emundari
316 3530 334 3563 a
353 3510 485 3565 sordibus
503 3519 529 3563 st
546 3511 671 3580 eliquari
686 3512 904 3580 quodammodo,
923 3526 984 3562 cum
1011 3529 1110 3567 nomen
1129 3530 1219 3565 meum
1237 3513 1280 3566 sol
1300 3512 1427 3579 justitiae
1446 3519 1472 3565 et
1489 3512 1599 3563 sanitas
1614 3513 1643 3563 in
1661 3513 1760 3579 pencris
1776 3511 1849 3579 ejus.
1924 3517 1926 3519 ’

146 3599 240 3651 abeis
269 3599 341 3651 moli
360 3616 413 3666 per
433 3597 557 3666 poenale
575 3599 722 3667 judicium
746 3605 931 3666 separantur,
954 3603 985 3648 ut
1011 3602 1052 3654 Et
1070 3600 1253 3668 eorediemini
1274 3607 1300 3651 et
1327 3600 1456 3651 crescetr'c
1483 3601 1556 3650 sicut
1580 3599 1675 3660 nitidi,
1701 3599 1751 3665 quii
1774 3599 1850 3667 soui-

146 3686 262 3739 illornm
281 3685 439 3754 seoreyatio
456 3693 539 3755 atque
553 3686 700 3739 damnatio
717 3683 854 3753 puroatio
867 3685 904 3737 sit
919 3685 984 3736 isio-
1011 3696 1126 3742 nantur.
1147 3703 1172 3739 v.
1189 3690 1213 3740 3.
1235 3687 1274 3738 Et
1292 3685 1441 3737 colonatus
1463 3684 1572 3753 impios,
1593 3686 1661 3753 quia
1681 3686 1850 3737 crientonis

145 3791 216 3836 rum,
234 3774 301 3841 quia
315 3774 373 3841 fine
388 3771 488 3825 talium
509 3773 544 3825 de
565 3780 654 3826 cetero
672 3770 868 3825 commistione
880 3769 984 3823 victuri
1011 3774 1062 3826 snb
1080 3774 1182 3842 planta
1197 3774 1304 3840 pedrim
1323 3780 1487 3833 uestrorum,
1507 3789 1591 3839 quam
1610 3789 1659 3837 eoo
1673 3770 1761 3837 facin,
1779 3771 1848 3823 dicit

145 3869 209 3913 sunt
233 3867 279 3911 etc.
307 3875 395 3926 porro
417 3860 447 3910 in
467 3859 555 3927 plena
575 3860 763 3929 perfectoque
786 3858 899 3924 iustitia
923 3874 984 3910 cum
1013 3860 1152 3914 Dominus
1172 3861 1349 3913 cumcituum.
1387 3858 1516 3926 (Quidam
1538 3858 1680 3925 accipiunt
1699 3857 1752 3912 hcc
1776 3857 1849 3912 vati-

146 3946 277 3999 matdatt'
293 3945 416 4013 sutrini,
443 3945 502 4013 ipsi
519 3953 616 4013 eruut,
646 3946 717 4013 quid
744 3947 817 3997 enim
844 3945 985 4012 acceptius
1011 3948 1113 4001 ciuium
1135 3949 1169 4000 de
1191 3948 1300 3999 ercr'dio
1319 3946 1580 4013 Hierosolymarius
1595 3961 1629 3997 ac
1645 3944 1731 4012 primo
1748 3944 1850 3998 Christi

146 4038 208 4087 Deo
229 4032 300 4085 totos
319 4033 445 4101 offerunt,
467 4033 711 4101 manutenturos!
734 4048 758 4086 c.
774 4036 814 4087 26.
835 4031 908 4093 Quia
918 4037 985 4097 post
1012 4034 1143 4100 adventu,
1161 4033 1209 4088 sed
1232 4031 1405 4102 Theophilus
1426 4030 1618 4085 Antiochense
1639 4029 1684 4084 tib.
1702 4034 1724 4083 2.
1744 4032 1779 4082 ud
1793 4031 1848 4083 Au-

141 4119 297 4189 judicium,
315 4136 375 4171 cnm
386 4119 503 4186 scierint
524 4118 608 4172 etiam
622 4119 682 4184 iani
695 4118 832 4183 mundati,
852 4118 901 4185 qui
912 4116 985 4184 ejus·
1010 4122 1142 4192 tolycnm,
1162 4121 1292 4174 irenaeus
1311 4119 1357 4172 lib.
1378 4127 1401 4187 4,
1421 4136 1444 4175 c.
1463 4124 1486 4174 8.
1525 4118 1710 4185 Hieronymus
1730 4116 1757 4169 in
1776 4133 1849 4171 com·

147 4206 227 4260 morli
250 4206 432 4260 meandutione
460 4214 525 4259 sunt
549 4204 645 4273 diffini,
673 4205 703 4257 in
727 4205 854 4259 omnibus
880 4205 985 4256 sanctis
1012 4215 1126 4262 menter,
1153 4212 1182 4261 et
1199 4206 1373 4277 Augustinus
1397 4205 1422 4257 d.
1450 4205 1467 4260 l¹
1492 4203 1615 4257 referunt
1641 4204 1713 4256 inter
1739 4202 1850 4257 oracula

147 4294 257 4347 nullum
277 4295 433 4346 inuenietur
457 4294 569 4346 omnino
591 4300 755 4361 peccatum,
780 4298 865 4359 atqrte
888 4290 929 4342 ita
955 4307 985 4342 se
1012 4293 1174 4364 prophetica
1193 4294 1229 4347 tie
1248 4300 1367 4344 extremo
1384 4292 1495 4358 judicio
1514 4299 1541 4345 et
1558 4290 1613 4344 fine
1626 4290 1729 4356 mundi,
1748 4289 1775 4342 in
1793 4306 1847 4360 quo

148 4384 226 4451 eptas
245 4383 362 4450 offerent
381 4381 410 4432 in
424 4381 549 4449 justitia,
565 4388 595 4432 ut
615 4381 688 4434 tales
704 4379 811 4431 hostiae
825 4378 985 4430 omnimodo
1011 4381 1055 4435 vel
1075 4379 1193 4433 maxime
1213 4379 1260 4431 ira
1275 4377 1331 4430 Dei
1348 4379 1432 4447 attasi
1450 4377 1578 4430 clibanus
1598 4378 1735 4430 aduersus
1755 4391 1848 4427 omines
1939 4416 1943 4424 .

148 4469 346 4522 immaculatae
363 4485 397 4520 ac
415 4468 476 4523 sino
496 4467 556 4520 ullo
577 4467 646 4520 uitio
672 4467 728 4520 sint
751 4466 881 4532 suturae,
907 4471 986 4518 erunt
1012 4469 1113 4534 impios
1131 4465 1244 4519 ardebit
1264 4481 1297 4518 ac
1316 4464 1403 4517 instar
1419 4460 1538 4532 stipulae
1558 4478 1605 4516 eos
1619 4462 1755 4528 absumet,
1774 4459 1848 4515 conf.

145 4557 276 4626 profecto
295 4555 367 4607 sicrtt
380 4553 513 4621 pristinis
531 4553 632 4607 cliebtts
650 4560 675 4607 et
692 4555 766 4605 sitnm
779 4553 862 4604 annis
878 4552 986 4620 priori·
1012 4553 1110 4606 Matth.
1128 4558 1153 4620 3,
1173 4569 1198 4608 ν.
1222 4558 1268 4620 123
1295 4551 1347 4621 piis
1371 4556 1466 4604 contra
1494 4547 1620 4602 Christus
1646 4549 1673 4599 in
1699 4548 1848 4602 novissimo

150 4644 208 4708 bus,
227 4642 341 4710 quondo
361 4641 390 4692 in
409 4641 509 4694 umbra
526 4641 612 4710 hujus
631 4641 675 4693 rei
693 4641 814 4704 futurae
833 4637 984 4692 mundissi-
1012 4655 1061 4693 sno
1088 4637 1209 4692 adventu
1237 4645 1369 4706 tanquam
1395 4651 1474 4688 verus
1504 4634 1546 4687 sol
1575 4632 1731 4697 illucescet,
1766 4633 1850 4687 corda

148 4746 211 4784 moe
230 4728 415 4798 offerebantur
433 4727 549 4785 bosnae.
568 4769 569 4773 ,
585 4729 667 4782 Haec
685 4726 740 4779 erit
764 4741 882 4793 namque
906 4743 985 4801 mun·
1012 4725 1133 4794 ipsorum
1152 4723 1308 4777 exhilarans
1326 4730 1354 4778 et
1372 4723 1446 4775 vitae
1464 4737 1496 4774 ac
1516 4719 1642 4773 sanitatis
1656 4725 1785 4772 aeternae
1802 4734 1848 4772 eos

150 4817 230 4870 datio
250 4825 314 4867 tnnc
335 4815 365 4867 in
384 4814 540 4869 immortali
556 4832 642 4868 carne
662 4830 697 4867 ac
714 4819 985 4875 montesanctorum,
1012 4809 1161 4880 participes
1188 4809 1300 4863 faciens.
1338 4809 1408 4861 Dies
1432 4805 1556 4876 judicii,
1585 4804 1625 4857 ait
1652 4803 1848 4874 Hieronymus,

150 4918 220 4972 quae
239 4901 415 4968 fiqtrrabatur
435 4902 465 4954 in
486 4900 604 4955 illarum
629 4901 796 4969 corporibus
821 4899 986 4954 hostiarum.
1012 4897 1117 4950 sanetis
1142 4895 1196 4948 erit
1220 4895 1269 4948 lun
1292 4900 1319 4947 et
1343 4894 1538 4962 peccatoribus
1563 4893 1703 4956 tandm,
1732 4898 1758 4942 et
1783 4891 1850 4960 ipsa

151 4990 264 5042 Deinde
279 4996 399 5057 propter
417 5005 473 5057 eos,
493 4987 543 5056 qui
560 5005 616 5040 non
632 4985 825 5054 mundatione,
842 4986 894 5037 sed
908 4986 986 5038 dam·
1013 4983 1074 5036 dies
1095 4983 1148 5034 ert't
1167 4997 1300 5034 meccensa
1320 4981 1404 5048 otiosi
1428 4982 1569 5045 caminus,
1593 4987 1624 5031 ut
1647 4993 1741 5032 omnes
1769 4977 1851 5045 impii

150 5076 263 5128 natione
283 5083 347 5128 sunit
368 5074 457 5142 diarii.
493 5075 532 5127 at
550 5075 690 5139 accedam,
716 5072 809 5142 inquit
826 5075 861 5138 (v.
883 5072 928 5138 bl,
947 5073 989 5124 ad
1012 5077 1158 5123 vertantur
1177 5069 1207 5120 in
1226 5067 1359 5136 stipulam
1380 5075 1405 5118 et
1424 5069 1529 5119 camini
1553 5072 1709 5119 crementur
1737 5063 1849 5116 ardori·

150 5181 200 5217 uos
218 5163 246 5214 in
265 5162 409 5230 judicium
428 5169 454 5215 et
474 5178 522 5215 ero
543 5160 621 5215 testis
641 5159 721 5214 celox
740 5176 827 5231 super
844 5158 987 5219 maleficos
1016 5157 1073 5210 bus.
1113 5156 1236 5224 &mque
1255 5171 1302 5208 eos
1319 5154 1536 5222 inflammaverit
1553 5161 1637 5220 atqcue
1661 5151 1848 5215 combusserit,

151 5257 177 5302 et
195 5265 279 5317 super
297 5246 444 5301 adulteros
462 5256 510 5301 etc.
538 5246 638 5316 quibus
657 5245 867 5299 damnabilibus
895 5244 988 5298 crimi-
1014 5261 1071 5296 non
1089 5241 1229 5309 relinquet
1246 5241 1275 5292 in
1293 5241 1335 5292 eis
1353 5240 1441 5292 ullam
1462 5240 1587 5291 radicem
1613 5246 1639 5290 et
1665 5255 1785 5306 aermon.
1822 5237 1851 5288 E

150 5335 412 5390 nibusenumerotis
431 5335 555 5388 addidit.
574 5334 610 5400 (v.
629 5333 682 5398 b.):
704 5332 841 5395 Quonim
860 5349 911 5400 syo
929 5332 989 5384 Do·
1015 5327 1159 5382 contrario
1178 5326 1302 5395 dicitur,
1329 5327 1405 5393 quod
1432 5324 1590 5378 timentibus
1615 5340 1712 5376 nomen
1733 5323 1851 5376 Domini

152 5423 243 5475 minus
264 5424 344 5475 Deus
362 5430 460 5490 noster,
482 5429 508 5475 et
526 5437 582 5474 non
600 5426 701 5486 mutor,
721 5426 854 5487 tanquam
873 5417 987 5484 diceret,
1016 5415 1123 5469 orietur
1141 5414 1185 5468 sol
1208 5413 1355 5482 justitiae,
1381 5413 1431 5481 qui
1448 5428 1516 5464 nera
1539 5410 1633 5462 omnio
1651 5409 1797 5476 judicabit
1823 5415 1850 5461 ot

153 5526 214 5563 cum
231 5525 279 5563 vos
300 5508 448 5562 mutaverit
464 5509 537 5563 etin
556 5504 681 5561 detes-ius
700 5503 786 5574 culpo
804 5512 898 5559 nestra
917 5511 943 5558 et
958 5503 988 5557 in
1015 5517 1067 5557 neo
1086 5503 1159 5556 bona
1178 5518 1228 5555 nec
1248 5500 1335 5568 mala,
1354 5516 1405 5554 nec
1422 5500 1539 5552 uirtutes
1550 5513 1601 5551 nec
1614 5495 1684 5549 uitta
1698 5497 1787 5549 latere
1795 5511 1850 5564 pa·
