<?xml version="1.0" encoding="UTF-8"?>
<!DOCTYPE html PUBLIC "-//W3C//DTD XHTML 1.0 Transitional//EN"
    "http://www.w3.org/TR/xhtml1/DTD/xhtml1-transitional.dtd">
<html xmlns="http://www.w3.org/1999/xhtml" xml:lang="en" lang="en">
 <head>
  <title>
</title>
<meta http-equiv="Content-Type" content="text/html;charset=utf-8" />
  <meta name='ocr-system' content='tesseract 3.04.00' />
  <meta name='ocr-capabilities' content='ocr_page ocr_carea ocr_par ocr_line ocrx_word'/>
</head>
<body>
  <div class='ocr_page' id='page_1' title='image "./locitheologicic02gerhgoog/locitheologicic02gerhgoog_0137.png"; bbox 0 0 4050 6014; ppageno 0'>
   <div class='ocr_carea' id='block_1_1' title="bbox 206 124 1268 201">
    <p class='ocr_par' dir='ltr' id='par_1_1' title="bbox 206 124 1268 201">
     <span class='ocr_line' id='line_1_1' title="bbox 206 124 1268 201; baseline -0.017 0"><span class='ocrx_word' id='word_1_1' title='bbox 206 142 265 201; x_wconf 86' lang='lat'><strong>104</strong></span> <span class='ocrx_word' id='word_1_2' title='bbox 651 190 652 194; x_wconf 73' lang='grc'><strong>,</strong></span> <span class='ocrx_word' id='word_1_3' title='bbox 853 124 1086 184; x_wconf 69' lang='lat' dir='ltr'><strong>muratus</strong></span> <span class='ocrx_word' id='word_1_4' title='bbox 1102 124 1268 184; x_wconf 77' lang='lat' dir='ltr'>TERTIUS</span> 
     </span>
    </p>
   </div>
   <div class='ocr_carea' id='block_1_2' title="bbox 201 247 1898 360">
    <p class='ocr_par' dir='ltr' id='par_1_2' title="bbox 201 247 1898 360">
     <span class='ocr_line' id='line_1_2' title="bbox 201 247 1898 360; baseline -0.001 -18"><span class='ocrx_word' id='word_1_5' title='bbox 201 304 284 343; x_wconf 85' lang='lat' dir='ltr'><strong>saeue</strong></span> <span class='ocrx_word' id='word_1_6' title='bbox 303 286 352 342; x_wconf 90' lang='lat' dir='ltr'><strong>lib.</strong></span> <span class='ocrx_word' id='word_1_7' title='bbox 362 287 399 343; x_wconf 93' lang='lat' dir='ltr'><strong>de</strong></span> <span class='ocrx_word' id='word_1_8' title='bbox 416 287 528 360; x_wconf 79' lang='lat' dir='ltr'><strong>glorios.</strong></span> <span class='ocrx_word' id='word_1_9' title='bbox 547 286 611 342; x_wconf 82' lang='lat' dir='ltr'><strong>Filii</strong></span> <span class='ocrx_word' id='word_1_10' title='bbox 624 286 678 343; x_wconf 90' lang='lat' dir='ltr'><strong>Dei</strong></span> <span class='ocrx_word' id='word_1_11' title='bbox 687 286 805 359; x_wconf 85' lang='lat' dir='ltr'><strong>apparit</strong></span> <span class='ocrx_word' id='word_1_12' title='bbox 819 302 880 356; x_wconf 91' lang='lat' dir='ltr'><strong>cap.</strong></span> <span class='ocrx_word' id='word_1_13' title='bbox 897 247 1039 356; x_wconf 69' lang='lat' dir='ltr'><strong>thputat,</strong></span> <span class='ocrx_word' id='word_1_14' title='bbox 1068 287 1107 350; x_wconf 83' lang='lat' dir='ltr'><strong>te,</strong></span> <span class='ocrx_word' id='word_1_15' title='bbox 1128 300 1153 339; x_wconf 86' lang='lat' dir='ltr'><strong>v.</strong></span> <span class='ocrx_word' id='word_1_16' title='bbox 1174 287 1198 338; x_wconf 99' lang='lat'><strong>3.</strong></span> <span class='ocrx_word' id='word_1_17' title='bbox 1215 290 1244 338; x_wconf 89' lang='lat' dir='ltr'><strong>et</strong></span> <span class='ocrx_word' id='word_1_18' title='bbox 1269 291 1294 340; x_wconf 85' lang='lat' dir='ltr'><strong>t.</strong></span> <span class='ocrx_word' id='word_1_19' title='bbox 1313 300 1375 355; x_wconf 89' lang='lat' dir='ltr'><strong>cap.</strong></span> <span class='ocrx_word' id='word_1_20' title='bbox 1404 289 1445 353; x_wconf 79' lang='lat' dir='ltr'><strong>ts,</strong></span> <span class='ocrx_word' id='word_1_21' title='bbox 1469 302 1495 340; x_wconf 85' lang='lat' dir='ltr'><strong>r.</strong></span> <span class='ocrx_word' id='word_1_22' title='bbox 1522 288 1561 342; x_wconf 86' lang='lat' dir='ltr'><strong>te.</strong></span> <span class='ocrx_word' id='word_1_23' title='bbox 1583 299 1646 354; x_wconf 87' lang='lat' dir='ltr'><strong>cap.</strong></span> <span class='ocrx_word' id='word_1_24' title='bbox 1669 287 1712 352; x_wconf 82' lang='lat' dir='ltr'><strong>tt,</strong></span> <span class='ocrx_word' id='word_1_25' title='bbox 1734 300 1764 340; x_wconf 81' lang='lat' dir='ltr'><strong>r.</strong></span> <span class='ocrx_word' id='word_1_26' title='bbox 1786 287 1827 341; x_wconf 68' lang='lat' dir='ltr'><strong>tta</strong></span> <span class='ocrx_word' id='word_1_27' title='bbox 1842 294 1898 349; x_wconf 69' lang='lat' dir='ltr'><strong>aaa.</strong></span> 
     </span>
    </p>
   </div>
   <div class='ocr_carea' id='block_1_3' title="bbox 71 367 1961 4746">
    <p class='ocr_par' dir='ltr' id='par_1_3' title="bbox 71 367 1961 4746">
     <span class='ocr_line' id='line_1_3' title="bbox 202 367 1898 444; baseline -0.002 -16"><span class='ocrx_word' id='word_1_28' title='bbox 202 374 320 444; x_wconf 75' lang='lat' dir='ltr'><strong>ampelos</strong></span> <span class='ocrx_word' id='word_1_29' title='bbox 335 374 485 444; x_wconf 79' lang='lat' dir='ltr'><strong>injudicio</strong></span> <span class='ocrx_word' id='word_1_30' title='bbox 490 379 658 442; x_wconf 84' lang='lat' dir='ltr'><strong>portaturos</strong></span> <span class='ocrx_word' id='word_1_31' title='bbox 666 390 783 443; x_wconf 72' lang='lat' dir='ltr'><strong>crucem</strong></span> <span class='ocrx_word' id='word_1_32' title='bbox 792 373 887 428; x_wconf 82' lang='lat' dir='ltr'><strong>claros</strong></span> <span class='ocrx_word' id='word_1_33' title='bbox 896 380 923 426; x_wconf 87' lang='lat' dir='ltr'><strong>et</strong></span> <span class='ocrx_word' id='word_1_34' title='bbox 933 371 1040 425; x_wconf 85' lang='lat' dir='ltr'><strong>similia</strong></span> <span class='ocrx_word' id='word_1_35' title='bbox 1067 371 1109 431; x_wconf 80' lang='grc'><strong>26,</strong></span> <span class='ocrx_word' id='word_1_36' title='bbox 1128 386 1154 422; x_wconf 86' lang='lat' dir='ltr'><strong>v.</strong></span> <span class='ocrx_word' id='word_1_37' title='bbox 1172 375 1197 425; x_wconf 74' lang='lat'><strong>4.</strong></span> <span class='ocrx_word' id='word_1_38' title='bbox 1216 386 1274 440; x_wconf 88' lang='lat' dir='ltr'><strong>cap.</strong></span> <span class='ocrx_word' id='word_1_39' title='bbox 1296 374 1337 439; x_wconf 82' lang='lat'><strong>28,</strong></span> <span class='ocrx_word' id='word_1_40' title='bbox 1356 389 1382 427; x_wconf 88' lang='lat' dir='ltr'><strong>v.</strong></span> <span class='ocrx_word' id='word_1_41' title='bbox 1400 375 1440 428; x_wconf 87' lang='lat'><strong>13.</strong></span> <span class='ocrx_word' id='word_1_42' title='bbox 1460 376 1488 426; x_wconf 90' lang='lat' dir='ltr'><strong>et</strong></span> <span class='ocrx_word' id='word_1_43' title='bbox 1508 375 1548 426; x_wconf 83' lang='lat' dir='ltr'><strong>te.</strong></span> <span class='ocrx_word' id='word_1_44' title='bbox 1567 370 1622 425; x_wconf 90' lang='lat' dir='ltr'><strong>hec</strong></span> <span class='ocrx_word' id='word_1_45' title='bbox 1641 376 1684 425; x_wconf 92' lang='lat' dir='ltr'><strong>est</strong></span> <span class='ocrx_word' id='word_1_46' title='bbox 1704 368 1769 425; x_wconf 90' lang='lat' dir='ltr'><strong>ideo</strong></span> <span class='ocrx_word' id='word_1_47' title='bbox 1786 367 1898 440; x_wconf 80' lang='lat' dir='ltr'><strong>postut-</strong></span> 
     </span>
     <span class='ocr_line' id='line_1_4' title="bbox 200 452 1901 530; baseline -0.004 -16"><span class='ocrx_word' id='word_1_48' title='bbox 200 460 347 530; x_wconf 87' lang='lat' dir='ltr'><strong>passionis</strong></span> <span class='ocrx_word' id='word_1_49' title='bbox 363 460 469 516; x_wconf 80' lang='lat' dir='ltr'><strong>Chrr&#39;sti</strong></span> <span class='ocrx_word' id='word_1_50' title='bbox 476 460 668 524; x_wconf 75' lang='lat' dir='ltr'><strong>instrumenta,</strong></span> <span class='ocrx_word' id='word_1_51' title='bbox 682 458 765 530; x_wconf 88' lang='lat' dir='ltr'><strong>idque</strong></span> <span class='ocrx_word' id='word_1_52' title='bbox 774 459 887 530; x_wconf 78' lang='lat' dir='ltr'><strong>egregio</strong></span> <span class='ocrx_word' id='word_1_53' title='bbox 897 456 1041 512; x_wconf 84' lang='lat' dir='ltr'><strong>confirmat</strong></span> <span class='ocrx_word' id='word_1_54' title='bbox 1067 452 1118 507; x_wconf 87' lang='lat' dir='ltr'><strong>teti</strong></span> <span class='ocrx_word' id='word_1_55' title='bbox 1138 461 1204 509; x_wconf 87' lang='lat' dir='ltr'><strong>tuse</strong></span> <span class='ocrx_word' id='word_1_56' title='bbox 1222 454 1295 511; x_wconf 89' lang='lat' dir='ltr'><strong>dabo</strong></span> <span class='ocrx_word' id='word_1_57' title='bbox 1313 463 1415 511; x_wconf 89' lang='lat' dir='ltr'><strong>terram</strong></span> <span class='ocrx_word' id='word_1_58' title='bbox 1429 456 1553 523; x_wconf 79' lang='lat' dir='ltr'><strong>canaan,</strong></span> <span class='ocrx_word' id='word_1_59' title='bbox 1573 463 1606 511; x_wconf 92' lang='lat' dir='ltr'><strong>ut</strong></span> <span class='ocrx_word' id='word_1_60' title='bbox 1616 455 1743 523; x_wconf 86' lang='lat' dir='ltr'><strong>Messias,</strong></span> <span class='ocrx_word' id='word_1_61' title='bbox 1760 454 1792 509; x_wconf 91' lang='lat' dir='ltr'><strong>in</strong></span> <span class='ocrx_word' id='word_1_62' title='bbox 1808 470 1865 526; x_wconf 90' lang='lat' dir='ltr'><strong>quo</strong></span> <span class='ocrx_word' id='word_1_63' title='bbox 1876 459 1901 509; x_wconf 86' lang='lat' dir='ltr'><strong>et</strong></span> 
     </span>
     <span class='ocr_line' id='line_1_5' title="bbox 206 540 1900 619; baseline -0.004 -18"><span class='ocrx_word' id='word_1_64' title='bbox 206 552 380 619; x_wconf 83' lang='lat' dir='ltr'><strong>argumento,</strong></span> <span class='ocrx_word' id='word_1_65' title='bbox 394 547 536 616; x_wconf 86' lang='lat' dir='ltr'><strong>pictorum</strong></span> <span class='ocrx_word' id='word_1_66' title='bbox 553 546 660 601; x_wconf 88' lang='lat' dir='ltr'><strong>scilicet</strong></span> <span class='ocrx_word' id='word_1_67' title='bbox 685 553 754 598; x_wconf 85' lang='lat' dir='ltr'><strong>arte.</strong></span> <span class='ocrx_word' id='word_1_68' title='bbox 794 544 857 599; x_wconf 85' lang='lat' dir='ltr'><strong>Non</strong></span> <span class='ocrx_word' id='word_1_69' title='bbox 884 545 969 607; x_wconf 86' lang='lat' dir='ltr'><strong>deest,</strong></span> <span class='ocrx_word' id='word_1_70' title='bbox 993 541 1041 612; x_wconf 90' lang='lat' dir='ltr'><strong>qui</strong></span> <span class='ocrx_word' id='word_1_71' title='bbox 1068 546 1181 611; x_wconf 89' lang='lat' dir='ltr'><strong>propter</strong></span> <span class='ocrx_word' id='word_1_72' title='bbox 1195 558 1277 612; x_wconf 88' lang='lat' dir='ltr'><strong>quem</strong></span> <span class='ocrx_word' id='word_1_73' title='bbox 1297 541 1454 599; x_wconf 84' lang='lat' dir='ltr'>benedictio</span> <span class='ocrx_word' id='word_1_74' title='bbox 1471 543 1599 598; x_wconf 89' lang='lat' dir='ltr'><strong>omnibus</strong></span> <span class='ocrx_word' id='word_1_75' title='bbox 1610 540 1743 614; x_wconf 81' lang='lat' dir='ltr'><strong>gentibus</strong></span> <span class='ocrx_word' id='word_1_76' title='bbox 1763 540 1900 608; x_wconf 86' lang='lat' dir='ltr'><strong>offeretur,</strong></span> 
     </span>
     <span class='ocr_line' id='line_1_6' title="bbox 203 627 1901 701; baseline -0.004 -13"><span class='ocrx_word' id='word_1_77' title='bbox 203 639 318 701; x_wconf 84' lang='lat' dir='ltr'><strong>statuet,</strong></span> <span class='ocrx_word' id='word_1_78' title='bbox 335 634 427 688; x_wconf 82' lang='lat' dir='ltr'><strong>crucis</strong></span> <span class='ocrx_word' id='word_1_79' title='bbox 443 634 554 701; x_wconf 81' lang='lat' dir='ltr'><strong>sipnum</strong></span> <span class='ocrx_word' id='word_1_80' title='bbox 572 634 603 686; x_wconf 82' lang='lat' dir='ltr'><strong>in</strong></span> <span class='ocrx_word' id='word_1_81' title='bbox 620 632 763 697; x_wconf 74' lang='lat' dir='ltr'><strong>frontibus</strong></span> <span class='ocrx_word' id='word_1_82' title='bbox 773 631 893 686; x_wconf 81' lang='lat' dir='ltr'><strong>omnium</strong></span> <span class='ocrx_word' id='word_1_83' title='bbox 901 631 1039 698; x_wconf 74' lang='lat' dir='ltr'><strong>justorum</strong></span> <span class='ocrx_word' id='word_1_84' title='bbox 1067 632 1173 680; x_wconf 89' lang='lat' dir='ltr'><strong>certum</strong></span> <span class='ocrx_word' id='word_1_85' title='bbox 1191 628 1346 683; x_wconf 85' lang='lat' dir='ltr'><strong>nativitatis</strong></span> <span class='ocrx_word' id='word_1_86' title='bbox 1365 645 1433 683; x_wconf 89' lang='lat' dir='ltr'><strong>suae</strong></span> <span class='ocrx_word' id='word_1_87' title='bbox 1448 629 1599 700; x_wconf 91' lang='lat' dir='ltr'><strong>hospitium</strong></span> <span class='ocrx_word' id='word_1_88' title='bbox 1608 627 1719 694; x_wconf 88' lang='lat' dir='ltr'><strong>habeat,</strong></span> <span class='ocrx_word' id='word_1_89' title='bbox 1733 643 1767 683; x_wconf 86' lang='lat' dir='ltr'><strong>ac</strong></span> <span class='ocrx_word' id='word_1_90' title='bbox 1788 630 1901 695; x_wconf 86' lang='lat' dir='ltr'><strong>constet,</strong></span> 
     </span>
     <span class='ocr_line' id='line_1_7' title="bbox 204 712 1901 789; baseline -0.004 -16"><span class='ocrx_word' id='word_1_91' title='bbox 204 728 270 773; x_wconf 83' lang='lat' dir='ltr'><strong>tene</strong></span> <span class='ocrx_word' id='word_1_92' title='bbox 289 721 497 789; x_wconf 81' lang='lat' dir='ltr'><strong>apparituram,</strong></span> <span class='ocrx_word' id='word_1_93' title='bbox 517 717 565 773; x_wconf 92' lang='lat' dir='ltr'><strong>sed</strong></span> <span class='ocrx_word' id='word_1_94' title='bbox 584 718 667 787; x_wconf 78' lang='lat' dir='ltr'><strong>huJus</strong></span> <span class='ocrx_word' id='word_1_95' title='bbox 686 717 727 772; x_wconf 90' lang='lat' dir='ltr'><strong>rei</strong></span> <span class='ocrx_word' id='word_1_96' title='bbox 745 717 851 771; x_wconf 91' lang='lat' dir='ltr'><strong>nullum</strong></span> <span class='ocrx_word' id='word_1_97' title='bbox 871 717 900 770; x_wconf 92' lang='lat' dir='ltr'><strong>in</strong></span> <span class='ocrx_word' id='word_1_98' title='bbox 917 714 1040 784; x_wconf 86' lang='lat' dir='ltr'><strong>Scriptu·</strong></span> <span class='ocrx_word' id='word_1_99' title='bbox 1066 727 1099 766; x_wconf 90' lang='lat' dir='ltr'><strong>ex</strong></span> <span class='ocrx_word' id='word_1_100' title='bbox 1120 729 1175 782; x_wconf 90' lang='lat' dir='ltr'><strong>quo</strong></span> <span class='ocrx_word' id='word_1_101' title='bbox 1189 713 1292 783; x_wconf 90' lang='lat' dir='ltr'><strong>populo</strong></span> <span class='ocrx_word' id='word_1_102' title='bbox 1310 713 1427 769; x_wconf 85' lang='lat' dir='ltr'><strong>Messias</strong></span> <span class='ocrx_word' id='word_1_103' title='bbox 1446 715 1484 768; x_wconf 89' lang='lat' dir='ltr'><strong>sit</strong></span> <span class='ocrx_word' id='word_1_104' title='bbox 1507 714 1718 785; x_wconf 87' lang='lat' dir='ltr'><strong>exspectandus.</strong></span> <span class='ocrx_word' id='word_1_105' title='bbox 1760 712 1901 768; x_wconf 72' lang='lat' dir='ltr'><strong>Posterius</strong></span> 
     </span>
     <span class='ocr_line' id='line_1_8' title="bbox 204 797 1901 864; baseline -0.004 -5"><span class='ocrx_word' id='word_1_106' title='bbox 204 805 243 859; x_wconf 92' lang='lat' dir='ltr'><strong>ris</strong></span> <span class='ocrx_word' id='word_1_107' title='bbox 265 804 385 861; x_wconf 88' lang='lat' dir='ltr'><strong>occurrit</strong></span> <span class='ocrx_word' id='word_1_108' title='bbox 407 805 602 860; x_wconf 88' lang='lat' dir='ltr'><strong>testimonium.</strong></span> <span class='ocrx_word' id='word_1_109' title='bbox 647 803 797 858; x_wconf 88' lang='lat' dir='ltr'><strong>Barradius</strong></span> <span class='ocrx_word' id='word_1_110' title='bbox 819 808 885 858; x_wconf 90' lang='lat' dir='ltr'><strong>tom.</strong></span> <span class='ocrx_word' id='word_1_111' title='bbox 912 808 937 858; x_wconf 87' lang='lat'><strong>3.</strong></span> <span class='ocrx_word' id='word_1_112' title='bbox 964 815 1040 856; x_wconf 92' lang='lat' dir='ltr'><strong>conc.</strong></span> <span class='ocrx_word' id='word_1_113' title='bbox 1067 797 1245 852; x_wconf 85' lang='lat' dir='ltr'><strong>manifestum</strong></span> <span class='ocrx_word' id='word_1_114' title='bbox 1263 815 1296 853; x_wconf 85' lang='lat' dir='ltr'><strong>ex</strong></span> <span class='ocrx_word' id='word_1_115' title='bbox 1308 798 1409 855; x_wconf 87' lang='lat' dir='ltr'><strong>Psalm.</strong></span> <span class='ocrx_word' id='word_1_116' title='bbox 1430 804 1473 864; x_wconf 83' lang='lat' dir='ltr'><strong>ee,</strong></span> <span class='ocrx_word' id='word_1_117' title='bbox 1490 816 1517 855; x_wconf 84' lang='lat' dir='ltr'><strong>v.</strong></span> <span class='ocrx_word' id='word_1_118' title='bbox 1538 806 1577 857; x_wconf 90' lang='lat' dir='ltr'><strong>tl.</strong></span> <span class='ocrx_word' id='word_1_119' title='bbox 1594 799 1644 855; x_wconf 91' lang='lat' dir='ltr'><strong>ubi</strong></span> <span class='ocrx_word' id='word_1_120' title='bbox 1658 799 1793 855; x_wconf 70' lang='lat' dir='ltr'><strong>israelitis</strong></span> <span class='ocrx_word' id='word_1_121' title='bbox 1807 799 1836 854; x_wconf 93' lang='lat' dir='ltr'><strong>in</strong></span> <span class='ocrx_word' id='word_1_122' title='bbox 1850 803 1901 852; x_wconf 86' lang='lat' dir='ltr'><strong>ter·</strong></span> 
     </span>
     <span class='ocr_line' id='line_1_9' title="bbox 206 883 1902 961; baseline -0.003 -17"><span class='ocrx_word' id='word_1_123' title='bbox 206 906 303 961; x_wconf 84' lang='lat' dir='ltr'><strong>evang.</strong></span> <span class='ocrx_word' id='word_1_124' title='bbox 322 890 369 945; x_wconf 93' lang='lat' dir='ltr'><strong>lib.</strong></span> <span class='ocrx_word' id='word_1_125' title='bbox 387 895 411 945; x_wconf 88' lang='grc'><strong>9.</strong></span> <span class='ocrx_word' id='word_1_126' title='bbox 431 906 494 960; x_wconf 88' lang='lat' dir='ltr'><strong>cap.</strong></span> <span class='ocrx_word' id='word_1_127' title='bbox 514 896 554 947; x_wconf 84' lang='lat'><strong>12.</strong></span> <span class='ocrx_word' id='word_1_128' title='bbox 581 890 656 944; x_wconf 87' lang='lat' dir='ltr'><strong>dicta</strong></span> <span class='ocrx_word' id='word_1_129' title='bbox 678 896 802 945; x_wconf 83' lang='lat' dir='ltr'><strong>veterum</strong></span> <span class='ocrx_word' id='word_1_130' title='bbox 825 905 876 959; x_wconf 89' lang='lat' dir='ltr'><strong>pro</strong></span> <span class='ocrx_word' id='word_1_131' title='bbox 900 888 954 941; x_wconf 91' lang='lat' dir='ltr'><strong>hac</strong></span> <span class='ocrx_word' id='word_1_132' title='bbox 982 886 1040 956; x_wconf 90' lang='lat' dir='ltr'><strong>opi·</strong></span> <span class='ocrx_word' id='word_1_133' title='bbox 1065 899 1125 937; x_wconf 89' lang='lat' dir='ltr'><strong>ram</strong></span> <span class='ocrx_word' id='word_1_134' title='bbox 1143 883 1306 953; x_wconf 77' lang='lat' dir='ltr'><strong>promissam</strong></span> <span class='ocrx_word' id='word_1_135' title='bbox 1320 885 1448 954; x_wconf 80' lang='lat' dir='ltr'><strong>jamdum</strong></span> <span class='ocrx_word' id='word_1_136' title='bbox 1468 886 1633 941; x_wconf 83' lang='lat' dir='ltr'><strong>introductis</strong></span> <span class='ocrx_word' id='word_1_137' title='bbox 1647 886 1718 941; x_wconf 88' lang='lat' dir='ltr'><strong>alius</strong></span> <span class='ocrx_word' id='word_1_138' title='bbox 1732 886 1762 940; x_wconf 94' lang='lat' dir='ltr'><strong>in</strong></span> <span class='ocrx_word' id='word_1_139' title='bbox 1780 883 1902 956; x_wconf 78' lang='lat' dir='ltr'><strong>requiem</strong></span> 
     </span>
     <span class='ocr_line' id='line_1_10' title="bbox 204 969 1901 1044; baseline -0.002 -14"><span class='ocrx_word' id='word_1_140' title='bbox 204 977 287 1031; x_wconf 89' lang='lat' dir='ltr'><strong>nione</strong></span> <span class='ocrx_word' id='word_1_141' title='bbox 303 977 390 1032; x_wconf 88' lang='lat' dir='ltr'><strong>allata</strong></span> <span class='ocrx_word' id='word_1_142' title='bbox 407 978 442 1031; x_wconf 79' lang='lat' dir='ltr'><strong>sle</strong></span> <span class='ocrx_word' id='word_1_143' title='bbox 460 978 540 1043; x_wconf 81' lang='lat' dir='ltr'><strong>sipno</strong></span> <span class='ocrx_word' id='word_1_144' title='bbox 559 976 652 1029; x_wconf 75' lang='lat' dir='ltr'><strong>mucis</strong></span> <span class='ocrx_word' id='word_1_145' title='bbox 676 975 779 1030; x_wconf 86' lang='lat' dir='ltr'><strong>rectius</strong></span> <span class='ocrx_word' id='word_1_146' title='bbox 804 973 894 1044; x_wconf 89' lang='lat' dir='ltr'><strong>accipi</strong></span> <span class='ocrx_word' id='word_1_147' title='bbox 917 973 1042 1043; x_wconf 89' lang='lat' dir='ltr'><strong>disputat</strong></span> <span class='ocrx_word' id='word_1_148' title='bbox 1068 973 1209 1023; x_wconf 86' lang='lat' dir='ltr'><strong>aeternam</strong></span> <span class='ocrx_word' id='word_1_149' title='bbox 1229 969 1371 1042; x_wconf 83' lang='lat' dir='ltr'><strong>ingressus</strong></span> <span class='ocrx_word' id='word_1_150' title='bbox 1384 970 1579 1026; x_wconf 82' lang='lat' dir='ltr'><strong>obedientibus</strong></span> <span class='ocrx_word' id='word_1_151' title='bbox 1597 971 1777 1043; x_wconf 89' lang='lat' dir='ltr'><strong>promittitur,</strong></span> <span class='ocrx_word' id='word_1_152' title='bbox 1800 987 1901 1042; x_wconf 86' lang='lat' dir='ltr'><strong>exque</strong></span> 
     </span>
     <span class='ocr_line' id='line_1_11' title="bbox 204 1054 1901 1129; baseline -0.002 -13"><span class='ocrx_word' id='word_1_153' title='bbox 204 1078 237 1116; x_wconf 92' lang='lat' dir='ltr'><strong>ac</strong></span> <span class='ocrx_word' id='word_1_154' title='bbox 255 1063 368 1117; x_wconf 90' lang='lat' dir='ltr'><strong>tandem</strong></span> <span class='ocrx_word' id='word_1_155' title='bbox 395 1062 548 1118; x_wconf 88' lang='lat' dir='ltr'><strong>concludit:</strong></span> <span class='ocrx_word' id='word_1_156' title='bbox 577 1063 687 1118; x_wconf 81' lang='lat' dir='ltr'><strong>Certiae</strong></span> <span class='ocrx_word' id='word_1_157' title='bbox 714 1071 762 1129; x_wconf 82' lang='lat' dir='ltr'><strong>est,</strong></span> <span class='ocrx_word' id='word_1_158' title='bbox 786 1077 894 1114; x_wconf 84' lang='lat' dir='ltr'><strong>crucem</strong></span> <span class='ocrx_word' id='word_1_159' title='bbox 918 1076 951 1112; x_wconf 82' lang='lat' dir='ltr'><strong>ea</strong></span> <span class='ocrx_word' id='word_1_160' title='bbox 976 1064 1040 1111; x_wconf 72' lang='lat' dir='ltr'><strong>aere</strong></span> <span class='ocrx_word' id='word_1_161' title='bbox 1067 1054 1186 1124; x_wconf 91' lang='lat' dir='ltr'><strong>epistola</strong></span> <span class='ocrx_word' id='word_1_162' title='bbox 1208 1055 1244 1109; x_wconf 89' lang='lat' dir='ltr'><strong>ad</strong></span> <span class='ocrx_word' id='word_1_163' title='bbox 1265 1054 1411 1111; x_wconf 88' lang='lat' dir='ltr'><strong>Hebraeos</strong></span> <span class='ocrx_word' id='word_1_164' title='bbox 1433 1073 1494 1127; x_wconf 91' lang='lat' dir='ltr'><strong>cap.</strong></span> <span class='ocrx_word' id='word_1_165' title='bbox 1518 1064 1542 1125; x_wconf 83' lang='grc'><strong>4,</strong></span> <span class='ocrx_word' id='word_1_166' title='bbox 1560 1076 1586 1111; x_wconf 82' lang='lat' dir='ltr'><strong>r.</strong></span> <span class='ocrx_word' id='word_1_167' title='bbox 1611 1062 1636 1116; x_wconf 83' lang='lat'><strong>9.</strong></span> <span class='ocrx_word' id='word_1_168' title='bbox 1655 1057 1764 1112; x_wconf 87' lang='lat' dir='ltr'><strong>erudite</strong></span> <span class='ocrx_word' id='word_1_169' title='bbox 1787 1057 1901 1129; x_wconf 77' lang='lat' dir='ltr'><strong>colligit</strong></span> 
     </span>
     <span class='ocr_line' id='line_1_12' title="bbox 205 1141 1901 1217; baseline -0.001 -16"><span class='ocrx_word' id='word_1_170' title='bbox 205 1148 247 1202; x_wconf 83' lang='lat' dir='ltr'><strong>sel</strong></span> <span class='ocrx_word' id='word_1_171' title='bbox 261 1149 330 1202; x_wconf 74' lang='lat' dir='ltr'><strong>trabe</strong></span> <span class='ocrx_word' id='word_1_172' title='bbox 346 1148 581 1217; x_wconf 83' lang='lat' dir='ltr'><strong>splendidissima</strong></span> <span class='ocrx_word' id='word_1_173' title='bbox 600 1149 728 1216; x_wconf 82' lang='lat' dir='ltr'><strong>effectam</strong></span> <span class='ocrx_word' id='word_1_174' title='bbox 748 1147 779 1200; x_wconf 88' lang='lat' dir='ltr'><strong>in</strong></span> <span class='ocrx_word' id='word_1_175' title='bbox 797 1147 874 1200; x_wconf 85' lang='lat' dir='ltr'><strong>coeio</strong></span> <span class='ocrx_word' id='word_1_176' title='bbox 891 1145 1039 1214; x_wconf 82' lang='lat' dir='ltr'><strong>apparitu·</strong></span> <span class='ocrx_word' id='word_1_177' title='bbox 1066 1141 1267 1195; x_wconf 81' lang='lat' dir='ltr'><strong>sabbatismum</strong></span> <span class='ocrx_word' id='word_1_178' title='bbox 1288 1146 1427 1212; x_wconf 73' lang='lat' dir='ltr'><strong>quondm</strong></span> <span class='ocrx_word' id='word_1_179' title='bbox 1450 1145 1558 1214; x_wconf 83' lang='lat' dir='ltr'><strong>populo</strong></span> <span class='ocrx_word' id='word_1_180' title='bbox 1577 1148 1637 1200; x_wconf 83' lang='lat' dir='ltr'><strong>Dei</strong></span> <span class='ocrx_word' id='word_1_181' title='bbox 1656 1146 1751 1200; x_wconf 69' lang='lat' dir='ltr'><strong>aelius</strong></span> <span class='ocrx_word' id='word_1_182' title='bbox 1775 1161 1836 1201; x_wconf 88' lang='lat' dir='ltr'><strong>esse</strong></span> <span class='ocrx_word' id='word_1_183' title='bbox 1862 1162 1901 1199; x_wconf 81' lang='lat' dir='ltr'><strong>re·</strong></span> 
     </span>
     <span class='ocr_line' id='line_1_13' title="bbox 204 1226 1902 1303; baseline 0.001 -18"><span class='ocrx_word' id='word_1_184' title='bbox 204 1250 268 1286; x_wconf 88' lang='lat' dir='ltr'><strong>ram</strong></span> <span class='ocrx_word' id='word_1_185' title='bbox 285 1251 375 1303; x_wconf 84' lang='lat' dir='ltr'><strong>supro</strong></span> <span class='ocrx_word' id='word_1_186' title='bbox 393 1234 603 1303; x_wconf 83' lang='lat' dir='ltr'><strong>Iocamjadieii</strong></span> <span class='ocrx_word' id='word_1_187' title='bbox 613 1233 817 1300; x_wconf 80' lang='lat' dir='ltr'><strong>mepnitaelinis</strong></span> <span class='ocrx_word' id='word_1_188' title='bbox 833 1238 938 1296; x_wconf 83' lang='lat' dir='ltr'><strong>tantae,</strong></span> <span class='ocrx_word' id='word_1_189' title='bbox 954 1239 985 1283; x_wconf 85' lang='lat' dir='ltr'><strong>nt</strong></span> <span class='ocrx_word' id='word_1_190' title='bbox 1005 1230 1041 1283; x_wconf 85' lang='lat' dir='ltr'><strong>ab</strong></span> <span class='ocrx_word' id='word_1_191' title='bbox 1068 1226 1183 1297; x_wconf 74' lang='lat' dir='ltr'><strong>liquem,</strong></span> <span class='ocrx_word' id='word_1_192' title='bbox 1202 1231 1283 1300; x_wconf 84' lang='lat' dir='ltr'><strong>cujus</strong></span> <span class='ocrx_word' id='word_1_193' title='bbox 1296 1230 1413 1300; x_wconf 89' lang='lat' dir='ltr'><strong>proinde</strong></span> <span class='ocrx_word' id='word_1_194' title='bbox 1430 1238 1558 1302; x_wconf 89' lang='lat' dir='ltr'><strong>typusac</strong></span> <span class='ocrx_word' id='word_1_195' title='bbox 1575 1231 1750 1301; x_wconf 88' lang='lat' dir='ltr'><strong>praeludium</strong></span> <span class='ocrx_word' id='word_1_196' title='bbox 1767 1231 1902 1287; x_wconf 75' lang='lat' dir='ltr'><strong>duntaxat</strong></span> 
     </span>
     <span class='ocr_line' id='line_1_14' title="bbox 204 1314 1902 1389; baseline -0.001 -16"><span class='ocrx_word' id='word_1_197' title='bbox 204 1319 330 1373; x_wconf 83' lang='lat' dir='ltr'><strong>omnibus</strong></span> <span class='ocrx_word' id='word_1_198' title='bbox 348 1319 438 1388; x_wconf 82' lang='lat' dir='ltr'><strong>possit</strong></span> <span class='ocrx_word' id='word_1_199' title='bbox 455 1320 541 1373; x_wconf 83' lang='lat' dir='ltr'><strong>esrai.</strong></span> <span class='ocrx_word' id='word_1_200' title='bbox 576 1323 602 1386; x_wconf 83' lang='lat'><strong>8)</strong></span> <span class='ocrx_word' id='word_1_201' title='bbox 618 1319 749 1389; x_wconf 90' lang='lat' dir='ltr'><strong>Denique</strong></span> <span class='ocrx_word' id='word_1_202' title='bbox 769 1319 869 1372; x_wconf 85' lang='lat' dir='ltr'><strong>mundi</strong></span> <span class='ocrx_word' id='word_1_203' title='bbox 882 1318 1040 1387; x_wconf 81' lang='lat' dir='ltr'><strong>conflapra-</strong></span> <span class='ocrx_word' id='word_1_204' title='bbox 1067 1314 1095 1368; x_wconf 92' lang='lat' dir='ltr'><strong>in</strong></span> <span class='ocrx_word' id='word_1_205' title='bbox 1134 1315 1339 1371; x_wconf 76' lang='lat' dir='ltr'><strong>introductione</strong></span> <span class='ocrx_word' id='word_1_206' title='bbox 1377 1317 1406 1370; x_wconf 92' lang='lat' dir='ltr'><strong>in</strong></span> <span class='ocrx_word' id='word_1_207' title='bbox 1441 1323 1543 1372; x_wconf 86' lang='lat' dir='ltr'><strong>terrem</strong></span> <span class='ocrx_word' id='word_1_208' title='bbox 1569 1317 1684 1374; x_wconf 83' lang='lat' dir='ltr'><strong>Canasn</strong></span> <span class='ocrx_word' id='word_1_209' title='bbox 1714 1318 1902 1389; x_wconf 84' lang='lat' dir='ltr'><strong>praecesserit.</strong></span> 
     </span>
     <span class='ocr_line' id='line_1_15' title="bbox 207 1399 1902 1476; baseline 0.001 -18"><span class='ocrx_word' id='word_1_210' title='bbox 207 1406 310 1460; x_wconf 86' lang='lat' dir='ltr'><strong>tionem</strong></span> <span class='ocrx_word' id='word_1_211' title='bbox 330 1405 521 1460; x_wconf 90' lang='lat' dir='ltr'><strong>immediatum</strong></span> <span class='ocrx_word' id='word_1_212' title='bbox 541 1412 570 1461; x_wconf 90' lang='lat' dir='ltr'><strong>et</strong></span> <span class='ocrx_word' id='word_1_213' title='bbox 587 1405 706 1476; x_wconf 83' lang='lat' dir='ltr'><strong>proximi</strong></span> <span class='ocrx_word' id='word_1_214' title='bbox 724 1404 824 1474; x_wconf 90' lang='lat' dir='ltr'><strong>judicii</strong></span> <span class='ocrx_word' id='word_1_215' title='bbox 847 1404 958 1474; x_wconf 82' lang='lat' dir='ltr'><strong>signum</strong></span> <span class='ocrx_word' id='word_1_216' title='bbox 983 1402 1041 1458; x_wconf 84' lang='lat' dir='ltr'><strong>fore</strong></span> <span class='ocrx_word' id='word_1_217' title='bbox 1066 1399 1184 1454; x_wconf 79' lang='lat' dir='ltr'><strong>Factum</strong></span> <span class='ocrx_word' id='word_1_218' title='bbox 1203 1401 1277 1465; x_wconf 91' lang='lat' dir='ltr'><strong>inde,</strong></span> <span class='ocrx_word' id='word_1_219' title='bbox 1298 1410 1330 1457; x_wconf 93' lang='lat' dir='ltr'><strong>ut</strong></span> <span class='ocrx_word' id='word_1_220' title='bbox 1346 1408 1494 1474; x_wconf 88' lang='lat' dir='ltr'><strong>postquam</strong></span> <span class='ocrx_word' id='word_1_221' title='bbox 1513 1404 1629 1460; x_wconf 86' lang='lat' dir='ltr'><strong>Messias</strong></span> <span class='ocrx_word' id='word_1_222' title='bbox 1645 1407 1728 1476; x_wconf 83' lang='lat' dir='ltr'><strong>juxta</strong></span> <span class='ocrx_word' id='word_1_223' title='bbox 1745 1405 1902 1476; x_wconf 84' lang='lat' dir='ltr'><strong>promissio·</strong></span> 
     </span>
     <span class='ocr_line' id='line_1_16' title="bbox 207 1485 1901 1562; baseline 0 -17"><span class='ocrx_word' id='word_1_224' title='bbox 207 1496 345 1558; x_wconf 89' lang='lat' dir='ltr'><strong>statuunt,</strong></span> <span class='ocrx_word' id='word_1_225' title='bbox 365 1508 421 1562; x_wconf 88' lang='lat' dir='ltr'><strong>qua</strong></span> <span class='ocrx_word' id='word_1_226' title='bbox 433 1491 587 1561; x_wconf 90' lang='lat' dir='ltr'><strong>dereqnid</strong></span> <span class='ocrx_word' id='word_1_227' title='bbox 604 1490 781 1546; x_wconf 87' lang='lat' dir='ltr'><strong>statuendum</strong></span> <span class='ocrx_word' id='word_1_228' title='bbox 800 1490 844 1557; x_wconf 87' lang='lat' dir='ltr'><strong>sit,</strong></span> <span class='ocrx_word' id='word_1_229' title='bbox 862 1489 892 1543; x_wconf 92' lang='lat' dir='ltr'><strong>in</strong></span> <span class='ocrx_word' id='word_1_230' title='bbox 903 1488 1041 1560; x_wconf 85' lang='lat' dir='ltr'><strong>principio</strong></span> <span class='ocrx_word' id='word_1_231' title='bbox 1067 1502 1129 1540; x_wconf 89' lang='lat' dir='ltr'><strong>nem</strong></span> <span class='ocrx_word' id='word_1_232' title='bbox 1150 1485 1290 1541; x_wconf 83' lang='lat' dir='ltr'><strong>exhibitus</strong></span> <span class='ocrx_word' id='word_1_233' title='bbox 1308 1504 1326 1542; x_wconf 93' lang='lat' dir='ltr'><strong>a</strong></span> <span class='ocrx_word' id='word_1_234' title='bbox 1342 1488 1458 1544; x_wconf 85' lang='lat' dir='ltr'><strong>Judseis</strong></span> <span class='ocrx_word' id='word_1_235' title='bbox 1470 1491 1670 1559; x_wconf 81' lang='lat' dir='ltr'><strong>repudiaretur,</strong></span> <span class='ocrx_word' id='word_1_236' title='bbox 1682 1491 1760 1545; x_wconf 88' lang='lat' dir='ltr'><strong>Deus</strong></span> <span class='ocrx_word' id='word_1_237' title='bbox 1778 1507 1813 1545; x_wconf 86' lang='lat' dir='ltr'><strong>ex</strong></span> <span class='ocrx_word' id='word_1_238' title='bbox 1832 1490 1901 1546; x_wconf 88' lang='lat' dir='ltr'><strong>anti·</strong></span> 
     </span>
     <span class='ocr_line' id='line_1_17' title="bbox 205 1571 1901 1647; baseline 0.001 -16"><span class='ocrx_word' id='word_1_239' title='bbox 205 1583 343 1631; x_wconf 86' lang='lat' dir='ltr'><strong>tractatus</strong></span> <span class='ocrx_word' id='word_1_240' title='bbox 358 1576 488 1631; x_wconf 88' lang='lat' dir='ltr'><strong>demorte</strong></span> <span class='ocrx_word' id='word_1_241' title='bbox 500 1576 529 1630; x_wconf 89' lang='lat' dir='ltr'><strong>iu</strong></span> <span class='ocrx_word' id='word_1_242' title='bbox 549 1583 654 1647; x_wconf 85' lang='lat' dir='ltr'><strong>quaest.</strong></span> <span class='ocrx_word' id='word_1_243' title='bbox 674 1575 775 1631; x_wconf 88' lang='lat' dir='ltr'><strong>deord.</strong></span> <span class='ocrx_word' id='word_1_244' title='bbox 788 1575 1040 1630; x_wconf 84' lang='lat' dir='ltr'><strong>novissimdictum</strong></span> <span class='ocrx_word' id='word_1_245' title='bbox 1067 1571 1129 1642; x_wconf 90' lang='lat' dir='ltr'><strong>quis</strong></span> <span class='ocrx_word' id='word_1_246' title='bbox 1149 1572 1203 1626; x_wconf 90' lang='lat' dir='ltr'><strong>illis</strong></span> <span class='ocrx_word' id='word_1_247' title='bbox 1217 1577 1246 1627; x_wconf 88' lang='lat' dir='ltr'><strong>et</strong></span> <span class='ocrx_word' id='word_1_248' title='bbox 1263 1574 1361 1643; x_wconf 91' lang='lat' dir='ltr'><strong>patriis</strong></span> <span class='ocrx_word' id='word_1_249' title='bbox 1381 1574 1493 1629; x_wconf 88' lang='lat' dir='ltr'><strong>sedibus</strong></span> <span class='ocrx_word' id='word_1_250' title='bbox 1512 1591 1560 1631; x_wconf 90' lang='lat' dir='ltr'><strong>eos</strong></span> <span class='ocrx_word' id='word_1_251' title='bbox 1577 1575 1737 1631; x_wconf 87' lang='lat' dir='ltr'><strong>extruderet</strong></span> <span class='ocrx_word' id='word_1_252' title='bbox 1759 1581 1790 1631; x_wconf 92' lang='lat' dir='ltr'><strong>et</strong></span> <span class='ocrx_word' id='word_1_253' title='bbox 1815 1577 1901 1647; x_wconf 76' lang='lat' dir='ltr'><strong>regio·</strong></span> 
     </span>
     <span class='ocr_line' id='line_1_18' title="bbox 202 1657 1902 1734; baseline -0.001 -18"><span class='ocrx_word' id='word_1_254' title='bbox 202 1661 265 1718; x_wconf 86' lang='lat' dir='ltr'><strong>fnit.</strong></span> <span class='ocrx_word' id='word_1_255' title='bbox 286 1661 432 1717; x_wconf 86' lang='lat' dir='ltr'><strong>Coronidis</strong></span> <span class='ocrx_word' id='word_1_256' title='bbox 451 1664 511 1719; x_wconf 92' lang='lat' dir='ltr'><strong>loco</strong></span> <span class='ocrx_word' id='word_1_257' title='bbox 530 1669 648 1729; x_wconf 87' lang='lat' dir='ltr'><strong>notetur,</strong></span> <span class='ocrx_word' id='word_1_258' title='bbox 669 1662 744 1734; x_wconf 85' lang='lat' dir='ltr'><strong>quod</strong></span> <span class='ocrx_word' id='word_1_259' title='bbox 759 1661 900 1732; x_wconf 61' lang='lat' dir='ltr'><strong>,Iosephus</strong></span> <span class='ocrx_word' id='word_1_260' title='bbox 919 1678 937 1716; x_wconf 93' lang='lat' dir='ltr'><strong>a</strong></span> <span class='ocrx_word' id='word_1_261' title='bbox 957 1661 1042 1718; x_wconf 81' lang='lat' dir='ltr'><strong>Costs</strong></span> <span class='ocrx_word' id='word_1_262' title='bbox 1067 1673 1130 1712; x_wconf 82' lang='lat' dir='ltr'><strong>nem</strong></span> <span class='ocrx_word' id='word_1_263' title='bbox 1156 1657 1231 1712; x_wconf 84' lang='lat' dir='ltr'><strong>illem</strong></span> <span class='ocrx_word' id='word_1_264' title='bbox 1253 1658 1305 1712; x_wconf 82' lang='lat' dir='ltr'><strong>sub</strong></span> <span class='ocrx_word' id='word_1_265' title='bbox 1330 1659 1483 1714; x_wconf 82' lang='lat' dir='ltr'><strong>alienorum</strong></span> <span class='ocrx_word' id='word_1_266' title='bbox 1509 1667 1674 1730; x_wconf 81' lang='lat' dir='ltr'><strong>potestatem</strong></span> <span class='ocrx_word' id='word_1_267' title='bbox 1698 1661 1847 1734; x_wconf 79' lang='lat' dir='ltr'><strong>redigeret,</strong></span> <span class='ocrx_word' id='word_1_268' title='bbox 1871 1668 1902 1717; x_wconf 91' lang='grc' dir='ltr'><strong>ιι</strong></span> 
     </span>
     <span class='ocr_line' id='line_1_19' title="bbox 204 1740 1900 1820; baseline 0.001 -16"><span class='ocrx_word' id='word_1_269' title='bbox 204 1748 254 1803; x_wconf 85' lang='grc' dir='ltr'>ιιι.</span> <span class='ocrx_word' id='word_1_270' title='bbox 265 1755 289 1804; x_wconf 80' lang='grc' dir='ltr'><strong>ι.</strong></span> <span class='ocrx_word' id='word_1_271' title='bbox 308 1748 343 1804; x_wconf 88' lang='lat' dir='ltr'><strong>do</strong></span> <span class='ocrx_word' id='word_1_272' title='bbox 360 1749 501 1804; x_wconf 80' lang='lat' dir='ltr'><strong>novissim.</strong></span> <span class='ocrx_word' id='word_1_273' title='bbox 511 1765 573 1820; x_wconf 92' lang='lat' dir='ltr'><strong>cap.</strong></span> <span class='ocrx_word' id='word_1_274' title='bbox 586 1756 610 1804; x_wconf 80' lang='grc' dir='ltr'><strong>ι.</strong></span> <span class='ocrx_word' id='word_1_275' title='bbox 621 1751 678 1803; x_wconf 82' lang='lat' dir='ltr'><strong>dno</strong></span> <span class='ocrx_word' id='word_1_276' title='bbox 694 1750 839 1819; x_wconf 80' lang='lat' dir='ltr'><strong>sipnoram</strong></span> <span class='ocrx_word' id='word_1_277' title='bbox 857 1765 962 1818; x_wconf 79' lang='lat' dir='ltr'><strong>ponera</strong></span> <span class='ocrx_word' id='word_1_278' title='bbox 976 1764 1039 1802; x_wconf 91' lang='lat' dir='ltr'><strong>con·</strong></span> <span class='ocrx_word' id='word_1_279' title='bbox 1066 1740 1208 1812; x_wconf 89' lang='lat' dir='ltr'><strong>publicum</strong></span> <span class='ocrx_word' id='word_1_280' title='bbox 1218 1743 1253 1798; x_wconf 91' lang='lat' dir='ltr'><strong>de</strong></span> <span class='ocrx_word' id='word_1_281' title='bbox 1267 1742 1435 1800; x_wconf 88' lang='lat' dir='ltr'><strong>exhibitione</strong></span> <span class='ocrx_word' id='word_1_282' title='bbox 1445 1744 1563 1801; x_wconf 87' lang='lat' dir='ltr'><strong>Messiae</strong></span> <span class='ocrx_word' id='word_1_283' title='bbox 1574 1752 1695 1801; x_wconf 84' lang='lat' dir='ltr'><strong>exstaret</strong></span> <span class='ocrx_word' id='word_1_284' title='bbox 1705 1747 1900 1806; x_wconf 88' lang='lat' dir='ltr'><strong>testimonium.</strong></span> 
     </span>
     <span class='ocr_line' id='line_1_20' title="bbox 205 1829 1901 1905; baseline 0.001 -17"><span class='ocrx_word' id='word_1_285' title='bbox 205 1835 312 1891; x_wconf 89' lang='lat' dir='ltr'><strong>stituat.</strong></span> <span class='ocrx_word' id='word_1_286' title='bbox 348 1833 457 1900; x_wconf 89' lang='lat' dir='ltr'><strong>Unum,</strong></span> <span class='ocrx_word' id='word_1_287' title='bbox 481 1837 559 1903; x_wconf 77' lang='lat' dir='ltr'><strong>qaod</strong></span> <span class='ocrx_word' id='word_1_288' title='bbox 580 1835 706 1888; x_wconf 84' lang='lat' dir='ltr'><strong>omnibns</strong></span> <span class='ocrx_word' id='word_1_289' title='bbox 730 1834 887 1888; x_wconf 79' lang='lat' dir='ltr'><strong>hominihus</strong></span> <span class='ocrx_word' id='word_1_290' title='bbox 909 1835 1040 1898; x_wconf 79' lang='lat' dir='ltr'><strong>fetarum</strong></span> <span class='ocrx_word' id='word_1_291' title='bbox 1066 1829 1194 1898; x_wconf 82' lang='lat' dir='ltr'><strong>Aequum</strong></span> <span class='ocrx_word' id='word_1_292' title='bbox 1219 1829 1306 1901; x_wconf 83' lang='lat' dir='ltr'><strong>igitur</strong></span> <span class='ocrx_word' id='word_1_293' title='bbox 1331 1837 1399 1894; x_wconf 75' lang='lat' dir='ltr'><strong>crat,</strong></span> <span class='ocrx_word' id='word_1_294' title='bbox 1424 1836 1455 1885; x_wconf 91' lang='lat' dir='ltr'><strong>ut</strong></span> <span class='ocrx_word' id='word_1_295' title='bbox 1483 1830 1588 1886; x_wconf 81' lang='lat' dir='ltr'><strong>Judaei</strong></span> <span class='ocrx_word' id='word_1_296' title='bbox 1616 1833 1743 1902; x_wconf 88' lang='lat' dir='ltr'><strong>exemplo</strong></span> <span class='ocrx_word' id='word_1_297' title='bbox 1768 1835 1901 1905; x_wconf 85' lang='lat' dir='ltr'><strong>majorum</strong></span> 
     </span>
     <span class='ocr_line' id='line_1_21' title="bbox 204 1915 1901 1990; baseline -0.001 -16"><span class='ocrx_word' id='word_1_298' title='bbox 204 1922 242 1974; x_wconf 88' lang='lat' dir='ltr'><strong>sit</strong></span> <span class='ocrx_word' id='word_1_299' title='bbox 262 1921 371 1974; x_wconf 84' lang='lat' dir='ltr'><strong>obvium</strong></span> <span class='ocrx_word' id='word_1_300' title='bbox 388 1928 417 1973; x_wconf 90' lang='lat' dir='ltr'><strong>et</strong></span> <span class='ocrx_word' id='word_1_301' title='bbox 434 1922 598 1990; x_wconf 74' lang='lat' dir='ltr'><strong>expositam,</strong></span> <span class='ocrx_word' id='word_1_302' title='bbox 617 1922 695 1989; x_wconf 78' lang='lat' dir='ltr'><strong>quaet</strong></span> <span class='ocrx_word' id='word_1_303' title='bbox 711 1937 767 1972; x_wconf 84' lang='lat' dir='ltr'><strong>non</strong></span> <span class='ocrx_word' id='word_1_304' title='bbox 785 1928 841 1973; x_wconf 85' lang='lat' dir='ltr'><strong>tam</strong></span> <span class='ocrx_word' id='word_1_305' title='bbox 866 1921 976 1987; x_wconf 76' lang='lat' dir='ltr'><strong>siphum</strong></span> <span class='ocrx_word' id='word_1_306' title='bbox 999 1920 1039 1971; x_wconf 85' lang='lat' dir='ltr'><strong>in·</strong></span> <span class='ocrx_word' id='word_1_307' title='bbox 1066 1930 1179 1968; x_wconf 88' lang='lat' dir='ltr'><strong>suorum</strong></span> <span class='ocrx_word' id='word_1_308' title='bbox 1202 1915 1334 1970; x_wconf 81' lang='lat' dir='ltr'><strong>admoniti</strong></span> <span class='ocrx_word' id='word_1_309' title='bbox 1363 1915 1503 1971; x_wconf 88' lang='lat' dir='ltr'><strong>Christum</strong></span> <span class='ocrx_word' id='word_1_310' title='bbox 1525 1932 1592 1971; x_wconf 85' lang='lat' dir='ltr'><strong>vera</strong></span> <span class='ocrx_word' id='word_1_311' title='bbox 1616 1917 1671 1972; x_wconf 87' lang='lat' dir='ltr'><strong>tide</strong></span> <span class='ocrx_word' id='word_1_312' title='bbox 1697 1919 1855 1989; x_wconf 81' lang='lat' dir='ltr'><strong>reciperent</strong></span> <span class='ocrx_word' id='word_1_313' title='bbox 1874 1925 1901 1976; x_wconf 91' lang='lat' dir='ltr'><strong>et</strong></span> 
     </span>
     <span class='ocr_line' id='line_1_22' title="bbox 203 1999 1901 2075; baseline 0.002 -17"><span class='ocrx_word' id='word_1_314' title='bbox 203 2007 302 2059; x_wconf 84' lang='lat' dir='ltr'><strong>teritus</strong></span> <span class='ocrx_word' id='word_1_315' title='bbox 317 2007 354 2060; x_wconf 88' lang='lat' dir='ltr'><strong>sit</strong></span> <span class='ocrx_word' id='word_1_316' title='bbox 378 2024 463 2075; x_wconf 77' lang='lat' dir='ltr'><strong>paam</strong></span> <span class='ocrx_word' id='word_1_317' title='bbox 489 2007 601 2060; x_wconf 82' lang='lat' dir='ltr'><strong>initiam</strong></span> <span class='ocrx_word' id='word_1_318' title='bbox 627 2014 732 2059; x_wconf 80' lang='lat' dir='ltr'><strong>certam</strong></span> <span class='ocrx_word' id='word_1_319' title='bbox 757 2015 783 2058; x_wconf 87' lang='lat' dir='ltr'><strong>et</strong></span> <span class='ocrx_word' id='word_1_320' title='bbox 807 2006 941 2059; x_wconf 85' lang='lat' dir='ltr'><strong>inchoata</strong></span> <span class='ocrx_word' id='word_1_321' title='bbox 964 2021 1040 2057; x_wconf 86' lang='lat' dir='ltr'><strong>mors</strong></span> <span class='ocrx_word' id='word_1_322' title='bbox 1066 1999 1176 2069; x_wconf 83' lang='lat' dir='ltr'><strong>abjecto</strong></span> <span class='ocrx_word' id='word_1_323' title='bbox 1193 2006 1320 2057; x_wconf 82' lang='lat' dir='ltr'><strong>terrenae</strong></span> <span class='ocrx_word' id='word_1_324' title='bbox 1337 2002 1445 2072; x_wconf 87' lang='lat' dir='ltr'><strong>patriae</strong></span> <span class='ocrx_word' id='word_1_325' title='bbox 1463 2018 1556 2057; x_wconf 88' lang='lat' dir='ltr'><strong>amore</strong></span> <span class='ocrx_word' id='word_1_326' title='bbox 1573 2003 1609 2057; x_wconf 93' lang='lat' dir='ltr'><strong>ad</strong></span> <span class='ocrx_word' id='word_1_327' title='bbox 1627 2005 1776 2058; x_wconf 85' lang='lat' dir='ltr'><strong>coelestem</strong></span> <span class='ocrx_word' id='word_1_328' title='bbox 1805 2005 1901 2062; x_wconf 80' lang='lat' dir='ltr'><strong>Hiero</strong></span> 
     </span>
     <span class='ocr_line' id='line_1_23' title="bbox 203 2084 1901 2161; baseline 0.002 -17"><span class='ocrx_word' id='word_1_329' title='bbox 203 2093 310 2160; x_wconf 82' lang='lat' dir='ltr'><strong>mandi,</strong></span> <span class='ocrx_word' id='word_1_330' title='bbox 329 2109 383 2160; x_wconf 79' lang='lat' dir='ltr'><strong>quo</strong></span> <span class='ocrx_word' id='word_1_331' title='bbox 409 2093 441 2144; x_wconf 88' lang='lat' dir='ltr'><strong>ia</strong></span> <span class='ocrx_word' id='word_1_332' title='bbox 469 2109 571 2161; x_wconf 80' lang='lat' dir='ltr'><strong>ponere</strong></span> <span class='ocrx_word' id='word_1_333' title='bbox 594 2091 652 2144; x_wconf 86' lang='lat' dir='ltr'><strong>sint</strong></span> <span class='ocrx_word' id='word_1_334' title='bbox 675 2091 834 2145; x_wconf 86' lang='lat' dir='ltr'><strong>coelestium</strong></span> <span class='ocrx_word' id='word_1_335' title='bbox 857 2090 1040 2143; x_wconf 80' lang='lat' dir='ltr'><strong>luminariam</strong></span> <span class='ocrx_word' id='word_1_336' title='bbox 1066 2084 1202 2155; x_wconf 84' lang='lat' dir='ltr'><strong>solymam</strong></span> <span class='ocrx_word' id='word_1_337' title='bbox 1226 2086 1403 2141; x_wconf 89' lang='lat' dir='ltr'><strong>credentibus</strong></span> <span class='ocrx_word' id='word_1_338' title='bbox 1429 2087 1458 2142; x_wconf 89' lang='lat' dir='ltr'><strong>iu</strong></span> <span class='ocrx_word' id='word_1_339' title='bbox 1488 2087 1629 2143; x_wconf 86' lang='lat' dir='ltr'><strong>Christum</strong></span> <span class='ocrx_word' id='word_1_340' title='bbox 1657 2090 1821 2160; x_wconf 84' lang='lat' dir='ltr'><strong>premissam</strong></span> <span class='ocrx_word' id='word_1_341' title='bbox 1844 2096 1901 2147; x_wconf 85' lang='lat' dir='ltr'><strong>toto</strong></span> 
     </span>
     <span class='ocr_line' id='line_1_24' title="bbox 205 2171 1901 2247; baseline 0.001 -15"><span class='ocrx_word' id='word_1_342' title='bbox 205 2178 259 2233; x_wconf 75' lang='lat' dir='ltr'><strong>tila</strong></span> <span class='ocrx_word' id='word_1_343' title='bbox 276 2178 440 2231; x_wconf 83' lang='lat' dir='ltr'><strong>tristissima</strong></span> <span class='ocrx_word' id='word_1_344' title='bbox 459 2177 606 2238; x_wconf 76' lang='lat' dir='ltr'><strong>obvolutio,</strong></span> <span class='ocrx_word' id='word_1_345' title='bbox 626 2176 713 2229; x_wconf 78' lang='lat' dir='ltr'><strong>maris</strong></span> <span class='ocrx_word' id='word_1_346' title='bbox 728 2176 831 2245; x_wconf 77' lang='lat' dir='ltr'><strong>fluctus</strong></span> <span class='ocrx_word' id='word_1_347' title='bbox 848 2176 1043 2245; x_wconf 71' lang='lat' dir='ltr'><strong>efferatissimi</strong></span> <span class='ocrx_word' id='word_1_348' title='bbox 1066 2171 1150 2226; x_wconf 91' lang='lat' dir='ltr'><strong>corde</strong></span> <span class='ocrx_word' id='word_1_349' title='bbox 1168 2171 1356 2244; x_wconf 79' lang='lat' dir='ltr'><strong>adspirarent3</strong></span> <span class='ocrx_word' id='word_1_350' title='bbox 1378 2176 1427 2229; x_wconf 88' lang='lat' dir='ltr'><strong>scd</strong></span> <span class='ocrx_word' id='word_1_351' title='bbox 1451 2175 1505 2246; x_wconf 91' lang='lat' dir='ltr'><strong>ipsi</strong></span> <span class='ocrx_word' id='word_1_352' title='bbox 1531 2176 1741 2246; x_wconf 86' lang='lat' dir='ltr'><strong>praeconceptis</strong></span> <span class='ocrx_word' id='word_1_353' title='bbox 1766 2177 1901 2247; x_wconf 88' lang='lat' dir='ltr'><strong>opinioni·</strong></span> 
     </span>
     <span class='ocr_line' id='line_1_25' title="bbox 203 2255 1902 2333; baseline -0.001 -16"><span class='ocrx_word' id='word_1_354' title='bbox 203 2271 410 2330; x_wconf 81' lang='lat' dir='ltr'><strong>ceterorumque</strong></span> <span class='ocrx_word' id='word_1_355' title='bbox 439 2263 629 2317; x_wconf 77' lang='lat' dir='ltr'><strong>intolerabilis</strong></span> <span class='ocrx_word' id='word_1_356' title='bbox 653 2263 747 2328; x_wconf 82' lang='lat' dir='ltr'><strong>saror</strong></span> <span class='ocrx_word' id='word_1_357' title='bbox 782 2263 812 2314; x_wconf 87' lang='lat' dir='ltr'><strong>in</strong></span> <span class='ocrx_word' id='word_1_358' title='bbox 835 2278 921 2329; x_wconf 83' lang='lat' dir='ltr'><strong>penos</strong></span> <span class='ocrx_word' id='word_1_359' title='bbox 943 2263 1040 2316; x_wconf 85' lang='lat' dir='ltr'><strong>hnma-</strong></span> <span class='ocrx_word' id='word_1_360' title='bbox 1067 2255 1120 2310; x_wconf 78' lang='lat' dir='ltr'><strong>bue</strong></span> <span class='ocrx_word' id='word_1_361' title='bbox 1136 2256 1171 2313; x_wconf 88' lang='lat' dir='ltr'><strong>de</strong></span> <span class='ocrx_word' id='word_1_362' title='bbox 1189 2263 1298 2313; x_wconf 82' lang='lat' dir='ltr'><strong>terreno</strong></span> <span class='ocrx_word' id='word_1_363' title='bbox 1316 2259 1436 2330; x_wconf 90' lang='lat' dir='ltr'><strong>quodem</strong></span> <span class='ocrx_word' id='word_1_364' title='bbox 1457 2266 1486 2315; x_wconf 89' lang='grc' dir='ltr'><strong>ιι</strong></span> <span class='ocrx_word' id='word_1_365' title='bbox 1502 2260 1607 2314; x_wconf 85' lang='lat' dir='ltr'><strong>carneli</strong></span> <span class='ocrx_word' id='word_1_366' title='bbox 1625 2277 1712 2332; x_wconf 78' lang='lat' dir='ltr'><strong>regno</strong></span> <span class='ocrx_word' id='word_1_367' title='bbox 1736 2278 1786 2333; x_wconf 90' lang='lat' dir='ltr'><strong>per</strong></span> <span class='ocrx_word' id='word_1_368' title='bbox 1805 2262 1902 2319; x_wconf 84' lang='lat' dir='ltr'><strong>Massi-</strong></span> 
     </span>
     <span class='ocr_line' id='line_1_26' title="bbox 203 2343 1902 2420; baseline 0.001 -18"><span class='ocrx_word' id='word_1_369' title='bbox 203 2366 270 2402; x_wconf 87' lang='lat' dir='ltr'><strong>nam</strong></span> <span class='ocrx_word' id='word_1_370' title='bbox 299 2355 383 2415; x_wconf 78' lang='lat' dir='ltr'><strong>etque</strong></span> <span class='ocrx_word' id='word_1_371' title='bbox 412 2348 534 2401; x_wconf 84' lang='lat' dir='ltr'><strong>omnium</strong></span> <span class='ocrx_word' id='word_1_372' title='bbox 563 2347 683 2401; x_wconf 70' lang='lat' dir='ltr'><strong>mommo</strong></span> <span class='ocrx_word' id='word_1_373' title='bbox 710 2347 784 2417; x_wconf 76' lang='lat' dir='ltr'><strong>iynis</strong></span> <span class='ocrx_word' id='word_1_374' title='bbox 812 2347 893 2401; x_wconf 84' lang='lat' dir='ltr'><strong>itlius</strong></span> <span class='ocrx_word' id='word_1_375' title='bbox 916 2348 1040 2416; x_wconf 78' lang='lat' dir='ltr'><strong>undique</strong></span> <span class='ocrx_word' id='word_1_376' title='bbox 1067 2358 1112 2396; x_wconf 83' lang='lat' dir='ltr'><strong>am</strong></span> <span class='ocrx_word' id='word_1_377' title='bbox 1140 2343 1170 2397; x_wconf 93' lang='lat' dir='ltr'><strong>in</strong></span> <span class='ocrx_word' id='word_1_378' title='bbox 1198 2343 1240 2398; x_wconf 94' lang='lat' dir='ltr'><strong>his</strong></span> <span class='ocrx_word' id='word_1_379' title='bbox 1269 2345 1350 2400; x_wconf 88' lang='lat' dir='ltr'><strong>terris</strong></span> <span class='ocrx_word' id='word_1_380' title='bbox 1379 2346 1533 2401; x_wconf 90' lang='lat' dir='ltr'><strong>inchoando</strong></span> <span class='ocrx_word' id='word_1_381' title='bbox 1558 2346 1688 2402; x_wconf 86' lang='lat' dir='ltr'><strong>fascinati</strong></span> <span class='ocrx_word' id='word_1_382' title='bbox 1705 2356 1826 2419; x_wconf 87' lang='lat' dir='ltr'><strong>sperant,</strong></span> <span class='ocrx_word' id='word_1_383' title='bbox 1853 2366 1902 2420; x_wconf 90' lang='lat' dir='ltr'><strong>per</strong></span> 
     </span>
     <span class='ocr_line' id='line_1_27' title="bbox 204 2428 1901 2505; baseline 0.002 -19"><span class='ocrx_word' id='word_1_384' title='bbox 204 2433 363 2503; x_wconf 81' lang='lat' dir='ltr'><strong>pressantis</strong></span> <span class='ocrx_word' id='word_1_385' title='bbox 383 2432 553 2498; x_wconf 84' lang='lat' dir='ltr'><strong>immanitas,</strong></span> <span class='ocrx_word' id='word_1_386' title='bbox 570 2448 642 2502; x_wconf 79' lang='lat' dir='ltr'><strong>quae</strong></span> <span class='ocrx_word' id='word_1_387' title='bbox 659 2449 721 2485; x_wconf 85' lang='lat' dir='ltr'><strong>eum</strong></span> <span class='ocrx_word' id='word_1_388' title='bbox 738 2432 874 2487; x_wconf 86' lang='lat' dir='ltr'><strong>mortales</strong></span> <span class='ocrx_word' id='word_1_389' title='bbox 894 2433 1038 2487; x_wconf 81' lang='lat' dir='ltr'><strong>intereban·</strong></span> <span class='ocrx_word' id='word_1_390' title='bbox 1066 2428 1157 2498; x_wconf 83' lang='lat' dir='ltr'><strong>ipsum</strong></span> <span class='ocrx_word' id='word_1_391' title='bbox 1175 2448 1209 2486; x_wconf 85' lang='lat' dir='ltr'><strong>ex</strong></span> <span class='ocrx_word' id='word_1_392' title='bbox 1226 2447 1285 2498; x_wconf 87' lang='lat' dir='ltr'><strong>suo,</strong></span> <span class='ocrx_word' id='word_1_393' title='bbox 1305 2431 1334 2484; x_wconf 93' lang='lat' dir='ltr'><strong>in</strong></span> <span class='ocrx_word' id='word_1_394' title='bbox 1356 2448 1412 2501; x_wconf 90' lang='lat' dir='ltr'><strong>quo</strong></span> <span class='ocrx_word' id='word_1_395' title='bbox 1432 2431 1506 2487; x_wconf 90' lang='lat' dir='ltr'><strong>ultra</strong></span> <span class='ocrx_word' id='word_1_396' title='bbox 1524 2431 1599 2488; x_wconf 90' lang='lat' dir='ltr'><strong>mille</strong></span> <span class='ocrx_word' id='word_1_397' title='bbox 1617 2439 1645 2488; x_wconf 90' lang='lat' dir='ltr'><strong>ct</strong></span> <span class='ocrx_word' id='word_1_398' title='bbox 1669 2433 1838 2505; x_wconf 79' lang='lat' dir='ltr'><strong>quingentos</strong></span> <span class='ocrx_word' id='word_1_399' title='bbox 1855 2450 1901 2490; x_wconf 85' lang='lat' dir='ltr'><strong>au-</strong></span> 
     </span>
     <span class='ocr_line' id='line_1_28' title="bbox 208 2514 1902 2585; baseline 0.001 -13"><span class='ocrx_word' id='word_1_400' title='bbox 208 2524 263 2585; x_wconf 83' lang='lat' dir='ltr'><strong>tur,</strong></span> <span class='ocrx_word' id='word_1_401' title='bbox 283 2518 368 2571; x_wconf 88' lang='lat' dir='ltr'><strong>etiam</strong></span> <span class='ocrx_word' id='word_1_402' title='bbox 382 2518 543 2572; x_wconf 78' lang='lat' dir='ltr'><strong>tardissimi</strong></span> <span class='ocrx_word' id='word_1_403' title='bbox 558 2526 584 2572; x_wconf 88' lang='lat' dir='ltr'><strong>et</strong></span> <span class='ocrx_word' id='word_1_404' title='bbox 604 2517 819 2572; x_wconf 65' lang='lat' dir='ltr'><strong>scelestissimi</strong></span> <span class='ocrx_word' id='word_1_405' title='bbox 841 2518 916 2571; x_wconf 82' lang='lat' dir='ltr'><strong>diem</strong></span> <span class='ocrx_word' id='word_1_406' title='bbox 931 2518 994 2572; x_wconf 85' lang='lat' dir='ltr'><strong>irae</strong></span> <span class='ocrx_word' id='word_1_407' title='bbox 1014 2528 1041 2572; x_wconf 88' lang='lat' dir='ltr'><strong>et</strong></span> <span class='ocrx_word' id='word_1_408' title='bbox 1066 2529 1116 2567; x_wconf 93' lang='lat' dir='ltr'><strong>nos</strong></span> <span class='ocrx_word' id='word_1_409' title='bbox 1126 2514 1290 2570; x_wconf 90' lang='lat' dir='ltr'><strong>oberrarunt</strong></span> <span class='ocrx_word' id='word_1_410' title='bbox 1304 2515 1411 2580; x_wconf 84' lang='lat' dir='ltr'><strong>exsilio,</strong></span> <span class='ocrx_word' id='word_1_411' title='bbox 1427 2517 1457 2570; x_wconf 93' lang='lat' dir='ltr'><strong>in</strong></span> <span class='ocrx_word' id='word_1_412' title='bbox 1472 2522 1572 2572; x_wconf 88' lang='lat' dir='ltr'><strong>terram</strong></span> <span class='ocrx_word' id='word_1_413' title='bbox 1584 2517 1697 2572; x_wconf 87' lang='lat' dir='ltr'><strong>Canuan</strong></span> <span class='ocrx_word' id='word_1_414' title='bbox 1712 2534 1773 2574; x_wconf 89' lang='lat' dir='ltr'><strong>sese</strong></span> <span class='ocrx_word' id='word_1_415' title='bbox 1786 2535 1847 2574; x_wconf 91' lang='lat' dir='ltr'><strong>esse</strong></span> <span class='ocrx_word' id='word_1_416' title='bbox 1862 2535 1902 2574; x_wconf 89' lang='lat' dir='ltr'><strong>re-</strong></span> 
     </span>
     <span class='ocr_line' id='line_1_29' title="bbox 207 2600 1902 2675; baseline 0.003 -19"><span class='ocrx_word' id='word_1_417' title='bbox 207 2603 321 2667; x_wconf 73' lang='lat' dir='ltr'><strong>fereris</strong></span> <span class='ocrx_word' id='word_1_418' title='bbox 340 2606 440 2658; x_wconf 77' lang='lat' dir='ltr'><strong>admse</strong></span> <span class='ocrx_word' id='word_1_419' title='bbox 458 2604 592 2673; x_wconf 79' lang='lat' dir='ltr'><strong>ipnorore</strong></span> <span class='ocrx_word' id='word_1_420' title='bbox 612 2604 691 2658; x_wconf 84' lang='lat' dir='ltr'><strong>nullo</strong></span> <span class='ocrx_word' id='word_1_421' title='bbox 706 2611 793 2674; x_wconf 86' lang='lat' dir='ltr'><strong>pacto</strong></span> <span class='ocrx_word' id='word_1_422' title='bbox 801 2610 955 2673; x_wconf 84' lang='lat' dir='ltr'><strong>poterant;</strong></span> <span class='ocrx_word' id='word_1_423' title='bbox 973 2605 1039 2659; x_wconf 89' lang='lat' dir='ltr'><strong>alte·</strong></span> <span class='ocrx_word' id='word_1_424' title='bbox 1065 2600 1216 2658; x_wconf 89' lang='lat' dir='ltr'><strong>ducendos.</strong></span> <span class='ocrx_word' id='word_1_425' title='bbox 1253 2600 1402 2657; x_wconf 73' lang='lat' dir='ltr'><strong>iudaicam</strong></span> <span class='ocrx_word' id='word_1_426' title='bbox 1421 2602 1497 2657; x_wconf 92' lang='lat' dir='ltr'><strong>illam</strong></span> <span class='ocrx_word' id='word_1_427' title='bbox 1522 2603 1680 2672; x_wconf 88' lang='lat' dir='ltr'><strong>opinionem</strong></span> <span class='ocrx_word' id='word_1_428' title='bbox 1702 2620 1736 2658; x_wconf 87' lang='lat' dir='ltr'><strong>ex</strong></span> <span class='ocrx_word' id='word_1_429' title='bbox 1760 2610 1841 2675; x_wconf 91' lang='lat' dir='ltr'><strong>parte</strong></span> <span class='ocrx_word' id='word_1_430' title='bbox 1862 2604 1902 2661; x_wconf 80' lang='lat' dir='ltr'><strong>io·</strong></span> 
     </span>
     <span class='ocr_line' id='line_1_30' title="bbox 204 2686 1903 2760; baseline 0.002 -17"><span class='ocrx_word' id='word_1_431' title='bbox 204 2705 266 2744; x_wconf 88' lang='lat' dir='ltr'><strong>rum</strong></span> <span class='ocrx_word' id='word_1_432' title='bbox 284 2704 373 2760; x_wconf 83' lang='lat' dir='ltr'><strong>genus</strong></span> <span class='ocrx_word' id='word_1_433' title='bbox 391 2705 486 2745; x_wconf 88' lang='lat' dir='ltr'><strong>eorum</strong></span> <span class='ocrx_word' id='word_1_434' title='bbox 503 2705 564 2745; x_wconf 87' lang='lat' dir='ltr'><strong>ease</strong></span> <span class='ocrx_word' id='word_1_435' title='bbox 581 2689 658 2757; x_wconf 87' lang='lat' dir='ltr'><strong>dicit,</strong></span> <span class='ocrx_word' id='word_1_436' title='bbox 679 2691 757 2760; x_wconf 77' lang='lat' dir='ltr'><strong>puori</strong></span> <span class='ocrx_word' id='word_1_437' title='bbox 772 2688 830 2744; x_wconf 84' lang='lat' dir='ltr'><strong>soli</strong></span> <span class='ocrx_word' id='word_1_438' title='bbox 850 2690 929 2743; x_wconf 81' lang='lat' dir='ltr'><strong>docti</strong></span> <span class='ocrx_word' id='word_1_439' title='bbox 945 2691 1039 2758; x_wconf 82' lang='lat' dir='ltr'><strong>prohi-</strong></span> <span class='ocrx_word' id='word_1_440' title='bbox 1066 2693 1132 2742; x_wconf 85' lang='lat' dir='ltr'><strong>vent</strong></span> <span class='ocrx_word' id='word_1_441' title='bbox 1151 2686 1299 2754; x_wconf 88' lang='lat' dir='ltr'><strong>Pontificii,</strong></span> <span class='ocrx_word' id='word_1_442' title='bbox 1317 2687 1384 2742; x_wconf 91' lang='lat' dir='ltr'><strong>dum</strong></span> <span class='ocrx_word' id='word_1_443' title='bbox 1401 2688 1605 2744; x_wconf 85' lang='lat' dir='ltr'><strong>Antichristum</strong></span> <span class='ocrx_word' id='word_1_444' title='bbox 1625 2690 1654 2744; x_wconf 92' lang='lat' dir='ltr'><strong>in</strong></span> <span class='ocrx_word' id='word_1_445' title='bbox 1674 2692 1777 2760; x_wconf 85' lang='lat' dir='ltr'><strong>templo</strong></span> <span class='ocrx_word' id='word_1_446' title='bbox 1800 2693 1903 2748; x_wconf 83' lang='lat' dir='ltr'><strong>Hiero·</strong></span> 
     </span>
     <span class='ocr_line' id='line_1_31' title="bbox 74 2773 1903 2845; baseline 0.003 -17"><span class='ocrx_word' id='word_1_447' title='bbox 74 2777 129 2823; x_wconf 78' lang='lat'><strong>¹11·</strong></span> <span class='ocrx_word' id='word_1_448' title='bbox 144 2777 189 2819; x_wconf 64' lang='grc' dir='ltr'><strong>ιιι</strong></span> <span class='ocrx_word' id='word_1_449' title='bbox 203 2791 256 2845; x_wconf 76' lang='lat' dir='ltr'><strong>qne</strong></span> <span class='ocrx_word' id='word_1_450' title='bbox 271 2777 454 2845; x_wconf 86' lang='lat' dir='ltr'><strong>perspicient,</strong></span> <span class='ocrx_word' id='word_1_451' title='bbox 474 2776 557 2844; x_wconf 80' lang='lat' dir='ltr'><strong>quale</strong></span> <span class='ocrx_word' id='word_1_452' title='bbox 578 2776 616 2829; x_wconf 89' lang='lat' dir='ltr'><strong>sit</strong></span> <span class='ocrx_word' id='word_1_453' title='bbox 631 2791 747 2845; x_wconf 77' lang='lat' dir='ltr'><strong>reprom</strong></span> <span class='ocrx_word' id='word_1_454' title='bbox 762 2774 939 2837; x_wconf 80' lang='lat' dir='ltr'><strong>Antichristi,</strong></span> <span class='ocrx_word' id='word_1_455' title='bbox 952 2790 1039 2843; x_wconf 83' lang='lat' dir='ltr'><strong>pree·</strong></span> <span class='ocrx_word' id='word_1_456' title='bbox 1065 2773 1235 2841; x_wconf 72' lang='lat' dir='ltr'><strong>solymitano</strong></span> <span class='ocrx_word' id='word_1_457' title='bbox 1254 2791 1393 2828; x_wconf 89' lang='lat' dir='ltr'><strong>sessurum</strong></span> <span class='ocrx_word' id='word_1_458' title='bbox 1414 2781 1443 2829; x_wconf 92' lang='lat' dir='ltr'><strong>et</strong></span> <span class='ocrx_word' id='word_1_459' title='bbox 1460 2774 1632 2831; x_wconf 82' lang='lat' dir='ltr'><strong>Christianos</strong></span> <span class='ocrx_word' id='word_1_460' title='bbox 1654 2775 1684 2829; x_wconf 94' lang='lat' dir='ltr'><strong>in</strong></span> <span class='ocrx_word' id='word_1_461' title='bbox 1707 2783 1783 2832; x_wconf 86' lang='lat' dir='ltr'><strong>terra</strong></span> <span class='ocrx_word' id='word_1_462' title='bbox 1806 2783 1903 2833; x_wconf 83' lang='lat' dir='ltr'><strong>sancta</strong></span> 
     </span>
     <span class='ocr_line' id='line_1_32' title="bbox 203 2859 1903 2933; baseline 0.001 -20"><span class='ocrx_word' id='word_1_463' title='bbox 203 2860 413 2930; x_wconf 84' lang='lat' dir='ltr'><strong>dicatioEir&#39;ae,</strong></span> <span class='ocrx_word' id='word_1_464' title='bbox 426 2861 612 2914; x_wconf 83' lang='lat' dir='ltr'><strong>caedesillias</strong></span> <span class='ocrx_word' id='word_1_465' title='bbox 622 2862 704 2922; x_wconf 80' lang='lat' dir='ltr'><strong>ferae</strong></span> <span class='ocrx_word' id='word_1_466' title='bbox 717 2869 765 2913; x_wconf 82' lang='lat' dir='ltr'><strong>ete.</strong></span> <span class='ocrx_word' id='word_1_467' title='bbox 785 2859 1039 2930; x_wconf 86' lang='lat' dir='ltr'><strong>Atquil.Christus</strong></span> <span class='ocrx_word' id='word_1_468' title='bbox 1065 2875 1161 2914; x_wconf 88' lang='lat' dir='ltr'><strong>secure</strong></span> <span class='ocrx_word' id='word_1_469' title='bbox 1184 2859 1357 2914; x_wconf 89' lang='lat' dir='ltr'><strong>habitaturos</strong></span> <span class='ocrx_word' id='word_1_470' title='bbox 1385 2866 1513 2930; x_wconf 86' lang='lat' dir='ltr'><strong>sperant,</strong></span> <span class='ocrx_word' id='word_1_471' title='bbox 1539 2866 1570 2915; x_wconf 92' lang='lat' dir='ltr'><strong>ut</strong></span> <span class='ocrx_word' id='word_1_472' title='bbox 1598 2866 1627 2915; x_wconf 90' lang='lat' dir='ltr'><strong>et</strong></span> <span class='ocrx_word' id='word_1_473' title='bbox 1648 2860 1850 2933; x_wconf 79' lang='lat' dir='ltr'><strong>Brightmsuus</strong></span> <span class='ocrx_word' id='word_1_474' title='bbox 1874 2861 1903 2916; x_wconf 91' lang='lat' dir='ltr'><strong>in</strong></span> 
     </span>
     <span class='ocr_line' id='line_1_33' title="bbox 201 2944 1901 3019; baseline 0.002 -17"><span class='ocrx_word' id='word_1_475' title='bbox 201 2946 329 3002; x_wconf 91' lang='lat' dir='ltr'><strong>omnihus</strong></span> <span class='ocrx_word' id='word_1_476' title='bbox 347 2953 403 3002; x_wconf 90' lang='lat' dir='ltr'><strong>tam</strong></span> <span class='ocrx_word' id='word_1_477' title='bbox 419 2947 539 3001; x_wconf 90' lang='lat' dir='ltr'><strong>indoctis</strong></span> <span class='ocrx_word' id='word_1_478' title='bbox 558 2963 640 3017; x_wconf 91' lang='lat' dir='ltr'><strong>quam</strong></span> <span class='ocrx_word' id='word_1_479' title='bbox 657 2945 754 3011; x_wconf 91' lang='lat' dir='ltr'><strong>doctis,</strong></span> <span class='ocrx_word' id='word_1_480' title='bbox 770 2955 828 3000; x_wconf 91' lang='lat' dir='ltr'><strong>tam</strong></span> <span class='ocrx_word' id='word_1_481' title='bbox 846 2946 939 3016; x_wconf 90' lang='lat' dir='ltr'><strong>impiis</strong></span> <span class='ocrx_word' id='word_1_482' title='bbox 956 2962 1039 3017; x_wconf 91' lang='lat' dir='ltr'><strong>quam</strong></span> <span class='ocrx_word' id='word_1_483' title='bbox 1065 2946 1138 3000; x_wconf 90' lang='lat' dir='ltr'><strong>notis</strong></span> <span class='ocrx_word' id='word_1_484' title='bbox 1157 2944 1367 3016; x_wconf 91' lang='lat' dir='ltr'><strong>apocalypticis.</strong></span> <span class='ocrx_word' id='word_1_485' title='bbox 1403 2945 1458 3000; x_wconf 90' lang='lat' dir='ltr'><strong>Sed</strong></span> <span class='ocrx_word' id='word_1_486' title='bbox 1475 2944 1540 3000; x_wconf 91' lang='lat' dir='ltr'><strong>huic</strong></span> <span class='ocrx_word' id='word_1_487' title='bbox 1558 2946 1665 3002; x_wconf 91' lang='lat' dir='ltr'><strong>somnio</strong></span> <span class='ocrx_word' id='word_1_488' title='bbox 1688 2948 1856 3019; x_wconf 90' lang='lat' dir='ltr'><strong>opponimus</strong></span> <span class='ocrx_word' id='word_1_489' title='bbox 1876 2951 1901 3014; x_wconf 87' lang='lat'><strong>1)</strong></span> 
     </span>
     <span class='ocr_line' id='line_1_34' title="bbox 202 3030 1903 3103; baseline 0.004 -18"><span class='ocrx_word' id='word_1_490' title='bbox 202 3032 266 3103; x_wconf 91' lang='lat' dir='ltr'><strong>piis,</strong></span> <span class='ocrx_word' id='word_1_491' title='bbox 281 3039 339 3087; x_wconf 89' lang='lat' dir='ltr'><strong>tem</strong></span> <span class='ocrx_word' id='word_1_492' title='bbox 353 3031 513 3087; x_wconf 87' lang='lat' dir='ltr'><strong>infidelibus</strong></span> <span class='ocrx_word' id='word_1_493' title='bbox 531 3049 614 3102; x_wconf 92' lang='lat' dir='ltr'><strong>quam</strong></span> <span class='ocrx_word' id='word_1_494' title='bbox 633 3030 761 3087; x_wconf 86' lang='lat' dir='ltr'><strong>fidelibus</strong></span> <span class='ocrx_word' id='word_1_495' title='bbox 787 3032 884 3087; x_wconf 86' lang='lat' dir='ltr'><strong>eadem</strong></span> <span class='ocrx_word' id='word_1_496' title='bbox 902 3031 1039 3087; x_wconf 83' lang='lat' dir='ltr'><strong>adventus</strong></span> <span class='ocrx_word' id='word_1_497' title='bbox 1065 3032 1184 3085; x_wconf 74' lang='lat' dir='ltr'><strong>orreum</strong></span> <span class='ocrx_word' id='word_1_498' title='bbox 1201 3030 1374 3100; x_wconf 82' lang='lat' dir='ltr'><strong>prophetica,</strong></span> <span class='ocrx_word' id='word_1_499' title='bbox 1392 3047 1466 3101; x_wconf 90' lang='lat' dir='ltr'><strong>quae</strong></span> <span class='ocrx_word' id='word_1_500' title='bbox 1489 3038 1634 3100; x_wconf 87' lang='lat' dir='ltr'><strong>testantur,</strong></span> <span class='ocrx_word' id='word_1_501' title='bbox 1652 3033 1777 3089; x_wconf 84' lang='lat' dir='ltr'><strong>Judseoa</strong></span> <span class='ocrx_word' id='word_1_502' title='bbox 1795 3051 1814 3089; x_wconf 85' lang='lat' dir='ltr'><strong>a</strong></span> <span class='ocrx_word' id='word_1_503' title='bbox 1831 3033 1903 3092; x_wconf 81' lang='lat' dir='ltr'><strong>facie</strong></span> 
     </span>
     <span class='ocr_line' id='line_1_35' title="bbox 203 3115 1900 3190; baseline 0.001 -19"><span class='ocrx_word' id='word_1_504' title='bbox 203 3119 246 3172; x_wconf 91' lang='lat' dir='ltr'><strong>sui</strong></span> <span class='ocrx_word' id='word_1_505' title='bbox 260 3118 342 3189; x_wconf 79' lang='lat' dir='ltr'><strong>signa</strong></span> <span class='ocrx_word' id='word_1_506' title='bbox 359 3118 512 3190; x_wconf 92' lang='lat' dir='ltr'><strong>proposuit,</strong></span> <span class='ocrx_word' id='word_1_507' title='bbox 530 3117 645 3189; x_wconf 90' lang='lat' dir='ltr'><strong>perinde</strong></span> <span class='ocrx_word' id='word_1_508' title='bbox 662 3123 694 3171; x_wconf 92' lang='lat' dir='ltr'><strong>ut</strong></span> <span class='ocrx_word' id='word_1_509' title='bbox 714 3118 856 3188; x_wconf 90' lang='lat' dir='ltr'><strong>apostolus</strong></span> <span class='ocrx_word' id='word_1_510' title='bbox 870 3117 950 3172; x_wconf 90' lang='lat' dir='ltr'><strong>Rom.</strong></span> <span class='ocrx_word' id='word_1_511' title='bbox 972 3124 994 3185; x_wconf 88' lang='lat'><strong>1,</strong></span> <span class='ocrx_word' id='word_1_512' title='bbox 1012 3136 1038 3177; x_wconf 85' lang='lat' dir='ltr'><strong>r.</strong></span> <span class='ocrx_word' id='word_1_513' title='bbox 1065 3117 1117 3171; x_wconf 91' lang='lat' dir='ltr'><strong>Dei</strong></span> <span class='ocrx_word' id='word_1_514' title='bbox 1133 3122 1247 3187; x_wconf 90' lang='lat' dir='ltr'><strong>propter</strong></span> <span class='ocrx_word' id='word_1_515' title='bbox 1262 3122 1432 3170; x_wconf 89' lang='lat' dir='ltr'><strong>contemtum</strong></span> <span class='ocrx_word' id='word_1_516' title='bbox 1450 3115 1569 3172; x_wconf 79' lang='lat' dir='ltr'><strong>Messias</strong></span> <span class='ocrx_word' id='word_1_517' title='bbox 1587 3118 1627 3172; x_wconf 89' lang='lat' dir='ltr'><strong>ita</strong></span> <span class='ocrx_word' id='word_1_518' title='bbox 1640 3117 1814 3189; x_wconf 83' lang='lat' dir='ltr'><strong>abjiciendos</strong></span> <span class='ocrx_word' id='word_1_519' title='bbox 1832 3136 1900 3186; x_wconf 70' lang='lat' dir='ltr'><strong>essa</strong></span> 
     </span>
     <span class='ocr_line' id='line_1_36' title="bbox 205 3202 1900 3273; baseline 0 -12"><span class='ocrx_word' id='word_1_520' title='bbox 205 3204 495 3273; x_wconf 65' lang='lat' dir='ltr'><strong>retemptantem</strong></span> <span class='ocrx_word' id='word_1_521' title='bbox 508 3221 542 3258; x_wconf 92' lang='lat' dir='ltr'><strong>ac</strong></span> <span class='ocrx_word' id='word_1_522' title='bbox 557 3204 731 3272; x_wconf 76' lang='lat' dir='ltr'><strong>sapientibus</strong></span> <span class='ocrx_word' id='word_1_523' title='bbox 744 3203 818 3257; x_wconf 87' lang='lat' dir='ltr'><strong>idem</strong></span> <span class='ocrx_word' id='word_1_524' title='bbox 831 3202 947 3257; x_wconf 84' lang='lat' dir='ltr'><strong>verbum</strong></span> <span class='ocrx_word' id='word_1_525' title='bbox 960 3220 1038 3272; x_wconf 89' lang='lat' dir='ltr'><strong>prae·</strong></span> <span class='ocrx_word' id='word_1_526' title='bbox 1063 3209 1095 3258; x_wconf 92' lang='lat' dir='ltr'><strong>ut</strong></span> <span class='ocrx_word' id='word_1_527' title='bbox 1112 3219 1254 3271; x_wconf 91' lang='lat' dir='ltr'><strong>nunquam</strong></span> <span class='ocrx_word' id='word_1_528' title='bbox 1277 3203 1306 3256; x_wconf 92' lang='lat' dir='ltr'><strong>in</strong></span> <span class='ocrx_word' id='word_1_529' title='bbox 1323 3202 1428 3273; x_wconf 86' lang='lat' dir='ltr'><strong>patrias</strong></span> <span class='ocrx_word' id='word_1_530' title='bbox 1449 3202 1529 3258; x_wconf 92' lang='lat' dir='ltr'><strong>sedes</strong></span> <span class='ocrx_word' id='word_1_531' title='bbox 1542 3202 1717 3268; x_wconf 87' lang='lat' dir='ltr'><strong>reducantur,</strong></span> <span class='ocrx_word' id='word_1_532' title='bbox 1736 3221 1789 3259; x_wconf 92' lang='lat' dir='ltr'><strong>nec</strong></span> <span class='ocrx_word' id='word_1_533' title='bbox 1801 3205 1900 3261; x_wconf 88' lang='lat' dir='ltr'><strong>Hiero-</strong></span> 
     </span>
     <span class='ocr_line' id='line_1_37' title="bbox 205 3282 1961 3360; baseline 0.002 -17"><span class='ocrx_word' id='word_1_534' title='bbox 205 3282 314 3344; x_wconf 82' lang='lat' dir='ltr'><strong>dicasse</strong></span> <span class='ocrx_word' id='word_1_535' title='bbox 331 3288 439 3356; x_wconf 86' lang='lat' dir='ltr'><strong>asserit,</strong></span> <span class='ocrx_word' id='word_1_536' title='bbox 463 3304 497 3343; x_wconf 93' lang='lat' dir='ltr'><strong>ac</strong></span> <span class='ocrx_word' id='word_1_537' title='bbox 514 3293 537 3345; x_wconf 80' lang='lat' dir='ltr'><strong>t.</strong></span> <span class='ocrx_word' id='word_1_538' title='bbox 562 3290 720 3360; x_wconf 85' lang='lat' dir='ltr'><strong>generalem</strong></span> <span class='ocrx_word' id='word_1_539' title='bbox 748 3287 952 3343; x_wconf 89' lang='lat' dir='ltr'><strong>conclusionem</strong></span> <span class='ocrx_word' id='word_1_540' title='bbox 974 3288 1038 3343; x_wconf 88' lang='lat' dir='ltr'><strong>sub·</strong></span> <span class='ocrx_word' id='word_1_541' title='bbox 1064 3288 1199 3358; x_wconf 86' lang='lat' dir='ltr'><strong>solymam</strong></span> <span class='ocrx_word' id='word_1_542' title='bbox 1214 3287 1395 3342; x_wconf 85' lang='lat' dir='ltr'><strong>reaedificare</strong></span> <span class='ocrx_word' id='word_1_543' title='bbox 1414 3289 1530 3358; x_wconf 89' lang='lat' dir='ltr'><strong>possint,</strong></span> <span class='ocrx_word' id='word_1_544' title='bbox 1548 3289 1621 3343; x_wconf 91' lang='lat' dir='ltr'><strong>sicut</strong></span> <span class='ocrx_word' id='word_1_545' title='bbox 1639 3290 1668 3343; x_wconf 94' lang='lat' dir='ltr'><strong>in</strong></span> <span class='ocrx_word' id='word_1_546' title='bbox 1682 3290 1849 3348; x_wconf 87' lang='lat' dir='ltr'><strong>liberatione</strong></span> <span class='ocrx_word' id='word_1_547' title='bbox 1866 3307 1901 3347; x_wconf 97' lang='grc' dir='ltr'><strong>ιι</strong></span> <span class='ocrx_word' id='word_1_548' title='bbox 1913 3312 1961 3356; x_wconf 67' lang='lat' dir='ltr'><strong>rur„</strong></span> 
     </span>
     <span class='ocr_line' id='line_1_38' title="bbox 199 3373 1901 3445; baseline 0.001 -16"><span class='ocrx_word' id='word_1_549' title='bbox 199 3375 270 3445; x_wconf 89' lang='lat' dir='ltr'><strong>jecit</strong></span> <span class='ocrx_word' id='word_1_550' title='bbox 287 3373 371 3430; x_wconf 83' lang='lat' dir='ltr'><strong>Marc.</strong></span> <span class='ocrx_word' id='word_1_551' title='bbox 393 3379 432 3441; x_wconf 88' lang='lat'><strong>13,</strong></span> <span class='ocrx_word' id='word_1_552' title='bbox 450 3390 476 3426; x_wconf 84' lang='lat' dir='ltr'><strong>v.</strong></span> <span class='ocrx_word' id='word_1_553' title='bbox 495 3378 541 3430; x_wconf 80' lang='lat' dir='ltr'><strong>et:</strong></span> <span class='ocrx_word' id='word_1_554' title='bbox 563 3373 644 3436; x_wconf 82' lang='lat' dir='ltr'><strong>Quod</strong></span> <span class='ocrx_word' id='word_1_555' title='bbox 661 3374 739 3428; x_wconf 80' lang='lat' dir='ltr'><strong>robis</strong></span> <span class='ocrx_word' id='word_1_556' title='bbox 758 3374 832 3443; x_wconf 82' lang='lat' dir='ltr'><strong>dico,</strong></span> <span class='ocrx_word' id='word_1_557' title='bbox 850 3375 975 3426; x_wconf 83' lang='lat' dir='ltr'><strong>omnihus</strong></span> <span class='ocrx_word' id='word_1_558' title='bbox 995 3376 1038 3429; x_wconf 80' lang='lat' dir='ltr'><strong>di·</strong></span> <span class='ocrx_word' id='word_1_559' title='bbox 1064 3373 1236 3443; x_wconf 89' lang='lat' dir='ltr'><strong>Babylonica</strong></span> <span class='ocrx_word' id='word_1_560' title='bbox 1254 3373 1417 3443; x_wconf 84' lang='lat' dir='ltr'><strong>captivitate</strong></span> <span class='ocrx_word' id='word_1_561' title='bbox 1434 3380 1494 3428; x_wconf 88' lang='lat' dir='ltr'><strong>erut</strong></span> <span class='ocrx_word' id='word_1_562' title='bbox 1510 3374 1623 3432; x_wconf 85' lang='lat' dir='ltr'><strong>factum.</strong></span> <span class='ocrx_word' id='word_1_563' title='bbox 1661 3374 1726 3431; x_wconf 83' lang='grc' dir='ltr'>Ειι.</span> <span class='ocrx_word' id='word_1_564' title='bbox 1747 3381 1789 3443; x_wconf 81' lang='lat' dir='ltr'><strong>et,</strong></span> <span class='ocrx_word' id='word_1_565' title='bbox 1808 3394 1835 3431; x_wconf 85' lang='lat' dir='ltr'><strong>v.</strong></span> <span class='ocrx_word' id='word_1_566' title='bbox 1855 3383 1901 3437; x_wconf 77' lang='lat' dir='ltr'><strong>tt:</strong></span> 
     </span>
     <span class='ocr_line' id='line_1_39' title="bbox 202 3459 1903 3530; baseline 0.004 -18"><span class='ocrx_word' id='word_1_567' title='bbox 202 3477 245 3528; x_wconf 88' lang='lat' dir='ltr'><strong>co,</strong></span> <span class='ocrx_word' id='word_1_568' title='bbox 262 3460 385 3528; x_wconf 81' lang='lat' dir='ltr'><strong>eipilote.</strong></span> <span class='ocrx_word' id='word_1_569' title='bbox 423 3466 448 3516; x_wconf 87' lang='lat'><strong>3.</strong></span> <span class='ocrx_word' id='word_1_570' title='bbox 469 3459 548 3514; x_wconf 85' lang='lat' dir='ltr'><strong>Finis</strong></span> <span class='ocrx_word' id='word_1_571' title='bbox 568 3459 768 3530; x_wconf 88' lang='lat' dir='ltr'><strong>praedictionis</strong></span> <span class='ocrx_word' id='word_1_572' title='bbox 785 3460 821 3514; x_wconf 89' lang='lat' dir='ltr'><strong>ad</strong></span> <span class='ocrx_word' id='word_1_573' title='bbox 840 3476 935 3515; x_wconf 91' lang='lat' dir='ltr'><strong>omnes</strong></span> <span class='ocrx_word' id='word_1_574' title='bbox 956 3460 1039 3530; x_wconf 88' lang='lat' dir='ltr'><strong>perti-</strong></span> <span class='ocrx_word' id='word_1_575' title='bbox 1067 3460 1269 3528; x_wconf 86' lang='lat' dir='ltr'><strong>Confractione</strong></span> <span class='ocrx_word' id='word_1_576' title='bbox 1284 3460 1579 3527; x_wconf 80' lang='lat' dir='ltr'><strong>confrinpeturterra,</strong></span> <span class='ocrx_word' id='word_1_577' title='bbox 1598 3462 1751 3514; x_wconf 65' lang='lat' dir='ltr'><strong>Mmoelam</strong></span> <span class='ocrx_word' id='word_1_578' title='bbox 1764 3463 1903 3518; x_wconf 81' lang='lat' dir='ltr'><strong>mateha-</strong></span> 
     </span>
     <span class='ocr_line' id='line_1_40' title="bbox 201 3545 1903 3618; baseline 0.004 -20"><span class='ocrx_word' id='word_1_579' title='bbox 201 3552 258 3610; x_wconf 88' lang='lat' dir='ltr'><strong>net,</strong></span> <span class='ocrx_word' id='word_1_580' title='bbox 277 3551 309 3599; x_wconf 91' lang='lat' dir='ltr'><strong>ut</strong></span> <span class='ocrx_word' id='word_1_581' title='bbox 327 3545 436 3600; x_wconf 87' lang='lat' dir='ltr'><strong>scilicet</strong></span> <span class='ocrx_word' id='word_1_582' title='bbox 453 3562 520 3618; x_wconf 80' lang='lat' dir='ltr'><strong>erga</strong></span> <span class='ocrx_word' id='word_1_583' title='bbox 547 3545 601 3600; x_wconf 93' lang='lat' dir='ltr'><strong>hoc</strong></span> <span class='ocrx_word' id='word_1_584' title='bbox 619 3545 757 3617; x_wconf 87' lang='lat' dir='ltr'><strong>judicium</strong></span> <span class='ocrx_word' id='word_1_585' title='bbox 779 3562 840 3600; x_wconf 88' lang='lat' dir='ltr'><strong>sese</strong></span> <span class='ocrx_word' id='word_1_586' title='bbox 865 3553 1039 3617; x_wconf 89' lang='lat' dir='ltr'><strong>praeparent.</strong></span> <span class='ocrx_word' id='word_1_587' title='bbox 1066 3545 1137 3598; x_wconf 79' lang='lat' dir='ltr'><strong>tebit</strong></span> <span class='ocrx_word' id='word_1_588' title='bbox 1156 3553 1233 3598; x_wconf 86' lang='lat' dir='ltr'><strong>terra</strong></span> <span class='ocrx_word' id='word_1_589' title='bbox 1251 3552 1277 3600; x_wconf 87' lang='lat' dir='ltr'><strong>et</strong></span> <span class='ocrx_word' id='word_1_590' title='bbox 1294 3545 1482 3613; x_wconf 70' lang='lat' dir='ltr'><strong>eimsipabitnr</strong></span> <span class='ocrx_word' id='word_1_591' title='bbox 1510 3552 1598 3610; x_wconf 85' lang='lat' dir='ltr'><strong>terra,</strong></span> <span class='ocrx_word' id='word_1_592' title='bbox 1621 3548 1802 3602; x_wconf 85' lang='lat' dir='ltr'><strong>commotione</strong></span> <span class='ocrx_word' id='word_1_593' title='bbox 1830 3566 1903 3604; x_wconf 85' lang='lat' dir='ltr'><strong>com·</strong></span> 
     </span>
     <span class='ocr_line' id='line_1_41' title="bbox 202 3629 1903 3702; baseline 0.004 -19"><span class='ocrx_word' id='word_1_594' title='bbox 202 3629 277 3699; x_wconf 82' lang='lat' dir='ltr'><strong>Ergo</strong></span> <span class='ocrx_word' id='word_1_595' title='bbox 296 3631 448 3701; x_wconf 89' lang='lat' dir='ltr'><strong>praedictio</strong></span> <span class='ocrx_word' id='word_1_596' title='bbox 467 3632 604 3687; x_wconf 90' lang='lat' dir='ltr'><strong>etiamad</strong></span> <span class='ocrx_word' id='word_1_597' title='bbox 622 3647 718 3686; x_wconf 89' lang='lat' dir='ltr'><strong>omnes</strong></span> <span class='ocrx_word' id='word_1_598' title='bbox 741 3638 855 3702; x_wconf 84' lang='lat' dir='ltr'><strong>spectat.</strong></span> <span class='ocrx_word' id='word_1_599' title='bbox 898 3637 922 3686; x_wconf 82' lang='grc' dir='ltr'><strong>ι.</strong></span> <span class='ocrx_word' id='word_1_600' title='bbox 946 3632 990 3685; x_wconf 86' lang='lat' dir='ltr'><strong>Ac</strong></span> <span class='ocrx_word' id='word_1_601' title='bbox 1015 3631 1039 3684; x_wconf 91' lang='lat' dir='ltr'><strong>si</strong></span> <span class='ocrx_word' id='word_1_602' title='bbox 1065 3631 1218 3685; x_wconf 81' lang='lat' dir='ltr'><strong>movebitur</strong></span> <span class='ocrx_word' id='word_1_603' title='bbox 1231 3639 1319 3698; x_wconf 87' lang='lat' dir='ltr'><strong>terra,</strong></span> <span class='ocrx_word' id='word_1_604' title='bbox 1343 3646 1369 3684; x_wconf 84' lang='lat' dir='ltr'><strong>v.</strong></span> <span class='ocrx_word' id='word_1_605' title='bbox 1393 3635 1434 3686; x_wconf 78' lang='lat'><strong>20.</strong></span> <span class='ocrx_word' id='word_1_606' title='bbox 1463 3632 1620 3697; x_wconf 79' lang='lat' dir='ltr'><strong>apitatione</strong></span> <span class='ocrx_word' id='word_1_607' title='bbox 1641 3632 1797 3699; x_wconf 82' lang='lat' dir='ltr'><strong>apitobitur</strong></span> <span class='ocrx_word' id='word_1_608' title='bbox 1825 3643 1903 3689; x_wconf 78' lang='lat' dir='ltr'><strong>terra</strong></span> 
     </span>
     <span class='ocr_line' id='line_1_42' title="bbox 201 3715 1904 3788; baseline 0.004 -19"><span class='ocrx_word' id='word_1_609' title='bbox 201 3715 369 3770; x_wconf 86' lang='lat' dir='ltr'><strong>Antichristi</strong></span> <span class='ocrx_word' id='word_1_610' title='bbox 393 3717 550 3787; x_wconf 88' lang='lat' dir='ltr'><strong>persecutio</strong></span> <span class='ocrx_word' id='word_1_611' title='bbox 582 3735 616 3772; x_wconf 86' lang='lat' dir='ltr'><strong>ex</strong></span> <span class='ocrx_word' id='word_1_612' title='bbox 646 3716 794 3788; x_wconf 88' lang='lat' dir='ltr'><strong>hypothesi</strong></span> <span class='ocrx_word' id='word_1_613' title='bbox 829 3715 1038 3772; x_wconf 88' lang='lat' dir='ltr'><strong>Pontificiorum</strong></span> <span class='ocrx_word' id='word_1_614' title='bbox 1065 3716 1137 3769; x_wconf 86' lang='lat' dir='ltr'><strong>sieut</strong></span> <span class='ocrx_word' id='word_1_615' title='bbox 1155 3716 1248 3769; x_wconf 79' lang='lat' dir='ltr'><strong>ebrias</strong></span> <span class='ocrx_word' id='word_1_616' title='bbox 1266 3723 1292 3769; x_wconf 85' lang='lat' dir='ltr'><strong>et</strong></span> <span class='ocrx_word' id='word_1_617' title='bbox 1312 3719 1461 3779; x_wconf 71' lang='lat' dir='ltr'><strong>anferatur</strong></span> <span class='ocrx_word' id='word_1_618' title='bbox 1479 3717 1564 3785; x_wconf 81' lang='lat' dir='ltr'><strong>quusi</strong></span> <span class='ocrx_word' id='word_1_619' title='bbox 1580 3717 1792 3774; x_wconf 81' lang='lat' dir='ltr'><strong>tabernaculum</strong></span> <span class='ocrx_word' id='word_1_620' title='bbox 1818 3721 1904 3776; x_wconf 84' lang='lat' dir='ltr'><strong>anius</strong></span> 
     </span>
     <span class='ocr_line' id='line_1_43' title="bbox 202 3800 1903 3873; baseline 0.005 -19"><span class='ocrx_word' id='word_1_621' title='bbox 202 3800 255 3855; x_wconf 83' lang='lat' dir='ltr'><strong>crit</strong></span> <span class='ocrx_word' id='word_1_622' title='bbox 275 3818 331 3857; x_wconf 93' lang='lat' dir='ltr'><strong>non</strong></span> <span class='ocrx_word' id='word_1_623' title='bbox 348 3801 436 3856; x_wconf 90' lang='lat' dir='ltr'><strong>solum</strong></span> <span class='ocrx_word' id='word_1_624' title='bbox 451 3802 624 3873; x_wconf 79' lang='lat' dir='ltr'><strong>gravissima,</strong></span> <span class='ocrx_word' id='word_1_625' title='bbox 638 3803 687 3857; x_wconf 89' lang='lat' dir='ltr'><strong>sed</strong></span> <span class='ocrx_word' id='word_1_626' title='bbox 702 3809 731 3858; x_wconf 93' lang='lat' dir='ltr'><strong>et</strong></span> <span class='ocrx_word' id='word_1_627' title='bbox 744 3801 890 3858; x_wconf 90' lang='lat' dir='ltr'><strong>notissima</strong></span> <span class='ocrx_word' id='word_1_628' title='bbox 898 3820 932 3857; x_wconf 96' lang='lat' dir='ltr'><strong>ac</strong></span> <span class='ocrx_word' id='word_1_629' title='bbox 951 3803 1039 3857; x_wconf 88' lang='lat' dir='ltr'><strong>mani·</strong></span> <span class='ocrx_word' id='word_1_630' title='bbox 1065 3803 1164 3866; x_wconf 86' lang='lat' dir='ltr'><strong>noetis,</strong></span> <span class='ocrx_word' id='word_1_631' title='bbox 1183 3810 1209 3854; x_wconf 86' lang='lat' dir='ltr'><strong>et</strong></span> <span class='ocrx_word' id='word_1_632' title='bbox 1226 3801 1357 3869; x_wconf 83' lang='lat' dir='ltr'><strong>provehit</strong></span> <span class='ocrx_word' id='word_1_633' title='bbox 1375 3820 1437 3856; x_wconf 87' lang='lat' dir='ltr'><strong>eom</strong></span> <span class='ocrx_word' id='word_1_634' title='bbox 1457 3803 1594 3871; x_wconf 76' lang='lat' dir='ltr'><strong>iniquitas</strong></span> <span class='ocrx_word' id='word_1_635' title='bbox 1611 3822 1673 3867; x_wconf 87' lang='lat' dir='ltr'><strong>suo,</strong></span> <span class='ocrx_word' id='word_1_636' title='bbox 1691 3813 1717 3858; x_wconf 90' lang='lat' dir='ltr'><strong>et</strong></span> <span class='ocrx_word' id='word_1_637' title='bbox 1739 3816 1852 3862; x_wconf 85' lang='lat' dir='ltr'><strong>corruet</strong></span> <span class='ocrx_word' id='word_1_638' title='bbox 1875 3816 1903 3861; x_wconf 86' lang='lat' dir='ltr'><strong>et</strong></span> 
     </span>
     <span class='ocr_line' id='line_1_44' title="bbox 200 3885 1902 3960; baseline 0.005 -20"><span class='ocrx_word' id='word_1_639' title='bbox 200 3885 359 3954; x_wconf 79' lang='lat' dir='ltr'><strong>festissima,</strong></span> <span class='ocrx_word' id='word_1_640' title='bbox 372 3888 470 3958; x_wconf 90' lang='lat' dir='ltr'><strong>utique</strong></span> <span class='ocrx_word' id='word_1_641' title='bbox 485 3905 552 3960; x_wconf 81' lang='lat' dir='ltr'><strong>ergo</strong></span> <span class='ocrx_word' id='word_1_642' title='bbox 564 3889 649 3943; x_wconf 89' lang='lat' dir='ltr'><strong>etiam</strong></span> <span class='ocrx_word' id='word_1_643' title='bbox 662 3888 767 3944; x_wconf 91' lang='lat' dir='ltr'><strong>indocti</strong></span> <span class='ocrx_word' id='word_1_644' title='bbox 783 3905 839 3943; x_wconf 95' lang='lat' dir='ltr'><strong>non</strong></span> <span class='ocrx_word' id='word_1_645' title='bbox 850 3888 941 3943; x_wconf 88' lang='lat' dir='ltr'><strong>minue</strong></span> <span class='ocrx_word' id='word_1_646' title='bbox 955 3905 1039 3959; x_wconf 90' lang='lat' dir='ltr'><strong>quam</strong></span> <span class='ocrx_word' id='word_1_647' title='bbox 1065 3904 1122 3941; x_wconf 87' lang='lat' dir='ltr'><strong>non</strong></span> <span class='ocrx_word' id='word_1_648' title='bbox 1142 3889 1270 3957; x_wconf 80' lang='lat' dir='ltr'><strong>adjiciet,</strong></span> <span class='ocrx_word' id='word_1_649' title='bbox 1290 3896 1321 3941; x_wconf 81' lang='lat' dir='ltr'><strong>ut</strong></span> <span class='ocrx_word' id='word_1_650' title='bbox 1340 3897 1476 3958; x_wconf 80' lang='lat' dir='ltr'><strong>resurpat.</strong></span> <span class='ocrx_word' id='word_1_651' title='bbox 1493 3904 1555 3959; x_wconf 75' lang='lat' dir='ltr'><strong>cap,</strong></span> <span class='ocrx_word' id='word_1_652' title='bbox 1573 3895 1615 3954; x_wconf 78' lang='grc' dir='ltr'><strong>ιι,</strong></span> <span class='ocrx_word' id='word_1_653' title='bbox 1627 3907 1652 3944; x_wconf 88' lang='lat' dir='ltr'><strong>v.</strong></span> <span class='ocrx_word' id='word_1_654' title='bbox 1669 3893 1698 3943; x_wconf 76' lang='grc' dir='ltr'><strong>ιι</strong></span> <span class='ocrx_word' id='word_1_655' title='bbox 1717 3892 1847 3946; x_wconf 87' lang='lat' dir='ltr'><strong>Posuisti</strong></span> <span class='ocrx_word' id='word_1_656' title='bbox 1862 3897 1902 3948; x_wconf 87' lang='lat' dir='ltr'><strong>ci-</strong></span> 
     </span>
     <span class='ocr_line' id='line_1_45' title="bbox 205 3973 1903 4048; baseline 0.004 -21"><span class='ocrx_word' id='word_1_657' title='bbox 205 3973 280 4028; x_wconf 86' lang='lat' dir='ltr'><strong>doctl</strong></span> <span class='ocrx_word' id='word_1_658' title='bbox 298 3973 500 4029; x_wconf 87' lang='lat' dir='ltr'><strong>Antichristum</strong></span> <span class='ocrx_word' id='word_1_659' title='bbox 517 3973 663 4029; x_wconf 87' lang='lat' dir='ltr'><strong>advenisse</strong></span> <span class='ocrx_word' id='word_1_660' title='bbox 687 3979 864 4046; x_wconf 79' lang='lat' dir='ltr'><strong>cognoscent.</strong></span> <span class='ocrx_word' id='word_1_661' title='bbox 908 3982 932 4030; x_wconf 84' lang='lat'><strong>5.</strong></span> <span class='ocrx_word' id='word_1_662' title='bbox 952 3974 1040 4047; x_wconf 82' lang='lat' dir='ltr'><strong>Signa</strong></span> <span class='ocrx_word' id='word_1_663' title='bbox 1064 3976 1177 4028; x_wconf 75' lang='lat' dir='ltr'><strong>odotem</strong></span> <span class='ocrx_word' id='word_1_664' title='bbox 1195 3975 1225 4028; x_wconf 86' lang='lat' dir='ltr'><strong>in</strong></span> <span class='ocrx_word' id='word_1_665' title='bbox 1244 3975 1387 4038; x_wconf 80' lang='lat' dir='ltr'><strong>tumulum,</strong></span> <span class='ocrx_word' id='word_1_666' title='bbox 1400 3975 1496 4029; x_wconf 82' lang='lat' dir='ltr'><strong>arbem</strong></span> <span class='ocrx_word' id='word_1_667' title='bbox 1507 3975 1611 4045; x_wconf 80' lang='lat' dir='ltr'><strong>fortem</strong></span> <span class='ocrx_word' id='word_1_668' title='bbox 1623 3976 1654 4028; x_wconf 82' lang='lat' dir='ltr'><strong>in</strong></span> <span class='ocrx_word' id='word_1_669' title='bbox 1671 3977 1815 4048; x_wconf 82' lang='lat' dir='ltr'><strong>palatium</strong></span> <span class='ocrx_word' id='word_1_670' title='bbox 1832 3981 1903 4034; x_wconf 86' lang='lat' dir='ltr'><strong>alie·</strong></span> 
     </span>
     <span class='ocr_line' id='line_1_46' title="bbox 203 4058 1902 4131; baseline 0.004 -18"><span class='ocrx_word' id='word_1_671' title='bbox 203 4059 306 4129; x_wconf 83' lang='lat' dir='ltr'><strong>judicii</strong></span> <span class='ocrx_word' id='word_1_672' title='bbox 324 4059 459 4114; x_wconf 83' lang='lat' dir='ltr'><strong>duntaxat</strong></span> <span class='ocrx_word' id='word_1_673' title='bbox 476 4076 494 4114; x_wconf 92' lang='lat' dir='ltr'><strong>a</strong></span> <span class='ocrx_word' id='word_1_674' title='bbox 512 4058 692 4129; x_wconf 88' lang='lat' dir='ltr'><strong>sapientibus,</strong></span> <span class='ocrx_word' id='word_1_675' title='bbox 711 4059 740 4113; x_wconf 91' lang='lat' dir='ltr'><strong>id</strong></span> <span class='ocrx_word' id='word_1_676' title='bbox 759 4066 801 4114; x_wconf 91' lang='lat' dir='ltr'><strong>est</strong></span> <span class='ocrx_word' id='word_1_677' title='bbox 816 4059 871 4130; x_wconf 90' lang='lat' dir='ltr'><strong>piis</strong></span> <span class='ocrx_word' id='word_1_678' title='bbox 895 4068 923 4114; x_wconf 93' lang='lat' dir='ltr'><strong>et</strong></span> <span class='ocrx_word' id='word_1_679' title='bbox 947 4061 1037 4116; x_wconf 90' lang='lat' dir='ltr'><strong>Deum</strong></span> <span class='ocrx_word' id='word_1_680' title='bbox 1065 4078 1173 4130; x_wconf 84' lang='lat' dir='ltr'><strong>norum,</strong></span> <span class='ocrx_word' id='word_1_681' title='bbox 1191 4069 1223 4114; x_wconf 84' lang='lat' dir='ltr'><strong>ut</strong></span> <span class='ocrx_word' id='word_1_682' title='bbox 1239 4078 1296 4114; x_wconf 85' lang='lat' dir='ltr'><strong>non</strong></span> <span class='ocrx_word' id='word_1_683' title='bbox 1312 4062 1350 4114; x_wconf 84' lang='lat' dir='ltr'><strong>sit</strong></span> <span class='ocrx_word' id='word_1_684' title='bbox 1368 4061 1469 4114; x_wconf 85' lang='lat' dir='ltr'><strong>civr&#39;tas</strong></span> <span class='ocrx_word' id='word_1_685' title='bbox 1486 4069 1512 4114; x_wconf 86' lang='lat' dir='ltr'><strong>et</strong></span> <span class='ocrx_word' id='word_1_686' title='bbox 1527 4062 1556 4114; x_wconf 83' lang='lat' dir='ltr'><strong>e‘n</strong></span> <span class='ocrx_word' id='word_1_687' title='bbox 1568 4063 1767 4131; x_wconf 82' lang='lat' dir='ltr'><strong>sempiternum</strong></span> <span class='ocrx_word' id='word_1_688' title='bbox 1781 4082 1838 4118; x_wconf 88' lang='lat' dir='ltr'><strong>non</strong></span> <span class='ocrx_word' id='word_1_689' title='bbox 1855 4083 1902 4120; x_wconf 81' lang='lat' dir='ltr'><strong>aa·</strong></span> 
     </span>
     <span class='ocr_line' id='line_1_47' title="bbox 204 4144 1902 4216; baseline 0.005 -17"><span class='ocrx_word' id='word_1_690' title='bbox 204 4144 377 4212; x_wconf 86' lang='lat' dir='ltr'><strong>timentibus,</strong></span> <span class='ocrx_word' id='word_1_691' title='bbox 401 4144 592 4213; x_wconf 84' lang='lat' dir='ltr'><strong>observantur,</strong></span> <span class='ocrx_word' id='word_1_692' title='bbox 617 4144 659 4198; x_wconf 93' lang='lat' dir='ltr'><strong>illi</strong></span> <span class='ocrx_word' id='word_1_693' title='bbox 682 4145 755 4198; x_wconf 90' lang='lat' dir='ltr'><strong>enim</strong></span> <span class='ocrx_word' id='word_1_694' title='bbox 780 4144 816 4199; x_wconf 88' lang='lat' dir='ltr'><strong>iis</strong></span> <span class='ocrx_word' id='word_1_695' title='bbox 847 4145 981 4200; x_wconf 92' lang='lat' dir='ltr'><strong>admoniti</strong></span> <span class='ocrx_word' id='word_1_696' title='bbox 1002 4145 1038 4200; x_wconf 92' lang='lat' dir='ltr'><strong>ad</strong></span> <span class='ocrx_word' id='word_1_697' title='bbox 1065 4148 1203 4208; x_wconf 73' lang='lat' dir='ltr'><strong>stificatur.</strong></span> <span class='ocrx_word' id='word_1_698' title='bbox 1223 4163 1284 4216; x_wconf 91' lang='lat' dir='ltr'><strong>cap.</strong></span> <span class='ocrx_word' id='word_1_699' title='bbox 1304 4151 1346 4212; x_wconf 87' lang='lat'><strong>30,</strong></span> <span class='ocrx_word' id='word_1_700' title='bbox 1363 4164 1390 4202; x_wconf 89' lang='lat' dir='ltr'><strong>v.</strong></span> <span class='ocrx_word' id='word_1_701' title='bbox 1413 4151 1458 4202; x_wconf 79' lang='lat' dir='ltr'><strong>ts:</strong></span> <span class='ocrx_word' id='word_1_702' title='bbox 1477 4145 1692 4205; x_wconf 79' lang='lat' dir='ltr'><strong>Comminuetar.</strong></span> <span class='ocrx_word' id='word_1_703' title='bbox 1710 4150 1783 4203; x_wconf 86' lang='lat' dir='ltr'><strong>sicut</strong></span> <span class='ocrx_word' id='word_1_704' title='bbox 1809 4159 1902 4207; x_wconf 88' lang='lat' dir='ltr'><strong>conte·</strong></span> 
     </span>
     <span class='ocr_line' id='line_1_48' title="bbox 202 4230 1901 4303; baseline 0.004 -18"><span class='ocrx_word' id='word_1_705' title='bbox 202 4231 275 4287; x_wconf 90' lang='lat' dir='ltr'><strong>diem</strong></span> <span class='ocrx_word' id='word_1_706' title='bbox 290 4231 469 4286; x_wconf 84' lang='lat' dir='ltr'><strong>novissimum</strong></span> <span class='ocrx_word' id='word_1_707' title='bbox 481 4247 542 4285; x_wconf 88' lang='lat' dir='ltr'><strong>sese</strong></span> <span class='ocrx_word' id='word_1_708' title='bbox 556 4246 606 4301; x_wconf 90' lang='lat' dir='ltr'><strong>per</strong></span> <span class='ocrx_word' id='word_1_709' title='bbox 623 4246 720 4301; x_wconf 90' lang='lat' dir='ltr'><strong>preces</strong></span> <span class='ocrx_word' id='word_1_710' title='bbox 733 4236 762 4285; x_wconf 89' lang='lat' dir='ltr'><strong>et</strong></span> <span class='ocrx_word' id='word_1_711' title='bbox 775 4230 946 4302; x_wconf 82' lang='lat' dir='ltr'><strong>vigilantiam</strong></span> <span class='ocrx_word' id='word_1_712' title='bbox 960 4247 1037 4303; x_wconf 86' lang='lat' dir='ltr'><strong>prae·</strong></span> <span class='ocrx_word' id='word_1_713' title='bbox 1063 4235 1138 4286; x_wconf 82' lang='lat' dir='ltr'><strong>riter</strong></span> <span class='ocrx_word' id='word_1_714' title='bbox 1154 4234 1259 4300; x_wconf 74' lang='lat' dir='ltr'><strong>lupeno</strong></span> <span class='ocrx_word' id='word_1_715' title='bbox 1270 4233 1356 4301; x_wconf 82' lang='lat' dir='ltr'><strong>fipnli</strong></span> <span class='ocrx_word' id='word_1_716' title='bbox 1374 4232 1539 4285; x_wconf 82' lang='lat' dir='ltr'><strong>contritione</strong></span> <span class='ocrx_word' id='word_1_717' title='bbox 1551 4232 1716 4299; x_wconf 68' lang='lat' dir='ltr'><strong>pervalida</strong></span> <span class='ocrx_word' id='word_1_718' title='bbox 1739 4243 1766 4288; x_wconf 85' lang='lat' dir='ltr'><strong>et</strong></span> <span class='ocrx_word' id='word_1_719' title='bbox 1783 4254 1841 4291; x_wconf 87' lang='lat' dir='ltr'><strong>non</strong></span> <span class='ocrx_word' id='word_1_720' title='bbox 1859 4237 1901 4290; x_wconf 85' lang='lat' dir='ltr'><strong>in·</strong></span> 
     </span>
     <span class='ocr_line' id='line_1_49' title="bbox 203 4316 1902 4392; baseline 0.001 -20"><span class='ocrx_word' id='word_1_721' title='bbox 203 4324 313 4388; x_wconf 88' lang='lat' dir='ltr'><strong>parant,</strong></span> <span class='ocrx_word' id='word_1_722' title='bbox 331 4316 447 4388; x_wconf 90' lang='lat' dir='ltr'><strong>reliquis</strong></span> <span class='ocrx_word' id='word_1_723' title='bbox 466 4317 496 4372; x_wconf 90' lang='lat' dir='ltr'><strong>in</strong></span> <span class='ocrx_word' id='word_1_724' title='bbox 514 4316 723 4387; x_wconf 90' lang='lat' dir='ltr'><strong>impoenitentia</strong></span> <span class='ocrx_word' id='word_1_725' title='bbox 739 4323 768 4371; x_wconf 88' lang='lat' dir='ltr'><strong>et</strong></span> <span class='ocrx_word' id='word_1_726' title='bbox 784 4317 929 4386; x_wconf 89' lang='lat' dir='ltr'><strong>impietate</strong></span> <span class='ocrx_word' id='word_1_727' title='bbox 944 4334 1038 4373; x_wconf 90' lang='lat' dir='ltr'><strong>secure</strong></span> <span class='ocrx_word' id='word_1_728' title='bbox 1063 4320 1191 4374; x_wconf 82' lang='lat' dir='ltr'><strong>venietur</strong></span> <span class='ocrx_word' id='word_1_729' title='bbox 1207 4320 1242 4371; x_wconf 84' lang='lat' dir='ltr'><strong>de</strong></span> <span class='ocrx_word' id='word_1_730' title='bbox 1259 4318 1430 4386; x_wconf 79' lang='lat' dir='ltr'><strong>frapmentis</strong></span> <span class='ocrx_word' id='word_1_731' title='bbox 1446 4319 1507 4387; x_wconf 85' lang='lat' dir='ltr'><strong>ejas</strong></span> <span class='ocrx_word' id='word_1_732' title='bbox 1527 4324 1607 4382; x_wconf 88' lang='lat' dir='ltr'><strong>testa,</strong></span> <span class='ocrx_word' id='word_1_733' title='bbox 1633 4319 1664 4372; x_wconf 88' lang='lat' dir='ltr'><strong>s&#39;n</strong></span> <span class='ocrx_word' id='word_1_734' title='bbox 1690 4337 1746 4388; x_wconf 80' lang='lat' dir='ltr'><strong>qua</strong></span> <span class='ocrx_word' id='word_1_735' title='bbox 1767 4331 1902 4392; x_wconf 73' lang='lat' dir='ltr'><strong>portatur</strong></span> 
     </span>
     <span class='ocr_line' id='line_1_50' title="bbox 202 4402 1901 4479; baseline 0.002 -23"><span class='ocrx_word' id='word_1_736' title='bbox 202 4402 397 4474; x_wconf 86' lang='lat' dir='ltr'><strong>stertentibus;</strong></span> <span class='ocrx_word' id='word_1_737' title='bbox 412 4402 461 4459; x_wconf 90' lang='lat' dir='ltr'><strong>sed</strong></span> <span class='ocrx_word' id='word_1_738' title='bbox 471 4420 505 4458; x_wconf 88' lang='lat' dir='ltr'><strong>cx</strong></span> <span class='ocrx_word' id='word_1_739' title='bbox 517 4419 550 4458; x_wconf 91' lang='lat' dir='ltr'><strong>co</strong></span> <span class='ocrx_word' id='word_1_740' title='bbox 560 4403 656 4457; x_wconf 81' lang='lat' dir='ltr'><strong>inferri</strong></span> <span class='ocrx_word' id='word_1_741' title='bbox 667 4418 724 4457; x_wconf 91' lang='lat' dir='ltr'><strong>uon</strong></span> <span class='ocrx_word' id='word_1_742' title='bbox 735 4402 828 4466; x_wconf 90' lang='lat' dir='ltr'><strong>debet,</strong></span> <span class='ocrx_word' id='word_1_743' title='bbox 843 4403 917 4473; x_wconf 91' lang='lat' dir='ltr'><strong>quod</strong></span> <span class='ocrx_word' id='word_1_744' title='bbox 927 4403 988 4474; x_wconf 90' lang='lat' dir='ltr'><strong>ipsa</strong></span> <span class='ocrx_word' id='word_1_745' title='bbox 1003 4403 1037 4457; x_wconf 89' lang='lat' dir='ltr'><strong>si·</strong></span> <span class='ocrx_word' id='word_1_746' title='bbox 1065 4406 1206 4475; x_wconf 80' lang='lat' dir='ltr'><strong>r&#39;paicutus</strong></span> <span class='ocrx_word' id='word_1_747' title='bbox 1222 4406 1258 4459; x_wconf 88' lang='lat' dir='ltr'><strong>de</strong></span> <span class='ocrx_word' id='word_1_748' title='bbox 1269 4405 1400 4458; x_wconf 82' lang='lat' dir='ltr'><strong>incendio</strong></span> <span class='ocrx_word' id='word_1_749' title='bbox 1413 4411 1464 4457; x_wconf 82' lang='lat' dir='ltr'><strong>aot</strong></span> <span class='ocrx_word' id='word_1_750' title='bbox 1481 4404 1632 4457; x_wconf 86' lang='lat' dir='ltr'><strong>baurr‘atur</strong></span> <span class='ocrx_word' id='word_1_751' title='bbox 1644 4423 1750 4477; x_wconf 84' lang='lat' dir='ltr'><strong>parum</strong></span> <span class='ocrx_word' id='word_1_752' title='bbox 1764 4412 1901 4479; x_wconf 74' lang='lat' dir='ltr'><strong>aquosae</strong></span> 
     </span>
     <span class='ocr_line' id='line_1_51' title="bbox 203 4487 1900 4563; baseline 0.006 -22"><span class='ocrx_word' id='word_1_753' title='bbox 203 4504 322 4558; x_wconf 81' lang='lat' dir='ltr'><strong>gnorum</strong></span> <span class='ocrx_word' id='word_1_754' title='bbox 338 4488 492 4559; x_wconf 87' lang='lat' dir='ltr'><strong>praedictio</strong></span> <span class='ocrx_word' id='word_1_755' title='bbox 504 4488 785 4559; x_wconf 84' lang='lat' dir='ltr'><strong>duntaxatsapientes</strong></span> <span class='ocrx_word' id='word_1_756' title='bbox 798 4489 1038 4559; x_wconf 85' lang='lat' dir='ltr'><strong>etpiosreapiciat.</strong></span> <span class='ocrx_word' id='word_1_757' title='bbox 1063 4495 1155 4555; x_wconf 82' lang='lat' dir='ltr'><strong>foveo.</strong></span> <span class='ocrx_word' id='word_1_758' title='bbox 1175 4490 1333 4557; x_wconf 90' lang='lat' dir='ltr'><strong>(Rationem</strong></span> <span class='ocrx_word' id='word_1_759' title='bbox 1351 4487 1530 4558; x_wconf 87' lang='lat' dir='ltr'><strong>metaphorae</strong></span> <span class='ocrx_word' id='word_1_760' title='bbox 1547 4490 1662 4560; x_wconf 87' lang='lat' dir='ltr'><strong>pulchre</strong></span> <span class='ocrx_word' id='word_1_761' title='bbox 1684 4493 1798 4563; x_wconf 85' lang='lat' dir='ltr'><strong>exponit</strong></span> <span class='ocrx_word' id='word_1_762' title='bbox 1816 4493 1900 4552; x_wconf 80' lang='lat' dir='ltr'><strong>Gula·</strong></span> 
     </span>
     <span class='ocr_line' id='line_1_52' title="bbox 71 4573 1900 4673; baseline 0.003 -45"><span class='ocrx_word' id='word_1_763' title='bbox 71 4601 181 4656; x_wconf 53' lang='lat' dir='ltr'><strong>quma,</strong></span> <span class='ocrx_word' id='word_1_764' title='bbox 240 4578 308 4673; x_wconf 71' lang='lat' dir='ltr'><strong>itti).⁸</strong></span> <span class='ocrx_word' id='word_1_765' title='bbox 323 4573 472 4638; x_wconf 81' lang='lat' dir='ltr'><strong>Quaeritur</strong></span> <span class='ocrx_word' id='word_1_766' title='bbox 488 4573 540 4629; x_wconf 87' lang='lat' dir='ltr'><strong>hoc</strong></span> <span class='ocrx_word' id='word_1_767' title='bbox 558 4575 666 4673; x_wconf 68' lang='lat' dir='ltr'><strong>lecal.</strong></span> <span class='ocrx_word' id='word_1_768' title='bbox 695 4574 743 4627; x_wconf 85' lang='lat' dir='ltr'><strong>An</strong></span> <span class='ocrx_word' id='word_1_769' title='bbox 761 4574 947 4629; x_wconf 83' lang='lat' dir='ltr'><strong>Jadoeiante</strong></span> <span class='ocrx_word' id='word_1_770' title='bbox 964 4577 1038 4630; x_wconf 83' lang='lat' dir='ltr'><strong>diem</strong></span> <span class='ocrx_word' id='word_1_771' title='bbox 1063 4578 1137 4633; x_wconf 89' lang='lat' dir='ltr'><strong>tinus</strong></span> <span class='ocrx_word' id='word_1_772' title='bbox 1156 4576 1204 4630; x_wconf 88' lang='lat' dir='ltr'><strong>lib.</strong></span> <span class='ocrx_word' id='word_1_773' title='bbox 1224 4581 1247 4632; x_wconf 91' lang='grc'><strong>9.</strong></span> <span class='ocrx_word' id='word_1_774' title='bbox 1267 4574 1302 4630; x_wconf 89' lang='lat' dir='ltr'><strong>de</strong></span> <span class='ocrx_word' id='word_1_775' title='bbox 1320 4589 1413 4628; x_wconf 83' lang='lat' dir='ltr'><strong>arcum</strong></span> <span class='ocrx_word' id='word_1_776' title='bbox 1434 4589 1493 4643; x_wconf 86' lang='lat' dir='ltr'><strong>cap.</strong></span> <span class='ocrx_word' id='word_1_777' title='bbox 1512 4576 1547 4639; x_wconf 86' lang='lat' dir='ltr'><strong>t.)</strong></span> <span class='ocrx_word' id='word_1_778' title='bbox 1566 4574 1669 4631; x_wconf 83' lang='lat' dir='ltr'><strong>derem.</strong></span> <span class='ocrx_word' id='word_1_779' title='bbox 1689 4582 1714 4647; x_wconf 86' lang='grc'><strong>6,</strong></span> <span class='ocrx_word' id='word_1_780' title='bbox 1733 4596 1759 4633; x_wconf 87' lang='lat' dir='ltr'><strong>v.</strong></span> <span class='ocrx_word' id='word_1_781' title='bbox 1777 4584 1827 4636; x_wconf 81' lang='lat'><strong>30:</strong></span> <span class='ocrx_word' id='word_1_782' title='bbox 1843 4580 1900 4634; x_wconf 83' lang='lat' dir='ltr'><strong>Ar·</strong></span> 
     </span>
     <span class='ocr_line' id='line_1_53' title="bbox 72 4652 1900 4746; baseline 0.003 -34"><span class='ocrx_word' id='word_1_783' title='bbox 72 4652 189 4746; x_wconf 47' lang='lat' dir='ltr'><strong>{fflffe&#39;</strong></span> <span class='ocrx_word' id='word_1_784' title='bbox 202 4675 381 4712; x_wconf 78' lang='lat' dir='ltr'><strong>normmmum</strong></span> <span class='ocrx_word' id='word_1_785' title='bbox 398 4677 417 4712; x_wconf 87' lang='lat' dir='ltr'><strong>o</strong></span> <span class='ocrx_word' id='word_1_786' title='bbox 435 4676 487 4713; x_wconf 81' lang='lat' dir='ltr'><strong>seeo</strong></span> <span class='ocrx_word' id='word_1_787' title='bbox 504 4658 603 4712; x_wconf 78' lang='lat' dir='ltr'><strong>essslro</strong></span> <span class='ocrx_word' id='word_1_788' title='bbox 621 4677 652 4712; x_wconf 81' lang='lat' dir='ltr'><strong>sn</strong></span> <span class='ocrx_word' id='word_1_789' title='bbox 678 4666 785 4713; x_wconf 86' lang='lat' dir='ltr'><strong>terram</strong></span> <span class='ocrx_word' id='word_1_790' title='bbox 811 4661 931 4715; x_wconf 85' lang='lat' dir='ltr'><strong>Canaan</strong></span> <span class='ocrx_word' id='word_1_791' title='bbox 953 4664 1036 4715; x_wconf 85' lang='lat' dir='ltr'><strong>redu·</strong></span> <span class='ocrx_word' id='word_1_792' title='bbox 1064 4669 1177 4732; x_wconf 82' lang='lat' dir='ltr'><strong>pentum</strong></span> <span class='ocrx_word' id='word_1_793' title='bbox 1202 4661 1353 4729; x_wconf 85' lang='lat' dir='ltr'><strong>reprobum</strong></span> <span class='ocrx_word' id='word_1_794' title='bbox 1378 4667 1476 4713; x_wconf 84' lang='lat' dir='ltr'><strong>uocate</strong></span> <span class='ocrx_word' id='word_1_795' title='bbox 1502 4677 1557 4730; x_wconf 86' lang='lat' dir='ltr'><strong>eos,</strong></span> <span class='ocrx_word' id='word_1_796' title='bbox 1581 4663 1649 4730; x_wconf 74' lang='lat' dir='ltr'><strong>quia</strong></span> <span class='ocrx_word' id='word_1_797' title='bbox 1672 4664 1835 4732; x_wconf 81' lang='lat' dir='ltr'><strong>reprobarit</strong></span> <span class='ocrx_word' id='word_1_798' title='bbox 1853 4682 1900 4722; x_wconf 81' lang='lat' dir='ltr'><strong>eos</strong></span> 
     </span>
    </p>
   </div>
   <div class='ocr_carea' id='block_1_4' title="bbox 70 4743 1902 5334">
    <p class='ocr_par' dir='ltr' id='par_1_4' title="bbox 70 4743 1902 5334">
     <span class='ocr_line' id='line_1_54' title="bbox 71 4743 1900 4824; baseline 0.002 -26"><span class='ocrx_word' id='word_1_799' title='bbox 71 4758 133 4798; x_wconf 77' lang='lat' dir='ltr'><strong>etan</strong></span> <span class='ocrx_word' id='word_1_800' title='bbox 147 4766 188 4797; x_wconf 82' lang='lat' dir='ltr'><strong>ro·</strong></span> <span class='ocrx_word' id='word_1_801' title='bbox 202 4744 287 4799; x_wconf 79' lang='lat' dir='ltr'><strong>cendi</strong></span> <span class='ocrx_word' id='word_1_802' title='bbox 300 4745 375 4798; x_wconf 72' lang='lat' dir='ltr'><strong>sint?</strong></span> <span class='ocrx_word' id='word_1_803' title='bbox 409 4743 487 4799; x_wconf 91' lang='lat' dir='ltr'><strong>Deus</strong></span> <span class='ocrx_word' id='word_1_804' title='bbox 506 4743 638 4799; x_wconf 80' lang='lat' dir='ltr'><strong>Abrahae</strong></span> <span class='ocrx_word' id='word_1_805' title='bbox 655 4750 683 4799; x_wconf 91' lang='lat' dir='ltr'><strong>et</strong></span> <span class='ocrx_word' id='word_1_806' title='bbox 700 4744 789 4815; x_wconf 90' lang='lat' dir='ltr'><strong>ipsius</strong></span> <span class='ocrx_word' id='word_1_807' title='bbox 807 4747 963 4816; x_wconf 87' lang='lat' dir='ltr'><strong>posteritati</strong></span> <span class='ocrx_word' id='word_1_808' title='bbox 982 4753 1036 4803; x_wconf 90' lang='lat' dir='ltr'><strong>ter·</strong></span> <span class='ocrx_word' id='word_1_809' title='bbox 1067 4748 1214 4803; x_wconf 85' lang='lat' dir='ltr'><strong>Dominae.</strong></span> <span class='ocrx_word' id='word_1_810' title='bbox 1231 4763 1292 4817; x_wconf 91' lang='lat' dir='ltr'><strong>cap.</strong></span> <span class='ocrx_word' id='word_1_811' title='bbox 1306 4752 1329 4815; x_wconf 86' lang='grc'><strong>7,</strong></span> <span class='ocrx_word' id='word_1_812' title='bbox 1347 4764 1374 4800; x_wconf 84' lang='lat' dir='ltr'><strong>v.</strong></span> <span class='ocrx_word' id='word_1_813' title='bbox 1394 4751 1438 4802; x_wconf 73' lang='grc' dir='ltr'><strong>ιιι</strong></span> <span class='ocrx_word' id='word_1_814' title='bbox 1460 4747 1581 4801; x_wconf 74' lang='lat' dir='ltr'><strong>Faciam</strong></span> <span class='ocrx_word' id='word_1_815' title='bbox 1599 4749 1699 4802; x_wconf 71' lang='lat' dir='ltr'><strong>demisi</strong></span> <span class='ocrx_word' id='word_1_816' title='bbox 1715 4748 1789 4818; x_wconf 83' lang='lat' dir='ltr'><strong>huic,</strong></span> <span class='ocrx_word' id='word_1_817' title='bbox 1813 4767 1900 4824; x_wconf 78' lang='lat' dir='ltr'><strong>super</strong></span> 
     </span>
     <span class='ocr_line' id='line_1_55' title="bbox 70 4806 1899 4907; baseline 0.004 -23"><span class='ocrx_word' id='word_1_818' title='bbox 70 4806 261 4901; x_wconf 54' lang='lat' dir='ltr'><strong>fflffissram</strong></span> <span class='ocrx_word' id='word_1_819' title='bbox 280 4828 394 4885; x_wconf 84' lang='lat' dir='ltr'><strong>Canaan</strong></span> <span class='ocrx_word' id='word_1_820' title='bbox 411 4829 465 4884; x_wconf 93' lang='lat' dir='ltr'><strong>hoc</strong></span> <span class='ocrx_word' id='word_1_821' title='bbox 482 4830 537 4884; x_wconf 89' lang='lat' dir='ltr'><strong>fine</strong></span> <span class='ocrx_word' id='word_1_822' title='bbox 558 4829 731 4900; x_wconf 89' lang='lat' dir='ltr'><strong>promiserat,</strong></span> <span class='ocrx_word' id='word_1_823' title='bbox 756 4837 788 4885; x_wconf 92' lang='lat' dir='ltr'><strong>ut</strong></span> <span class='ocrx_word' id='word_1_824' title='bbox 812 4839 885 4888; x_wconf 86' lang='lat' dir='ltr'><strong>esset</strong></span> <span class='ocrx_word' id='word_1_825' title='bbox 909 4834 1037 4889; x_wconf 84' lang='lat' dir='ltr'><strong>Messias</strong></span> <span class='ocrx_word' id='word_1_826' title='bbox 1065 4852 1122 4906; x_wconf 76' lang='lat' dir='ltr'><strong>psa</strong></span> <span class='ocrx_word' id='word_1_827' title='bbox 1146 4840 1275 4887; x_wconf 84' lang='lat' dir='ltr'><strong>vocatam</strong></span> <span class='ocrx_word' id='word_1_828' title='bbox 1305 4839 1346 4884; x_wconf 88' lang='lat' dir='ltr'><strong>est</strong></span> <span class='ocrx_word' id='word_1_829' title='bbox 1373 4847 1473 4886; x_wconf 89' lang='lat' dir='ltr'><strong>nomen</strong></span> <span class='ocrx_word' id='word_1_830' title='bbox 1496 4849 1598 4899; x_wconf 83' lang='lat' dir='ltr'><strong>meam,</strong></span> <span class='ocrx_word' id='word_1_831' title='bbox 1623 4835 1696 4888; x_wconf 77' lang='lat' dir='ltr'><strong>sieut</strong></span> <span class='ocrx_word' id='word_1_832' title='bbox 1717 4835 1779 4898; x_wconf 80' lang='lat' dir='ltr'><strong>feci</strong></span> <span class='ocrx_word' id='word_1_833' title='bbox 1802 4836 1899 4907; x_wconf 76' lang='lat' dir='ltr'><strong>Stich3</strong></span> 
     </span>
     <span class='ocr_line' id='line_1_56' title="bbox 70 4914 1900 5008; baseline 0.002 -35"><span class='ocrx_word' id='word_1_834' title='bbox 70 4914 184 5008; x_wconf 55' lang='lat' dir='ltr'><strong>rfffi‘</strong></span> <span class='ocrx_word' id='word_1_835' title='bbox 202 4933 236 4973; x_wconf 86' lang='lat' dir='ltr'><strong>ex</strong></span> <span class='ocrx_word' id='word_1_836' title='bbox 254 4916 303 4972; x_wconf 91' lang='lat' dir='ltr'><strong>illo</strong></span> <span class='ocrx_word' id='word_1_837' title='bbox 323 4914 427 4987; x_wconf 90' lang='lat' dir='ltr'><strong>populo</strong></span> <span class='ocrx_word' id='word_1_838' title='bbox 444 4914 579 4970; x_wconf 88' lang='lat' dir='ltr'><strong>nascituri</strong></span> <span class='ocrx_word' id='word_1_839' title='bbox 597 4915 748 4984; x_wconf 81' lang='lat' dir='ltr'><strong>hospitium</strong></span> <span class='ocrx_word' id='word_1_840' title='bbox 768 4926 794 4972; x_wconf 89' lang='lat' dir='ltr'><strong>et</strong></span> <span class='ocrx_word' id='word_1_841' title='bbox 813 4918 888 4973; x_wconf 71' lang='lat' dir='ltr'><strong>odae</strong></span> <span class='ocrx_word' id='word_1_842' title='bbox 906 4927 1043 4980; x_wconf 78' lang='lat' dir='ltr'><strong>aeternae</strong></span> <span class='ocrx_word' id='word_1_843' title='bbox 1064 4940 1089 4976; x_wconf 89' lang='lat' dir='ltr'><strong>r.</strong></span> <span class='ocrx_word' id='word_1_844' title='bbox 1111 4927 1149 4976; x_wconf 83' lang='lat'><strong>15.</strong></span> <span class='ocrx_word' id='word_1_845' title='bbox 1167 4918 1324 4987; x_wconf 75' lang='lat' dir='ltr'><strong>projiciam</strong></span> <span class='ocrx_word' id='word_1_846' title='bbox 1341 4934 1391 4971; x_wconf 84' lang='lat' dir='ltr'><strong>sos</strong></span> <span class='ocrx_word' id='word_1_847' title='bbox 1408 4935 1426 4970; x_wconf 90' lang='lat' dir='ltr'><strong>a</strong></span> <span class='ocrx_word' id='word_1_848' title='bbox 1443 4919 1522 4982; x_wconf 78' lang='lat' dir='ltr'><strong>facie</strong></span> <span class='ocrx_word' id='word_1_849' title='bbox 1541 4936 1612 4986; x_wconf 87' lang='lat' dir='ltr'><strong>mea,</strong></span> <span class='ocrx_word' id='word_1_850' title='bbox 1631 4919 1704 4973; x_wconf 83' lang='lat' dir='ltr'><strong>sicrrt</strong></span> <span class='ocrx_word' id='word_1_851' title='bbox 1715 4921 1832 4989; x_wconf 80' lang='lat' dir='ltr'><strong>projeci</strong></span> <span class='ocrx_word' id='word_1_852' title='bbox 1843 4940 1900 4977; x_wconf 87' lang='lat' dir='ltr'><strong>ora·</strong></span> 
     </span>
     <span class='ocr_line' id='line_1_57' title="bbox 87 5000 1899 5076; baseline 0.001 -16"><span class='ocrx_word' id='word_1_853' title='bbox 87 5018 173 5061; x_wconf 79' lang='lat' dir='ltr'><strong>tstntt</strong></span> <span class='ocrx_word' id='word_1_854' title='bbox 202 5002 257 5074; x_wconf 90' lang='lat' dir='ltr'><strong>piis</strong></span> <span class='ocrx_word' id='word_1_855' title='bbox 275 5007 389 5074; x_wconf 85' lang='lat' dir='ltr'><strong>propter</strong></span> <span class='ocrx_word' id='word_1_856' title='bbox 411 5000 553 5057; x_wconf 87' lang='lat' dir='ltr'><strong>Christum</strong></span> <span class='ocrx_word' id='word_1_857' title='bbox 581 5002 733 5072; x_wconf 86' lang='lat' dir='ltr'><strong>promissae</strong></span> <span class='ocrx_word' id='word_1_858' title='bbox 756 5004 870 5075; x_wconf 85' lang='lat' dir='ltr'><strong>quidam</strong></span> <span class='ocrx_word' id='word_1_859' title='bbox 895 5012 980 5076; x_wconf 88' lang='lat' dir='ltr'><strong>typus</strong></span> <span class='ocrx_word' id='word_1_860' title='bbox 1003 5024 1037 5064; x_wconf 88' lang='lat' dir='ltr'><strong>ac</strong></span> <span class='ocrx_word' id='word_1_861' title='bbox 1063 5024 1112 5062; x_wconf 86' lang='lat' dir='ltr'><strong>nes</strong></span> <span class='ocrx_word' id='word_1_862' title='bbox 1130 5007 1242 5070; x_wconf 77' lang='lat' dir='ltr'><strong>fratres</strong></span> <span class='ocrx_word' id='word_1_863' title='bbox 1260 5011 1376 5072; x_wconf 84' lang='lat' dir='ltr'><strong>vestros,</strong></span> <span class='ocrx_word' id='word_1_864' title='bbox 1394 5003 1554 5058; x_wconf 83' lang='lat' dir='ltr'><strong>uniuersum</strong></span> <span class='ocrx_word' id='word_1_865' title='bbox 1571 5022 1663 5059; x_wconf 87' lang='lat' dir='ltr'><strong>semen</strong></span> <span class='ocrx_word' id='word_1_866' title='bbox 1682 5007 1824 5075; x_wconf 82' lang='lat' dir='ltr'><strong>Ephraim</strong></span> <span class='ocrx_word' id='word_1_867' title='bbox 1841 5006 1899 5076; x_wconf 93' lang='lat' dir='ltr'><strong>(ubi</strong></span> 
     </span>
     <span class='ocr_line' id='line_1_58' title="bbox 199 5087 1902 5166; baseline 0.003 -23"><span class='ocrx_word' id='word_1_868' title='bbox 199 5089 394 5160; x_wconf 80' lang='lat' dir='ltr'><strong>praeludium.</strong></span> <span class='ocrx_word' id='word_1_869' title='bbox 434 5087 515 5142; x_wconf 88' lang='lat' dir='ltr'><strong>Prius</strong></span> <span class='ocrx_word' id='word_1_870' title='bbox 532 5095 642 5144; x_wconf 86' lang='lat' dir='ltr'><strong>constat</strong></span> <span class='ocrx_word' id='word_1_871' title='bbox 658 5105 692 5143; x_wconf 89' lang='lat' dir='ltr'><strong>ex</strong></span> <span class='ocrx_word' id='word_1_872' title='bbox 711 5105 752 5154; x_wconf 92' lang='lat' dir='ltr'><strong>eo,</strong></span> <span class='ocrx_word' id='word_1_873' title='bbox 773 5090 850 5161; x_wconf 86' lang='lat' dir='ltr'><strong>quod</strong></span> <span class='ocrx_word' id='word_1_874' title='bbox 875 5091 905 5146; x_wconf 92' lang='lat' dir='ltr'><strong>in</strong></span> <span class='ocrx_word' id='word_1_875' title='bbox 922 5094 1036 5163; x_wconf 90' lang='lat' dir='ltr'><strong>promis·</strong></span> <span class='ocrx_word' id='word_1_876' title='bbox 1064 5110 1114 5166; x_wconf 90' lang='lat' dir='ltr'><strong>per</strong></span> <span class='ocrx_word' id='word_1_877' title='bbox 1129 5107 1221 5147; x_wconf 85' lang='lat' dir='ltr'><strong>semen</strong></span> <span class='ocrx_word' id='word_1_878' title='bbox 1232 5089 1374 5159; x_wconf 84' lang='lat' dir='ltr'><strong>Ephraim</strong></span> <span class='ocrx_word' id='word_1_879' title='bbox 1390 5090 1583 5163; x_wconf 82' lang='lat' dir='ltr'><strong>intelliguntur</strong></span> <span class='ocrx_word' id='word_1_880' title='bbox 1600 5091 1697 5148; x_wconf 92' lang='lat' dir='ltr'><strong>decem</strong></span> <span class='ocrx_word' id='word_1_881' title='bbox 1714 5092 1815 5159; x_wconf 85' lang='lat' dir='ltr'><strong>tribus,</strong></span> <span class='ocrx_word' id='word_1_882' title='bbox 1833 5091 1902 5164; x_wconf 82' lang='lat' dir='ltr'><strong>quia</strong></span> 
     </span>
     <span class='ocr_line' id='line_1_59' title="bbox 202 5172 1902 5250; baseline 0.004 -23"><span class='ocrx_word' id='word_1_883' title='bbox 202 5175 280 5230; x_wconf 90' lang='lat' dir='ltr'><strong>sione</strong></span> <span class='ocrx_word' id='word_1_884' title='bbox 298 5173 439 5241; x_wconf 81' lang='lat' dir='ltr'><strong>Abrahae,</strong></span> <span class='ocrx_word' id='word_1_885' title='bbox 458 5172 566 5230; x_wconf 83' lang='lat' dir='ltr'><strong>Jacobo</strong></span> <span class='ocrx_word' id='word_1_886' title='bbox 586 5180 615 5229; x_wconf 89' lang='lat' dir='ltr'><strong>et</strong></span> <span class='ocrx_word' id='word_1_887' title='bbox 628 5173 725 5230; x_wconf 88' lang='lat' dir='ltr'><strong>isaaco</strong></span> <span class='ocrx_word' id='word_1_888' title='bbox 739 5175 806 5232; x_wconf 86' lang='lat' dir='ltr'><strong>deta</strong></span> <span class='ocrx_word' id='word_1_889' title='bbox 823 5177 892 5232; x_wconf 89' lang='lat' dir='ltr'><strong>haec</strong></span> <span class='ocrx_word' id='word_1_890' title='bbox 908 5177 964 5233; x_wconf 92' lang='lat' dir='ltr'><strong>duo</strong></span> <span class='ocrx_word' id='word_1_891' title='bbox 975 5197 1037 5250; x_wconf 90' lang='lat' dir='ltr'><strong>per·</strong></span> <span class='ocrx_word' id='word_1_892' title='bbox 1064 5194 1112 5234; x_wconf 85' lang='lat' dir='ltr'><strong>rex</strong></span> <span class='ocrx_word' id='word_1_893' title='bbox 1129 5193 1224 5233; x_wconf 85' lang='lat' dir='ltr'><strong>earum</strong></span> <span class='ocrx_word' id='word_1_894' title='bbox 1240 5175 1390 5231; x_wconf 83' lang='lat' dir='ltr'><strong>Jeroboaru</strong></span> <span class='ocrx_word' id='word_1_895' title='bbox 1403 5184 1463 5233; x_wconf 90' lang='lat' dir='ltr'><strong>erat</strong></span> <span class='ocrx_word' id='word_1_896' title='bbox 1480 5194 1514 5232; x_wconf 87' lang='grc' dir='ltr'><strong>ιι</strong></span> <span class='ocrx_word' id='word_1_897' title='bbox 1534 5178 1609 5234; x_wconf 90' lang='lat' dir='ltr'><strong>tribu</strong></span> <span class='ocrx_word' id='word_1_898' title='bbox 1623 5176 1771 5248; x_wconf 80' lang='lat' dir='ltr'><strong>Ephraim3</strong></span> <span class='ocrx_word' id='word_1_899' title='bbox 1791 5183 1902 5234; x_wconf 84' lang='lat' dir='ltr'><strong>constat</strong></span> 
     </span>
     <span class='ocr_line' id='line_1_60' title="bbox 202 5261 1901 5334; baseline 0.003 -19"><span class='ocrx_word' id='word_1_900' title='bbox 202 5266 288 5331; x_wconf 90' lang='lat' dir='ltr'><strong>petuo</strong></span> <span class='ocrx_word' id='word_1_901' title='bbox 307 5262 529 5333; x_wconf 82' lang='lat' dir='ltr'><strong>conjunguntur:</strong></span> <span class='ocrx_word' id='word_1_902' title='bbox 551 5261 659 5317; x_wconf 82' lang='lat' dir='ltr'><strong>Semini</strong></span> <span class='ocrx_word' id='word_1_903' title='bbox 678 5268 725 5315; x_wconf 84' lang='lat' dir='ltr'><strong>tao</strong></span> <span class='ocrx_word' id='word_1_904' title='bbox 743 5263 818 5317; x_wconf 85' lang='lat' dir='ltr'><strong>dabo</strong></span> <span class='ocrx_word' id='word_1_905' title='bbox 836 5271 942 5318; x_wconf 87' lang='lat' dir='ltr'><strong>terram</strong></span> <span class='ocrx_word' id='word_1_906' title='bbox 965 5267 1038 5321; x_wconf 89' lang='lat' dir='ltr'><strong>hane</strong></span> <span class='ocrx_word' id='word_1_907' title='bbox 1063 5270 1165 5328; x_wconf 91' lang='lat' dir='ltr'><strong>autem,</strong></span> <span class='ocrx_word' id='word_1_908' title='bbox 1182 5278 1229 5318; x_wconf 88' lang='lat' dir='ltr'><strong>eas</strong></span> <span class='ocrx_word' id='word_1_909' title='bbox 1246 5277 1281 5317; x_wconf 86' lang='lat' dir='ltr'><strong>ex</strong></span> <span class='ocrx_word' id='word_1_910' title='bbox 1297 5263 1460 5334; x_wconf 81' lang='lat' dir='ltr'><strong>captivitate</strong></span> <span class='ocrx_word' id='word_1_911' title='bbox 1483 5280 1539 5319; x_wconf 91' lang='lat' dir='ltr'><strong>non</strong></span> <span class='ocrx_word' id='word_1_912' title='bbox 1563 5262 1649 5318; x_wconf 85' lang='lat' dir='ltr'><strong>fuisse</strong></span> <span class='ocrx_word' id='word_1_913' title='bbox 1665 5267 1808 5332; x_wconf 71' lang='lat' dir='ltr'><strong>serenas).</strong></span> <span class='ocrx_word' id='word_1_914' title='bbox 1831 5280 1856 5325; x_wconf 90' lang='lat' dir='ltr'><strong>c.</strong></span> <span class='ocrx_word' id='word_1_915' title='bbox 1873 5268 1901 5332; x_wconf 80' lang='lat'><strong>3,</strong></span> 
     </span>
    </p>
   </div>
   <div class='ocr_carea' id='block_1_5' title="bbox 203 5347 1902 5421">
    <p class='ocr_par' dir='ltr' id='par_1_5' title="bbox 203 5347 1902 5421">
     <span class='ocr_line' id='line_1_61' title="bbox 203 5347 1902 5421; baseline 0.004 -21"><span class='ocrx_word' id='word_1_916' title='bbox 203 5355 230 5401; x_wconf 89' lang='lat' dir='ltr'><strong>et</strong></span> <span class='ocrx_word' id='word_1_917' title='bbox 250 5347 467 5403; x_wconf 72' lang='lat' dir='ltr'><strong>inseminatum</strong></span> <span class='ocrx_word' id='word_1_918' title='bbox 488 5347 796 5403; x_wconf 79' lang='lat' dir='ltr'><strong>berredicentaromnea</strong></span> <span class='ocrx_word' id='word_1_919' title='bbox 825 5358 921 5420; x_wconf 80' lang='lat' dir='ltr'><strong>pentes</strong></span> <span class='ocrx_word' id='word_1_920' title='bbox 937 5350 1037 5408; x_wconf 83' lang='lat' dir='ltr'><strong>Genea.</strong></span> <span class='ocrx_word' id='word_1_921' title='bbox 1063 5369 1090 5406; x_wconf 83' lang='lat' dir='ltr'><strong>v.</strong></span> <span class='ocrx_word' id='word_1_922' title='bbox 1112 5356 1155 5408; x_wconf 87' lang='lat' dir='ltr'><strong>tt:</strong></span> <span class='ocrx_word' id='word_1_923' title='bbox 1175 5349 1260 5403; x_wconf 82' lang='lat' dir='ltr'><strong>Dabo</strong></span> <span class='ocrx_word' id='word_1_924' title='bbox 1278 5349 1441 5405; x_wconf 84' lang='lat' dir='ltr'><strong>Jerusalem</strong></span> <span class='ocrx_word' id='word_1_925' title='bbox 1460 5351 1491 5405; x_wconf 90' lang='lat' dir='ltr'><strong>in</strong></span> <span class='ocrx_word' id='word_1_926' title='bbox 1509 5365 1625 5405; x_wconf 84' lang='lat' dir='ltr'><strong>acervos</strong></span> <span class='ocrx_word' id='word_1_927' title='bbox 1647 5351 1778 5421; x_wconf 80' lang='lat' dir='ltr'><strong>lepidum</strong></span> <span class='ocrx_word' id='word_1_928' title='bbox 1804 5359 1830 5406; x_wconf 87' lang='lat' dir='ltr'><strong>et</strong></span> <span class='ocrx_word' id='word_1_929' title='bbox 1854 5367 1902 5406; x_wconf 82' lang='lat' dir='ltr'><strong>eu·</strong></span> 
     </span>
    </p>
   </div>
   <div class='ocr_carea' id='block_1_6' title="bbox 0 0 2030 6005">
    <p class='ocr_par' dir='ltr' id='par_1_6' title="bbox 0 0 2030 6005">
     <span class='ocr_line' id='line_1_62' title="bbox 0 0 2030 6005; baseline 0 0"><span class='ocrx_word' id='word_1_930' title='bbox 0 0 2030 6005; x_wconf 95' lang='lat' dir='ltr'><strong> </strong></span> 
     </span>
    </p>
   </div>
  </div>
 </body>
</html>
