4050 6014
184 325 243 384 202
833 317 1062 376 TRACTATUS
1081 319 1260 384 QUARTUS

180 489 259 555 mati,
288 496 318 542 ut
341 490 479 554 furantur
505 493 618 558 retundo,
643 492 687 546 uti
709 493 805 547 volunt
823 495 896 548 Deo.
936 493 1012 548 Idem
1041 492 1248 561 constrincerit,
1272 493 1421 562 ariptieare
1445 493 1582 549 dederam.
1618 495 1659 548 Et
1685 493 1758 549 sicut
1775 494 1810 559 is,
1829 493 1880 564 arti

180 573 230 628 lib.
249 574 617 648 5.contradulian.Pelag.:
640 577 717 640 Quid
725 580 1013 649 estgaasinonutan·
1040 578 1118 632 cruci
1145 579 1286 647 affigitur,
1310 597 1366 633 non
1390 580 1456 648 jam
1474 581 1639 649 praesentia
1663 581 1879 650 cousuetam,

183 668 238 728 tur,
263 661 321 714 nisi
343 679 398 716 non
423 663 556 730 diligant,
579 682 633 732 aaa
658 673 781 729 mantus,
807 666 939 736 quoniam
957 666 1014 720 tale
1040 683 1089 718 nac
1108 666 1144 719 de
1159 665 1218 719 suis
1238 665 1430 736 affectionibus
1449 667 1563 734 condat,
1586 685 1642 720 non
1664 685 1720 739 pro
1745 669 1794 722 die
1814 685 1877 722 era·

183 755 231 811 est,
259 754 289 799 ut
307 747 373 800 bene
392 748 477 802 aliter
505 768 562 804 nou
579 756 713 805 utantur?
751 752 893 806 Praeterit
918 754 1014 822 sipara
1040 753 1113 806 stino
1130 752 1310 808 solicitudine
1335 770 1459 824 curaque
1478 753 1659 818 distenditur,
1685 754 1768 808 nulla
1785 754 1878 824 possi·

183 833 267 901 liujus
294 835 410 899 mandi;
437 841 576 907 quotquot
601 853 668 908 ergo
691 838 848 894 inordinato
872 845 902 894 et
929 837 1014 892 nimio
1042 839 1131 890 dardi
1155 839 1378 908 concupiscentia
1401 847 1590 907 permovetur,
1620 839 1701 892 nulla
1732 840 1877 908 supoehim

183 936 277 975 amore
297 920 401 977 mundo
419 921 580 990 adhaerent,
606 941 662 978 una
680 943 743 979 cum
768 926 871 981 mundo
895 930 1015 997 praeter·
1041 925 1122 979 natta
1133 925 1314 991 contentione,
1324 925 1405 979 nulla
1414 925 1600 980 aemulatione
1610 926 1802 989 succenditur,
1820 945 1878 980 aon

182 1014 266 1063 eunte
282 1014 469 1078 praetereunt,
487 1009 541 1064 imo
560 1018 684 1080 pereunt.
724 1011 876 1083 Gregorius
898 1017 969 1082 part
990 1015 1013 1065 3.
1042 1012 1077 1064 de
1098 1012 1294 1080 praesentitur
1318 1012 1395 1066 dalet
1421 1011 1545 1081 injuriis,
1571 1029 1627 1066 non
1649 1011 1878 1081 prmmritarass

182 1110 265 1148 curae
288 1094 419 1164 pastoral.
438 1095 638 1153 admonitis:
662 1097 803 1151 Praeterit
820 1100 913 1165 aaran
930 1098 1014 1166 hujus
1035 1099 1101 1166 jam
1120 1100 1290 1151 recordatur
1303 1114 1395 1166 seque,
1415 1115 1475 1151 aem
1492 1098 1585 1152 adhue
1599 1099 1692 1170 spirat
1704 1099 1734 1152 in
1748 1115 1877 1169 corpore,

182 1181 288 1248 mrrndi,
307 1181 376 1234 dicit
397 1183 552 1250 apostolus,
570 1201 605 1237 ac
623 1184 649 1236 si
666 1193 796 1252 patenter
820 1186 911 1251 duat,
928 1185 1015 1237 nolite
1041 1185 1148 1237 canetis
1166 1184 1309 1237 minentis
1327 1186 1417 1238 credit
1441 1200 1500 1238 esse
1518 1185 1691 1251 defunctum,
1712 1184 1782 1238 illuc
1791 1202 1877 1254 prae·

181 1273 343 1321 constanter
368 1271 502 1322 mundum
527 1269 655 1335 stiliano,
683 1272 797 1340 quando
824 1279 848 1325 et
875 1272 935 1341 ipse
958 1290 1012 1324 non
1041 1270 1150 1323 mittem
1158 1270 1205 1323 sui
1220 1270 1316 1325 cordis
1334 1270 1472 1334 intuitum,
1491 1288 1587 1339 quase
1600 1289 1657 1325 non
1672 1271 1783 1324 dabdat
1796 1269 1877 1324 illice

181 1360 280 1422 potest,
306 1371 386 1422 auem
414 1355 544 1424 diligites,
577 1365 661 1420 stare,
687 1356 828 1410 incassum
855 1374 905 1410 cor
933 1359 1017 1426 quasi
1041 1357 1246 1420 transilieram,-
1272 1357 1313 1410 ita
1332 1375 1383 1411 nos
1402 1374 1510 1428 meaque
1529 1359 1630 1410 timore
1648 1356 1769 1411 Domini
1786 1359 1878 1412 cruci·

183 1448 324 1494 resonantes
341 1441 437 1509 figitis,
457 1443 525 1494 dum
537 1443 613 1511 tispit
633 1443 702 1511 ipse,
722 1460 801 1512 quem
816 1444 926 1513 amatis,
944 1460 1016 1514 qnae
1036 1445 1111 1509 fisos
1132 1450 1241 1511 oportet
1260 1443 1454 1505 tirannicus,
1477 1441 1510 1495 id
1533 1450 1573 1497 est
1592 1463 1648 1497 non
1665 1443 1757 1498 solum
1775 1462 1877 1497 corrm-

182 1525 269 1580 verba
285 1528 387 1597 repetit
404 1527 553 1583 Aneelmus
571 1529 598 1583 iu
617 1547 716 1586 comm.
735 1529 761 1586 h.
775 1529 793 1586 Ι.
811 1529 923 1595 Confer,
944 1548 1015 1601 quae
1040 1529 1114 1582 libus
1137 1529 1223 1596 uitiis,
1249 1547 1344 1583 auum
1371 1529 1458 1582 etiam
1484 1529 1556 1598 ipsis
1580 1530 1878 1599 numentanorum

182 1612 217 1666 de
237 1613 291 1668 hoc
309 1615 462 1685 apostolico
484 1615 559 1671 dicto
578 1617 704 1686 superius
724 1618 748 1685 θ.
768 1624 791 1672 e.
811 1616 904 1672 allata
928 1615 1014 1673 Nimi-
1041 1631 1110 1683 esec,
1130 1614 1200 1669 r'tluc
1227 1616 1355 1671 trabernas
1375 1616 1472 1669 ocutos
1491 1615 1603 1668 animae
1621 1622 1735 1670 nostrae
1764 1617 1879 1681 daneon

182 1716 242 1752 rum
274 1701 405 1771 proponit
431 1701 512 1756 nobie
542 1703 684 1773 apostolus
719 1703 774 1758 duo
806 1702 1015 1769 consideranda,
1041 1720 1095 1770 arto
1115 1720 1165 1756 nos
1184 1718 1301 1770 apuam
1319 1702 1448 1756 mecenas
1467 1702 1614 1756 momemis
1631 1702 1754 1770 unatrita
1771 1703 1878 1774 migra·

184 1803 302 1856 quornm
325 1787 427 1842 intuitu
447 1805 496 1844 cor
512 1795 638 1844 nostrum
652 1789 689 1844 ab
706 1807 798 1845 amore
820 1790 914 1844 mundi
938 1807 1013 1844 aver·
1040 1795 1125 1842 turos.
1165 1793 1187 1843 1.
1206 1787 1271 1843 ton.
1295 1794 1319 1855 2,
1345 1806 1371 1846 v.
1396 1793 1440 1844 152
1467 1788 1565 1842 Nolite
1597 1788 1718 1856 diligere
1744 1791 1880 1844 mundum

183 1879 242 1928 tere
259 1872 405 1942 possimne,
425 1877 566 1944 receperis,
584 1894 640 1946 quo
660 1876 687 1931 in
700 1878 802 1931 mundo
819 1878 921 1932 versari
934 1877 1015 1932 nobis
1040 1890 1128 1942 necue
1147 1891 1189 1942 ea,
1214 1890 1287 1944 meae
1307 1883 1371 1928 sant
1396 1876 1425 1928 in
1442 1877 1563 1944 mundo,-
1593 1893 1619 1930 v.
1640 1880 1682 1931 17.
1715 1883 1740 1931 et
1758 1879 1880 1930 mundus

182 1958 286 2023 datum,
299 1961 477 2027 exiquitatem
486 1968 515 2018 et
524 1963 623 2016 inundi
634 1963 721 2033 ipsius
734 1964 922 2019 evanescentis
934 1966 1016 2029 mem
1040 1961 1143 2014 transit
1163 1969 1189 2015 et
1207 1961 1433 2030 concupiscentia
1450 1963 1521 2031 ejus,
1544 1962 1562 2016 i.
1584 1979 1608 2016 e.
1626 1961 1693 2032 quia
1710 1962 1832 2017 mundus
1850 1969 1881 2018 at

182 2064 216 2099 ac
243 2046 412 2115 nunidem,-
440 2055 547 2116 tempus
577 2051 655 2103 brem
681 2057 721 2103 cst
746 2058 772 2103 et
800 2052 892 2118 figura
917 2051 1017 2105 mundi
1041 2047 1141 2112 omnia,
1166 2063 1237 2117 quae
1261 2052 1325 2101 sunt
1351 2047 1379 2100 iu
1398 2064 1440 2115 co,
1465 2047 1596 2118 opinione
1618 2047 1700 2103 cititn
1724 2052 1880 2117 munt,

181 2133 266 2201 injus
279 2134 426 2201 praeterit,
447 2151 514 2206 ergo
524 2134 564 2188 ita
579 2135 681 2189 mundo
699 2142 784 2201 utera
801 2152 835 2190 ac
854 2137 877 2190 ei
896 2137 1015 2193 mundus
1041 2131 1104 2188 ideo
1124 2150 1179 2188 uon
1200 2133 1331 2189 debemus
1349 2134 1433 2190 corde
1451 2139 1546 2190 nostro
1563 2134 1587 2190 ei
1602 2133 1809 2200 adhaerescere,
1830 2136 1879 2190 sed

182 2236 238 2275 non
258 2225 340 2290 esset,
365 2236 429 2275 mox
452 2220 524 2276 enim
549 2239 582 2275 ex
605 2239 637 2277 ec
660 2221 711 2276 tibi
728 2222 927 2292 emigrandum,
951 2240 1015 2279 mox
1041 2220 1163 2274 animum
1180 2226 1209 2274 et
1227 2238 1276 2276 cor
1288 2219 1323 2274 ad
1337 2220 1435 2289 Deam,
1454 2220 1502 2292 qui
1520 2220 1548 2274 in
1566 2225 1710 2275 aeternum
1724 2227 1878 2291 permanet,

183 2304 290 2359 videbis
309 2305 400 2374 ipsum
417 2321 588 2362 evanescere.
622 2307 684 2364 Gal.
705 2315 730 2377 6,
747 2327 772 2362 v.
795 2314 838 2364 tt:
857 2311 914 2364 Per
935 2310 1013 2364 Giri-
1041 2307 1157 2362 elevare.
1194 2307 1368 2378 Augustinus
1390 2306 1438 2365 lib.
1465 2314 1487 2363 5.
1507 2311 1594 2362 contr.
1614 2306 1686 2360 Jul.:
1719 2308 1786 2363 Non
1803 2308 1879 2362 dicit

182 2398 253 2444 stum
277 2391 346 2444 mihi
367 2391 518 2459 crucifissus
542 2400 582 2447 est
600 2396 720 2447 mundus
739 2402 764 2449 et
784 2412 834 2461 epo
853 2398 966 2467 mando,
986 2395 1014 2448 id
1041 2394 1195 2459 Jotrannes,
1210 2395 1297 2448 nolite
1310 2394 1352 2447 uti
1363 2396 1476 2459 mundo,
1497 2394 1550 2447 sed
1560 2393 1647 2447 nolite
1665 2395 1787 2463 ildipere
1802 2414 1879 2448 nsun-

141 2534 143 2538 ,
184 2483 226 2531 est
244 2494 314 2548 quae
342 2478 460 2532 mundus
484 2486 595 2550 reputat
618 2497 737 2550 crucem,
760 2499 812 2553 ego
836 2481 951 2536 deheim
973 2498 1015 2536 re·
1042 2482 1117 2537 dunt.
1138 2481 1193 2544 Qui
1208 2480 1281 2533 cuim
1293 2498 1349 2534 uon
1368 2480 1496 2548 ¹dilicuit
1513 2480 1609 2541 ulitur.
1627 2480 1711 2550 quati
1729 2499 1785 2536 non
1799 2489 1879 2536 mens

182 2569 260 2633 puto,
281 2569 400 2635 atquae
417 2565 535 2620 mundns
553 2566 667 2622 delicias
684 2574 804 2639 reputat,
831 2583 884 2639 ego
905 2584 1015 2623 crucem
1041 2567 1138 2634 utitur,
1158 2567 1226 2636 qaia
1243 2566 1378 2634 nunejus
1397 2565 1543 2620 reicaasa
1567 2566 1663 2635 utitur,
1685 2569 1739 2621 sed
1755 2567 1878 2622 abarim

183 2656 288 2720 reputa.
327 2649 483 2716 Graecifiaus
502 2670 563 2706 sum
580 2655 685 2708 arundo
708 2672 761 2724 per
779 2653 929 2718 Christum,
953 2654 971 2710 i.
991 2671 1014 2711 e.
1042 2669 1125 2720 quam
1145 2653 1266 2722 diligens
1287 2653 1418 2722 intuetur,
1445 2659 1474 2704 ut
1498 2651 1582 2706 etiarn
1606 2670 1662 2706 non
1681 2653 1804 2724 diligens
1824 2656 1879 2709 trac

182 2753 245 2790 cum
262 2733 372 2793 Christo
390 2737 520 2794 crucifixo
540 2744 569 2793 et
582 2741 735 2813 peripsum
749 2741 852 2797 mundo
868 2759 928 2795 sum
944 2758 1014 2797 mor·
1041 2745 1145 2798 utatm.
1166 2738 1278 2794 Dehas
1297 2739 1392 2793 mundi
1407 2744 1435 2793 et
1454 2756 1546 2794 rerum
1563 2739 1764 2797 mundanarum
1782 2741 1880 2814 lugani

182 2829 255 2891 tuus,
269 2839 303 2879 ac
314 2824 410 2879 mundi
424 2824 552 2895 honores,
564 2827 731 2897 voluptates,
748 2827 870 2896 divitiae,
886 2826 952 2883 odia
963 2832 1014 2884 ete.
1041 2823 1222 2879 instabilitate
1248 2832 1275 2879 et
1293 2824 1421 2880 instabili
1447 2823 1602 2895 fugacitate
1627 2825 1741 2896 pulchre
1766 2826 1881 2882 disserit

182 2927 239 2966 non
256 2926 300 2965 me
316 2910 406 2981 magis
425 2910 552 2966 afficiunt
570 2929 652 2984 quem
667 2918 815 2981 mortuum,
836 2930 873 2986 ac
893 2913 1013 2968 sicusim
1042 2911 1235 2968 Nazianzenus
1263 2917 1340 2968 tract.
1369 2911 1403 2966 de
1430 2911 1504 2966 vitae
1531 2911 1650 2967 itinerih.
1680 2912 1729 2985 qni
1757 2913 1810 2969 sub
1830 2913 1878 2970 fin.

182 2997 281 3052 eadem
298 3002 356 3053 tam
373 3013 428 3053 non
448 3003 569 3070 tangunt
588 3015 621 3054 ac
633 2999 760 3055 afficiunt
771 3017 823 3069 me,
842 3017 875 3055 ac
889 3000 912 3055 si
923 3006 1016 3055 esseut
1042 3003 1263 3069 operumexstat.
1284 2998 1418 3053 Humana
1428 2997 1531 3063 omnia,
1548 2997 1661 3071 (inquit)
1678 3007 1776 3070 metus,
1792 3002 1880 3073 riam,

183 3089 294 3139 mortua
313 3088 341 3138 et
359 3082 522 3148 inefficacia,
547 3085 614 3156 quia
636 3086 728 3141 omnia
751 3086 828 3142 brevi
851 3092 917 3142 sunt
934 3087 1015 3143 mori·
1043 3086 1156 3156 lanugo,
1177 3085 1285 3151 uncino,
1304 3102 1361 3150 ros,
1382 3086 1474 3155 ttatue,
1488 3084 1608 3153 volatus,
1619 3103 1719 3155 uapor,
1730 3087 1879 3156 somnium,

182 3177 253 3239 tura,
279 3169 308 3223 id
332 3175 374 3225 est
397 3170 548 3226 transitura
571 3188 604 3226 ac
626 3171 756 3242 peritura.
793 3173 966 3244 Augustinus
988 3175 1015 3231 in
1038 3173 1151 3241 ductas,
1171 3171 1251 3226 tracis
1269 3170 1421 3242 satiatum,
1440 3189 1523 3240 aura,
1536 3171 1641 3241 puteis,
1662 3173 1739 3226 asiis
1759 3174 1879 3243 midam

183 3273 278 3326 expos.
302 3255 381 3327 epist.
405 3255 443 3310 ad
460 3256 537 3314 Gal:
564 3258 693 3312 Mundm
711 3259 781 3314 milti
797 3261 947 3324 crucifissus
965 3269 1016 3328 est,
1040 3266 1179 3328 perpetua
1200 3259 1377 3313 conversione
1400 3257 1508 3312 similia
1533 3257 1628 3311 omnia
1655 3259 1776 3328 volvens,
1804 3279 1879 3316 nunc

183 3351 212 3397 ut
230 3361 272 3400 me
292 3361 347 3397 non
364 3350 464 3411 teneat,
490 3351 517 3398 et
534 3361 584 3414 epo
604 3347 717 3414 mundo,
742 3354 772 3399 ut
791 3364 852 3401 eum
872 3364 928 3400 non
943 3354 1013 3402 tene·
1042 3345 1161 3415 stabelis,
1180 3363 1250 3399 stunc
1269 3352 1376 3408 rotans,
1393 3362 1467 3397 nunc
1485 3345 1594 3414 eatan,
1612 3363 1684 3399 nunc
1697 3347 1783 3416 simu,
1809 3349 1880 3402 anni

185 3448 239 3497 am,
258 3432 278 3485 i.
295 3448 318 3488 e.
336 3439 366 3484 at
384 3447 473 3500 neque
492 3433 613 3485 ruaudus
625 3431 694 3485 milri
703 3433 908 3501 nocereposeit,
927 3450 1016 3502 neque
1043 3432 1219 3502 temporibus,
1240 3432 1346 3496 diense,
1364 3431 1497 3499 noctibas,
1518 3431 1669 3497 laboribus,
1692 3439 1788 3503 morte,
1807 3451 1878 3489 moe·

185 3535 236 3586 epo
251 3519 287 3573 de
302 3519 407 3572 mundo
420 3517 534 3587 aliquid
550 3518 680 3587 cupiam5
699 3524 727 3574 et
744 3520 772 3573 iu
786 3518 834 3574 lib.
849 3519 884 3574 de
903 3520 1016 3576 salum.
1043 3520 1164 3582 roribus,
1190 3517 1387 3586 uoluptatibus,
1411 3517 1523 3586 morbis,
1547 3516 1757 3572 emanantem
1780 3537 1876 3575 secun·

185 3605 357 3661 document:
390 3604 469 3659 saur
493 3604 574 3658 homo
595 3612 718 3660 mortuus
743 3607 773 3659 in
797 3607 926 3675 sepulero
945 3607 1018 3660 nulli
1044 3608 1143 3675 daque
1159 3621 1254 3659 serrem
1275 3604 1453 3672 succmsibus,
1473 3605 1550 3672 qaod
1564 3622 1620 3657 non
1637 3605 1698 3658 sine
1717 3623 1821 3674 maana
1834 3626 1878 3660 so·

185 3692 315 3758 detramt
341 3679 447 3745 nemini
464 3691 601 3746 violemus
624 3693 736 3760 meant,
760 3692 896 3747 steininen
912 3693 1017 3747 calum·
1041 3692 1151 3764 pientia
1170 3709 1188 3744 a
1210 3691 1273 3743 Deo
1302 3691 1486 3756 constitutam,
1513 3696 1543 3742 ut
1572 3690 1715 3744 diseamus
1741 3708 1760 3743 a
1777 3693 1882 3746 stultae

185 3779 288 3845 niatur,
312 3779 447 3831 neminem
470 3779 613 3848 opprimit,
639 3797 694 3833 non
717 3778 823 3834 inuidet
848 3779 935 3843 bonis,
961 3798 1017 3834 non
1044 3785 1140 3831 carnis
1158 3776 1326 3846 capitatione
1341 3782 1458 3830 mentem
1476 3773 1650 3845 abrumpere,
1668 3776 1755 3830 ιίιαιιι
1774 3779 1809 3831 ab
1827 3779 1882 3832 ttae

185 3864 303 3918 insultat
321 3864 414 3929 malis,
433 3883 489 3917 non
509 3864 637 3920 lanariae
655 3867 751 3920 carnis
768 3867 861 3934 sarad,
884 3885 937 3921 non
956 3867 1018 3921 odi·
1048 3866 1108 3918 vita
1126 3864 1249 3919 alienam
1270 3864 1372 3916 aucae
1391 3869 1495 3915 etcum
1514 3861 1606 3916 altero
1624 3865 1729 3917 mando
1746 3867 1882 3919 mundum

186 3969 265 4006 mum
288 3952 409 4020 flamma
438 3951 606 4020 inardescit,
637 3971 692 4006 non
713 3954 871 4022 potentibus
900 3961 949 4007 aut
973 3954 1017 4007 di·
1048 3952 1119 4004 hunc
1144 3950 1340 4003 commutando
1365 3947 1550 4012 difficultates
1575 3965 1669 4003 omnes
1694 3949 1779 4017 luisse
1806 3952 1881 4006 uitae

69 4041 113 4082 Π·
128 4041 172 4085 18⁴.
186 4037 287 4092 vitibrer
306 4038 391 4107 liujus
413 4037 503 4092 seculi
524 4038 668 4105 adalmur,
693 4057 750 4091 non
779 4039 908 4108 inquieta
926 4041 1017 4094 curio-
1046 4038 1243 4104 molestiasque
1256 4035 1337 4101 sorti
1353 4034 1447 4088 animo
1464 4034 1605 4103 perferre.
1630 4033 1733 4090 Confer
1753 4051 1826 4106 quae
1846 4035 1881 4091 de

186 4125 269 4178 ritate
286 4133 430 4194 raptatur,
457 4143 512 4179 nors
529 4125 628 4179 turbae
645 4125 784 4178 masinae
803 4125 859 4178 sibi
875 4127 1017 4179 adstantis
1045 4124 1120 4179 hisce
1145 4123 1226 4177 dictis
1250 4121 1412 4191 apostolicis
1437 4121 1500 4176 Gal.
1528 4127 1553 4189 θ,
1578 4139 1605 4176 ι.
1625 4127 1664 4178 14.
1691 4127 1713 4178 l.
1730 4122 1833 4179 lehun,
1857 4128 1881 4190 1,

186 4229 284 4265 caram
302 4212 382 4279 perit
409 4228 464 4265 non
487 4229 560 4266 auro
576 4217 746 4281 argentoque
770 4211 828 4266 sine
846 4211 941 4281 pollio
965 4212 1018 4265 cir·
1044 4231 1070 4266 v.
1091 4216 1129 4267 15.
1150 4208 1315 4263 adduximus
1333 4207 1461 4277 superins
1480 4212 1502 4271 ἐ.
1523 4214 1547 4266 9.
1570 4205 1682 4262 Utinam
1699 4225 1765 4264 vero
1785 4209 1820 4264 de
1838 4208 1880 4264 iu-

187 4301 334 4353 cundatus
354 4298 535 4366 distenditur,
559 4315 616 4351 non
641 4297 858 4351 salutationibus
876 4305 1019 4366 potatum
1044 4304 1108 4352 tura
1124 4296 1219 4351 mundi
1238 4296 1477 4351 consummatione
1493 4293 1667 4366 frequentius
1693 4295 1881 4367 cogitaremus

187 4386 352 4450 delectatur,
371 4402 427 4438 non
444 4401 473 4437 se
492 4384 610 4454 injuriis
628 4384 736 4453 fatigat
743 4403 753 4449 ,-
772 4401 828 4437 non
847 4400 908 4438 eum
922 4401 1019 4453 saper·
1046 4403 1078 4439 ac
1096 4383 1213 4439 invicem
1231 4382 1467 4454 colloqueremnr3
1495 4381 1535 4435 ita
1553 4380 1680 4451 prolecto
1703 4381 1790 4451 fieret,
1815 4389 1882 4439 uta

186 4471 233 4525 bia
251 4472 342 4541 inflat,
362 4489 417 4524 non
437 4471 552 4525 ambitio
571 4470 654 4538 hujus
668 4469 759 4524 accdi
770 4478 858 4538 amat,
876 4488 933 4523 non
945 4489 1021 4525 rana
1045 4470 1141 4526 mundi
1159 4485 1250 4524 amore
1270 4484 1319 4524 cor
1336 4473 1462 4523 nostrum
1480 4466 1571 4538 magis
1590 4466 1804 4525 abstraheretur.
1821 4468 1880 4526 Sic·

186 4557 282 4626 aloria
300 4559 420 4626 turpiter
432 4558 537 4626 jactat,
560 4573 616 4609 non
645 4555 729 4623 liuius
753 4556 842 4609 secali
863 4556 960 4621 falsae
978 4557 1021 4611 di·
1045 4564 1077 4613 ut
1102 4559 1236 4612 hederam
1259 4554 1354 4609 Jonas
1382 4552 1548 4608 vermiculus
1573 4553 1748 4622 corrodebat,
1771 4553 1837 4611 lon.
1856 4562 1883 4626 4,

185 4644 271 4698 cuiae
295 4644 406 4714 inflant,
429 4661 485 4698 non
510 4643 604 4697 rabin
623 4642 721 4695 uesani
742 4642 856 4705 furoris
888 4644 1020 4713 meabat,
1045 4662 1071 4699 ι.
1093 4649 1115 4698 7.
1138 4642 1178 4697 sic
1197 4639 1325 4695 omnibns
1349 4638 1498 4694 mundanis
1520 4656 1553 4694 ac
1578 4638 1695 4694 terrenis
1721 4639 1804 4695 rebus
1832 4641 1882 4696 ad-

187 4750 242 4787 non
258 4731 448 4802 pulciarma
468 4731 575 4800 macies
591 4730 764 4791 seminarum
785 4731 900 4784 asidam
914 4733 1020 4804 reddit,
1045 4732 1142 4786 haeret
1159 4720 1307 4797 corruptio,
1326 4743 1382 4797 qua
1397 4727 1511 4780 tandem
1532 4725 1730 4781 dissolvuntur.
1750 4726 1881 4792 Quinimo

186 4838 242 4874 non
263 4821 449 4874 contentiones
472 4817 556 4886 hujus
581 4815 670 4870 umet
685 4817 863 4884 perturbant,
889 4835 945 4872 non
970 4837 1020 4874 aa·
1046 4835 1101 4871 non
1125 4815 1213 4870 salum
1238 4813 1385 4883 corruptio,
1411 4813 1460 4868 sed
1482 4818 1511 4868 et
1535 4811 1695 4868 maledictio
1723 4818 1815 4868 terrae
1833 4814 1883 4869 ad·

187 4908 274 4962 dacia
289 4906 404 4972 extollit
422 4923 478 4958 non
496 4903 606 4972 gaudia
620 4902 802 4972 hujusseculi
815 4905 957 4958 delectant
970 4911 1021 4963 etc.
1047 4905 1142 4959 haeret
1160 4900 1230 4956 Gen.
1252 4906 1276 4969 3,
1292 4918 1318 4954 ι.
1339 4905 1379 4956 11.
1399 4916 1481 4955 eccur
1499 4900 1588 4971 igitur
1610 4905 1722 4963 muana
1739 4906 1887 4971 tantopere

188 4996 230 5049 ita
249 4992 440 5066 spiritualiter
449 4991 553 5043 mundo
571 4996 694 5042 mortum
713 4988 785 5042 talia
804 5006 854 5043 nec
865 4992 953 5058 facit,
971 5008 1021 5044 nec
1046 4989 1207 5060 diligimus?
1225 4987 1255 5042 Si
1275 4985 1394 5041 mundus
1413 5003 1462 5057 per
1481 4986 1670 5041 inordinatum
1689 5001 1812 5041 amorem
1827 4987 1886 5042 ani·
1900 5011 1945 5052 11,
1959 5007 1975 5048 ιι

183 5081 305 5152 patitur.
341 5074 555 5133 Cassianuslih.
576 5073 782 5134 tdeinstitut.
799 5076 1020 5135 manicheti:
1048 5090 1109 5128 mae
1130 5079 1242 5129 nostrae
1268 5072 1370 5138 unitur,
1397 5073 1481 5127 etiam
1509 5071 1636 5143 princepe
1671 5071 1768 5125 mundi
1795 5072 1887 5128 eidem

190 5166 266 5220 Orus
283 5172 382 5219 nostra
390 5164 475 5215 timor
493 5162 614 5215 Domini
627 5168 675 5226 est,
696 5162 767 5214 eiciet
786 5178 852 5230 erac
872 5164 1022 5229 crucifissus
1047 5160 1164 5216 unietur.
1200 5160 1244 5213 De
1268 5158 1322 5214 hoc
1340 5159 1435 5213 mundi
1455 5174 1547 5213 amore
1570 5158 1600 5211 iu
1618 5155 1749 5212 cordibus
1771 5158 1887 5213 mortiti-

187 5253 251 5321 quts
262 5253 328 5321 jam
344 5267 400 5302 non
416 5265 473 5319 pro
491 5247 581 5300 animi
596 5248 643 5301 eui
658 5255 733 5301 mata
750 5249 873 5302 membra
887 5267 941 5303 sua
954 5267 1022 5319 qao-
1048 5248 1137 5302 cando
1157 5246 1274 5317 pulchra
1293 5244 1525 5316 philosophantur
1541 5244 1581 5315 pii
1600 5248 1715 5298 veteres.
1749 5244 1885 5317 Augusti·

187 5355 271 5408 auam
300 5335 430 5390 ricoardi
453 5335 497 5388 ael
526 5335 707 5390 conumtendi
736 5334 817 5388 babet
839 5343 1022 5406 potestatem·
1047 5352 1100 5389 nus
1118 5333 1197 5404 epist.
1216 5339 1258 5388 45.
1276 5333 1313 5386 ad
1332 5332 1461 5403 Argum:
1480 5333 1610 5386 Mundus
1621 5338 1700 5384 tanta
1713 5332 1885 5386 rerumlaie

188 5425 230 5477 ita
249 5430 274 5476 et
292 5439 343 5475 nos
360 5422 518 5475 uoluntates
542 5430 656 5474 nostras
682 5437 716 5473 ac
737 5421 881 5475 madata
904 5440 959 5476 non
982 5439 1023 5476 se·
1048 5421 1187 5474 contritus
1207 5426 1255 5487 eat,
1273 5428 1303 5472 ut
1322 5420 1407 5473 etiam
1426 5418 1546 5487 speciem
1563 5418 1735 5473 scandona
1748 5419 1885 5474 mnisoeu.

187 5511 310 5563 cundum
334 5509 375 5571 id,
399 5509 475 5578 quod
499 5508 579 5562 nobis
603 5515 689 5562 usaue
711 5516 753 5560 est
777 5524 811 5560 ac
840 5507 961 5562 deloetat
984 5511 1026 5563 ad
1049 5509 1125 5562 Nam
1135 5514 1267 5575 quamam
1282 5505 1329 5559 itti
1347 5505 1493 5559 laudandi
1506 5512 1590 5574 atque
1601 5505 1801 5574 prmdicandi
1812 5513 1885 5568 ιιιιιι,

184 5611 330 5666 procem,
346 5595 398 5649 sed
416 5596 568 5649 semndum
585 5595 674 5664 tapam
692 5593 822 5663 Domini,
838 5610 892 5662 auo
906 5594 1024 5650 nosilta
1041 5595 1092 5665 aui
1115 5591 1228 5660 dienati
1248 5607 1307 5645 non
1333 5598 1398 5645 ιιιιιι
1424 5590 1510 5646 stiam
1533 5606 1596 5645 cnm
1614 5590 1730 5646 -mundo
1752 5591 1876 5662 ‚donau
