4050 6014
274 356 334 414 111
772 334 778 344 ’
936 342 1329 402 111111111111111

272 504 371 555 aedem
384 502 464 555 nullo
472 502 584 569 nspolio
589 500 748 570 portaverit
758 517 792 554 ac
801 500 884 552 unico
889 500 964 567 pede
973 499 1110 553 maximae
1134 499 1210 565 justo
1222 498 1313 566 majus
1327 496 1371 551 vel
1381 496 1486 567 miuus3
1504 496 1549 550 vel
1560 512 1593 550 ea
1607 494 1712 549 coloris
1726 494 1972 563 dmsmperattou

272 605 396 656 quosque
422 596 516 642 turres
540 589 603 642 loco
616 588 742 654 mouerit,
768 594 824 640 tum
843 587 995 655 quodcum
1012 586 1110 639 1111111·
1136 588 1191 638 etc.
1231 584 1271 637 At
1295 583 1350 638 hae
1370 589 1399 636 st
1419 582 1523 637 similes
1547 597 1648 636 causae
1673 580 1858 635 deformitatis
1880 595 1972 635 omnes

274 674 353 726 simis
370 674 508 728 mondhm
524 675 648 743 perinde
672 681 703 726 ut
716 674 804 742 pueri
822 689 884 724 cum
901 672 966 739 pila
983 672 1109 724 lusorum
1135 682 1155 719 a
1179 665 1269 722 beatis
1289 667 1414 723 aberunt.
1452 668 1543 723 Morbi
1563 674 1591 722 et
1615 673 1743 722 senectus
1768 666 1974 737 depopulantur

274 760 312 812 sil
335 766 421 828 atquc
445 761 476 814 in
495 770 631 814 mmnento
651 760 750 814 etictu
770 759 907 812 oculiad
923 758 1007 811 nubes
1024 773 1110 824 usque
1136 752 1385 820 pulchritudinem,
1403 761 1433 809 at
1451 753 1480 807 in
1507 754 1565 806 vita
1588 759 1701 809 aeterna
1723 769 1775 809 neo
1793 752 1904 819 morbi,
1922 766 1973 806 nec

274 845 394 898 saltarit
411 852 461 899 aut
471 847 539 914 plus
556 863 638 915 prum
654 853 784 898 sescenta
801 845 899 898 stadia
911 861 995 896 cursu
1006 845 1112 910 raptim
1136 838 1245 893 senium
1261 837 1406 893 habebunt
1423 841 1524 894 locum.
1554 844 1582 902 t)
1600 840 1647 892 Eu
1664 840 1753 908 primi
1769 839 1893 892 hortinis
1912 854 1973 891 con·

277 931 412 995 conficid.
450 932 529 984 Tunc
554 931 626 984 enim
649 947 729 984 mera
745 931 799 983 erit
814 931 952 998 potentia,
971 928 1019 980 ubi
1037 943 1110 980 nunc
1136 924 1251 978 ditione.
1292 923 1403 980 Primus
1426 924 1506 980 homo
1533 931 1599 980 ante
1623 925 1731 994 lapsum
1756 933 1817 980 erat
1836 925 1975 980 animast

276 1023 385 1069 tantum
403 1024 444 1071 est
460 1018 622 1084 infirmitas,
640 1032 690 1069 nec
708 1017 863 1084 quidquam
881 1015 938 1083 ipsi
953 1015 1008 1067 erit
1028 1014 1110 1075 factu
1135 1023 1250 1078 corpore
1266 1009 1481 1079 pulcherrimus,
1500 1010 1572 1064 uidit
1588 1013 1661 1065 enim
1678 1013 1757 1063 Deus
1774 1019 1885 1079 canem,
1904 1026 1975 1078 quae

273 1102 463 1171 impossibile,
486 1104 563 1171 quod
586 1103 682 1154 animo
693 1101 866 1168 faciendum
887 1099 1058 1168 conceperit,
1079 1105 1111 1150 ut
1135 1096 1262 1164 faceat,
1292 1104 1318 1149 et
1344 1113 1406 1150 ecce
1434 1104 1516 1149 erant
1541 1096 1614 1150 hona
1637 1098 1722 1151 ualde
1744 1096 1815 1153 Gen.
1837 1105 1861 1166 1,
1885 1115 1914 1153 v.
1933 1103 1974 1154 31.

271 1188 299 1241 si
320 1204 382 1241 cum
402 1188 535 1242 uniuerso
554 1189 659 1240 mundo
679 1204 778 1239 manus
797 1186 865 1240 uelit
883 1202 1043 1247 conserere,
1062 1186 1109 1248 fa·
1136 1177 1294 1234 Chaldaeus
1313 1181 1472 1236 Hebraeum
1489 1171 1547 1232 3111
1564 1181 1687 1237 reddidit
1706 1198 1873 1253 perronem
1893 1186 1975 1250 Ptin,

273 1272 326 1325 cile
344 1273 435 1326 uincet
453 1278 505 1328 eto.
542 1271 645 1327 Confer
664 1287 712 1340 es,
736 1287 808 1342 quae
833 1271 867 1325 de
886 1269 1111 1340 impassibilitate
1136 1266 1211 1335 quod
1226 1265 1365 1337 significat
1380 1275 1495 1333 rectum,
1512 1278 1617 1337 aptum,
1630 1270 1804 1338 conueniens,
1816 1271 1975 1339 pulchram,

275 1358 398 1413 diximus
417 1359 544 1429 nuperius
563 1357 587 1428 ξ,
607 1363 648 1414 89,
1137 1351 1249 1418 clepone
1266 1370 1300 1406 ac
1313 1355 1495 1409 commodum.
1527 1353 1592 1410 lam
1603 1372 1669 1410 vero
1686 1355 1714 1408 11
1727 1355 1786 1410 vita
1796 1363 1914 1410 aeterne
1927 1355 1975 1410 liet

308 1451 350 1501 94.
387 1449 412 1499 6.
431 1444 652 1498 Formosissima
670 1462 705 1497 ac
721 1443 929 1512 pulcherrima,
952 1442 1040 1495 omnis
1060 1443 1111 1493 de·
1137 1434 1368 1501 ἀποκατάστασις,
1379 1435 1496 1495 niutan
1511 1441 1576 1495 Aet.
1589 1444 1613 1506 ³,
1627 1459 1652 1496 v.
1668 1446 1709 1496 21.
1727 1439 1802 1511 Ergo
1816 1440 1975 1511 111111111-

274 1530 433 1596 formitatis
451 1532 586 1599 sapentia,
605 1530 680 1600 quod
693 1528 828 1600 probatur
849 1530 874 1596 1)
893 1546 926 1582 ea
946 1529 1022 1581 dicto
1040 1544 1112 1598 apo·
1138 1520 1327 1577 chritudoilla
1343 1524 1512 1579 restituetur.

273 1617 344 1670 stoli
375 1623 398 1671 1.
423 1615 485 1672 Cor.
508 1622 547 1682 15,
571 1633 598 1674 a.
617 1622 664 1672 ta:
692 1617 856 1670 Seminatur
875 1616 906 1668 in
928 1615 1111 1682 ipnohilitate‚
1173 1646 1214 1696 95¹
1249 1641 1312 1696 Η,ιο
1331 1643 1366 1698 do
1385 1659 1415 1697 m
1433 1643 1473 1697 ,50
1493 1645 1520 1698 10

273 1703 366 1769 surqit
393 1704 423 1754 in
447 1703 552 1770 pluria.
587 1702 705 1767 Quando
732 1717 849 1771 corpora
872 1700 960 1754 instar
977 1700 1112 1754 seminum

274 1793 365 1842 terrae
376 1788 628 1852 mandantur,sunt
640 1788 973 1854 deformiaoadsveross,
986 1785 1112 1851 obscura,
1138 1813 1198 1867 uno
1216 1815 1295 1878 uilio,
1312 1817 1372 1868 ,im
1389 1817 1451 1868 ,pla
1470 1818 1657 1883 dammim,
1676 1818 1723 1874 lib·
1737 1824 1777 1875 ῃ,

274 1873 425 1943 ignobilia,
447 1873 497 1928 sed
520 1880 668 1945 resurgent
691 1873 903 1941 formosissima,
932 1871 1112 1938 nobilissima,
1139 1914 1162 1952 αἱ
1186 1903 1230 1954 ¹9,
1253 1900 1345 1953 Nun,
1364 1901 1418 1954 mq
1437 1902 1477 1966 (in

274 1961 475 2028 splendoribus
487 1961 600 2014 aemma
615 1961 691 2014 solie.
719 1960 748 2028 2)
768 1961 815 2013 Ea
834 1959 1031 2023 conformitate
1051 1974 1112 2009 11111

1522 1651 1646 1715 quuntur
1657 1651 1771 1702 veteres.
1797 1646 1976 1718 Augustinus
1987 1649 2017 1741 g}

1137 1729 1167 1781 in
1186 1727 1263 1782 enah.
1282 1743 1305 1784 1.
1322 1733 1370 1784 91:
1397 1730 1556 1798 desurpent
1579 1748 1702 1802 corpora
1727 1742 1890 1787 sanctorum
1915 1735 1975 1789 sine
1989 1762 2017 1801 pr

1798 1804 2017 1904 unffi&

1496 1902 1658 1972 corporibus
1675 1906 1847 1960 resuscitatis
1860 1906 1898 1961 ad
1916 1907 2017 1998 glo-fg

1138 1989 1218 2052 rrum)
1232 1987 1411 2056 deformitas,
1425 1990 1596 2057 quemfecit
1613 1991 1827 2058 incongruentia
1836 1994 1976 2062 partium,

275 2062 394 2114 00111010
423 2045 540 2100 01111311·
580 2044 707 2100 chriam
737 2061 841 2113 “mm
861 2053 987 2098 mmm
1010 2043 1112 2097 '‘ml“
1138 2071 1187 2123 ubi
1204 2079 1230 2124 et
1247 2088 1320 2140 quae
1333 2091 1428 2142 praua
1446 2083 1518 2142 ment,
1541 2077 1725 2144 corripentur,
1745 2085 1770 2130 et
1787 2080 1977 2146 quodminus

274 2134 421 2196 conforme
435 2133 537 2185 reddet
550 2133 732 2199 corporisne
744 2131 870 2200 plurimo
884 2129 985 2201 Philip.
999 2134 1024 2192 3,
1033 2146 1058 2181 v.
1069 2133 1110 2183 21.

274 2215 355 2285 atqui
366 2215 493 2271 Christus
506 2222 550 2270 est
562 2217 772 2284 pulcherrimus
789 2218 862 2270 inter
879 2216 955 2281 filios
972 2216 1111 2268 hominum

279 2302 383 2361 Psalm.
405 2307 538 2365 1113.
574 2301 601 2370 tl
627 2304 675 2356 Ea
692 2303 892 2367 conformitate
915 2319 976 2355 cum
996 2301 1103 2368 unqelis

276 2386 358 2440 Beati
384 2392 465 2442 erunt
490 2384 643 2459 tociyystos.
678 2386 767 2457 Atqui
792 2387 883 2457 angeli
909 2393 975 2441 sunt
992 2389 1112 2455 spiritus

272 2472 468 2540 pulcherrimi,
487 2472 561 2527 unde
581 2478 717 2526 vocantur
734 2480 814 2525 astra
835 2475 972 2526 matutina
989 2472 1103 2530 ,111138

274 2574 300 2608 v.
321 2562 344 2612 ’1.
362 2562 392 2611 11
409 2565 546 2628 apparent
562 2557 592 2610 in
611 2556 700 2610 torma
714 2557 970 2612 florentissimorum
979 2559 1112 2626 iuuenum

275 2643 364 2699 Marc.
379 2648 419 2710 16,
437 2661 462 2698 v.
480 2650 504 2698 1.
539 2645 567 2709 l)
587 2644 635 2696 Ec
646 2644 764 2710 sulpure
777 2651 803 2697 et
814 2645 953 2699 claritate.
988 2643 1112 2715 Corpora

275 2728 419 2784 beatorum
438 2736 520 2783 erunt
534 2729 619 2793 clara,
638 2728 786 2798 splendide
803 2745 837 2782 ac
855 2728 1001 2800 fulgentia,
1021 2730 1112 2785 ut'de·

276 2814 499 2869 monstravimus.
520 2815 610 2886 Atqui
626 2814 674 2870 ubi
689 2814 783 2886 fulgor
797 2821 826 2869 et
840 2815 960 2884 claritas,
975 2816 1014 2869 ibi
1028 2819 1112 2871 etiam

275 2900 455 2972 pulchritudo
472 2917 507 2955 ac
525 2900 690 2955 formositas.
721 2903 747 2966 5)
766 2903 812 2954 Ec
820 2901 1046 2970 pulchritudinis
1065 2905 1112 2956 ds-

276 2988 410 3051 finitione.
445 2986 610 3040 Aristoteles
630 2986 679 3042 lib.
700 2989 723 3040 3.
743 2986 854 3056 Topic.:
879 2984 910 3041 τὸ
933 2983 1034 3049 κάλλος
1057 2992 1114 3043 rein

276 3075 369 3143 μελῶν
382 3094 423 3136 τις
437 3081 591 3148 συμμετρία
608 3075 686 3128 δοκεῖ
702 3075 782 3138 sluaa,
800 3073 849 3128 ubi
866 3079 961 3128 tamen
980 3078 1114 3145 παχυλοῖς

276 3157 399 3228 loquitur
425 3164 540 3213 11111111
571 3157 714 3230 Scaligero
742 3157 804 3215 libr.
829 3164 854 3214 4.
883 3160 1014 3229 politices,
1046 3166 1114 3229 puta

275 3244 437 3310 camaliter,
456 3244 522 3315 quia
530 3245 717 3314 pulchritudo
736 3263 791 3299 non
810 3254 849 3298 est
864 3246 930 3314 ipsa
943 3246 1113 3312 symmetria,

275 3330 327 3383 scd
340 3329 466 3397 qualitas
479 3346 512 3382 ea
526 3329 580 3383 ula
596 3330 757 3399 symmetria
770 3338 833 3383 orta
842 3330 872 3382 in
882 3331 1026 3399 cateqoria
1036 3330 1111 3383 rela-

277 3414 371 3471 tionis.
388 3413 486 3469 Cicero
500 3413 563 3469 libr.
577 3420 602 3470 3.
616 3415 729 3469 Tuseul
743 3413 841 3470 definit
852 3416 976 3484 corporis
990 3415 1112 3485 pulchri·

157 3511 203 3556 xx.
216 3512 262 3556 llll.
276 3499 401 3554 tudinem
420 3508 517 3571 aptam
533 3501 719 3553 membrorum
736 3503 857 3568 riparum
873 3501 932 3555 siae
951 3503 1113 3566 conforma·

277 3586 378 3639 tionem
402 3603 464 3638 cum
486 3585 591 3639 coloris
612 3589 736 3653 quadam
754 3587 907 3653 monitate,
936 3602 1019 3657 quam
1046 3587 1112 3642 defi·

277 3670 411 3726 nitionem
433 3670 536 3741 repetit
554 3671 730 3741 Augustinus
755 3670 818 3730 libr.
844 3676 884 3728 22.
906 3672 942 3728 ds
965 3673 1041 3728 civit.
1060 3672 1112 3727 Dei
1141 3726 1144 3732 ,

171 3830 174 3835 ¹
277 3773 338 3826 111.
371 3761 416 3811 19:
446 3756 637 3810 Pulchritudo
663 3758 792 3825 corporis
822 3766 862 3810 est
888 3760 1017 3827 partium
1048 3775 1112 3811 con·

276 3843 409 3910 pruentia
422 3860 482 3896 cum
493 3844 618 3910 quadam
627 3843 734 3896 coloris
742 3844 887 3899 1111111111.
909 3843 1112 3898 Piocolomiuus

278 3927 357 3998 grad.
383 3931 408 3985 8.
434 3945 467 3983 ex
491 3927 631 3981 sententia
648 3927 810 3997 Philosophi
835 3933 864 3981 in
884 3934 906 3983 1.
923 3928 1043 3998 metaph.
1063 3929 1113 3983 de·

278 4011 341 4066 linit
357 4013 601 4083 pulchritudinem,
621 4015 698 4081 quod
709 4014 747 4065 sit
757 4014 899 4082 perfectio
914 4015 1062 4082 compositi
1079 4031 1114 4068 eu
1140 4048 1307 4104 Amhelmu,

279 4107 446 4167 conprusnte
465 4098 575 4163 ordine,
593 4115 725 4151 masura
746 4107 773 4151 et
789 4099 899 4151 ratione
913 4101 1113 4167 partiumcon·

278 4199 405 4253 surpens,
425 4184 470 4238 uel
490 4184 660 4254 qualitates
678 4186 762 4237 modo
780 4184 955 4251 quantitatis,
974 4192 1114 4254 tempera·

277 4277 344 4322 tura
361 4270 530 4337 qualitatum
547 4271 709 4338 etparlium
728 4271 785 4322 situ
801 4271 976 4323 conueniente
989 4271 1113 4338 conflata

278 4371 312 4408 ac
327 4362 482 4424 propterea
506 4353 656 4408 delectans.
692 4354 817 4425 Saetiger
831 4354 858 4410 d.
873 4355 904 4408 L:
925 4355 1114 4410 Pulchritudo

278 4448 319 4493 est
349 4456 403 4492 sua
429 4441 565 4508 cujusque
581 4441 676 4508 partis
694 4440 828 4508 primum,
856 4440 960 4492 deinde
983 4448 1113 4508 partium

278 4524 492 4579 commissarum
515 4534 731 4594 temperamento
755 4526 849 4578 oriens
873 4525 1011 4593 qualitas,
1040 4544 1114 4596 quae
1141 4565 1207 4623 Da..

278 4611 526 4678 comprehenditur
553 4612 604 4665 suh
623 4612 745 4667 relatiua
765 4610 898 4678 bonitate,
917 4627 989 4678 quae
1006 4620 1047 4665 est
1063 4630 1113 4666 no·

277 4705 361 4750 turae
384 4700 524 4765 quaedam
548 4699 746 4768 conqruentia,
770 4703 803 4751 ut
828 4702 908 4750 notat
928 4696 1002 4751 idem
1022 4714 1113 4756 exero

279 4785 339 4837 307.
373 4780 414 4836 At
438 4782 490 4836 hae
507 4788 537 4838 et
548 4782 652 4837 similes
671 4783 872 4852 descriptiones
891 4798 986 4837 omnes
1002 4783 1031 4837 in
1048 4783 1112 4840 bes·

279 4872 371 4922 torum
387 4868 549 4938 corporibus
566 4868 657 4923 locum
673 4868 827 4924 inveniunt
856 4870 883 4934 a)
905 4870 951 4922 En
964 4871 1054 4923 omnib
1066 4873 1113 4925 de·

278 4954 437 5017 formitatis
454 4955 612 5010 remotione.
647 4955 760 5011 Summa
772 4970 863 5008 coram
873 4954 934 5010 Deo
956 4955 1114 5011 deformitas

232 5039 235 5044 ⁴
280 5045 322 5093 est
333 5045 495 5111 *peccatum
516 5056 588 5111 quae
603 5046 645 5095 est
662 5040 771 5094 animae
788 5039 865 5095 labes
882 5057 916 5096 ao
928 5041 1054 5110 macula;
1072 5057 1114 5096 ra

279 5132 356 5180 mota
372 5125 425 5182 hac
440 5125 549 5181 animae
569 5124 743 5180 deformitate
758 5142 859 5197 eorpus
877 5144 932 5182 non
946 5133 1041 5199 potest
1059 5143 1114 5182 non

279 5225 340 5265 esso
359 5209 582 5281 pulcherrimum.
621 5209 750 5280 Corporis
774 5212 936 5269 deformitas
960 5214 1048 5268 oritur
1072 5213 1116 5270 vel

1124 5076 1190 5201 ,.

1138 2164 1180 2210 est
1193 2174 1276 2226 quam
1290 2160 1375 2224 decet,
1393 2162 1469 2213 unde
1479 2169 1590 2214 emtor
1602 2162 1686 2226 nouit,
1705 2163 1773 2215 inde
1785 2162 1976 2234 supplebitur,

1138 2249 1165 2295 et
1188 2244 1266 2312 quod
1283 2244 1354 2312 plus
1371 2253 1411 2298 est
1433 2263 1516 2314 quam
1535 2247 1621 2312 decet,
1642 2249 1778 2301 materiae
1799 2251 1976 2304 1111111111-

1105 2342 1111 2352 ·
1138 2328 1268 2397 teqritate
1286 2331 1459 2387 detrahetur.
1485 2331 1595 2386 Coloris
1610 2350 1701 2401 porro
1719 2336 1848 2390 suauitas
1866 2344 1975 2404 quanto

1137 2416 1206 2484 erit,
1231 2416 1281 2468 uhi
1299 2417 1375 2484 justi
1399 2417 1545 2487 sulpehuut
1569 2419 1641 2471 siaiu
1657 2420 1701 2473 sol
1721 2420 1750 2472 in
1768 2436 1854 2489 reqno
1875 2424 1975 2478 Parra

1105 2514 1111 2541 1
1137 2501 1200 2553 sui!
1216 2500 1386 2555 Prudentius
1406 2502 1434 2554 in
1451 2502 1554 2572 hymno
1573 2504 1738 2575 exsequiali:

1276 2639 1366 2707 Haec,
1385 2658 1458 2709 quae
1475 2643 1559 2695 modo
1575 2643 1695 2709 pallida
1717 2644 1780 2698 tahs

1278 2725 1365 2780 Calor
1384 2727 1498 2780 albidus
1517 2729 1613 2797 inlicit,
1632 2745 1698 2783 ossa

1278 2812 1356 2865 Tunc
1368 2813 1444 2880 flore
1456 2813 1598 2867 venustior
1617 2815 1692 2868 omni

1278 2898 1401 2964 Sanquis
1415 2907 1476 2951 culs
1495 2900 1583 2968 tinqet
1601 2917 1728 2954 1111111111.

1276 2984 1353 3036 Nam
1370 2984 1451 3037 nulla
1472 2985 1575 3039 deinde
1591 2993 1716 3040 senoetus

1275 3069 1393 3123 Frontis
1413 3072 1499 3124 deun
1517 3071 1615 3124 inuida
1634 3079 1740 3140 carpet,

1276 3156 1390 3209 Macies
1408 3173 1496 3224 neque
1514 3157 1591 3209 sicca
1607 3157 1731 3211 lacertos

1280 3241 1370 3295 Sitcco
1390 3243 1513 3296 tenuabit
1534 3244 1630 3297 adeso.

1277 3327 1399 3381 Morbus
1417 3346 1525 3397 quoque
1538 3331 1662 3398 pestifer
1681 3337 1769 3395 artus,

1279 3413 1334 3475 uui
1352 3431 1426 3467 nunc
1442 3414 1603 3483 populatur
1621 3416 1746 3483 anhelos,

1278 3499 1339 3553 Sua
1356 3508 1422 3553 tunc
1440 3508 1579 3555 tormenta
1595 3504 1745 3569 semaluos,

1276 3587 1349 3639 Luet
1369 3586 1443 3639 inter
1460 3587 1575 3640 uincula
1595 3588 1682 3642 malle.

1277 3673 1361 3726 Hunc
1382 3674 1489 3726 eminus
1508 3677 1574 3726 airs
1592 3674 1628 3728 oh
1645 3673 1705 3727 alto

1284 3758 1389 3811 Victria
1410 3776 1480 3812 caro
1493 3760 1614 3826 jamque
1628 3759 1764 3827 perennis

1277 3842 1378 3898 Carnu
1397 3845 1457 3898 sine
1473 3846 1533 3912 sine
1552 3853 1709 3912 qsmentem,

1280 3929 1353 3992 Quos
1371 3938 1495 3984 mouerat
1513 3931 1575 3998 ipse
1592 3930 1711 3985 doloret

1325 4049 1354 4102 in
1373 4049 1513 4120 proslogio
1530 4065 1590 4120 cap.
1610 4053 1656 4104 25:
1683 4049 1757 4103 1111
1777 4049 1899 4106 delectu
1917 4051 1976 4122 pul·

1140 4135 1280 4202 chritucla‚
1295 4134 1370 4203 justi
1385 4134 1535 4202 fulqebual
1553 4134 1686 4188 1111111111
1704 4141 1755 4190 eto.
1773 4133 1887 4191 11111111
1905 4135 1975 4191 simi·

1140 4220 1280 4275 litudinib.
1304 4237 1367 4291 cap.
1388 4226 1436 4276 5⁰:
1471 4223 1508 4275 In
1536 4221 1591 4274 illo
1612 4224 1669 4275 uita
1686 4222 1875 4291 pulchritudo
1885 4223 1976 4292 justo·

1139 4324 1201 4360 rum
1225 4308 1296 4359 solis
1309 4307 1533 4377 pulchritudini,
1560 4307 1612 4376 qui
1632 4308 1866 4378 septempliciter,
1893 4325 1975 4376 quum

1062 4442 1067 4453 ,
1140 4395 1224 4447 modo
1253 4394 1304 4458 sit,
1336 4394 1517 4462 splendidior
1547 4394 1615 4463 erit,
1645 4392 1869 4462 adaequabitur,
1901 4396 2017 4453 11111111

1139 4480 1276 4549 scriplum
1294 4487 1351 4532 est:
1371 4466 1529 4548 Fulpehunt
1545 4478 1618 4544 justi
1633 4478 1763 4533 1111111111
1780 4478 1810 4532 in
1829 4487 1974 4550 conspectu

1245 4565 1279 4618 Si
1295 4581 1361 4618 uero
1380 4565 1504 4633 injustus
1519 4565 1625 4632 fuerit,
1644 4581 1729 4619 coeno
1747 4572 1774 4618 et
1792 4567 1871 4619 omni
1886 4569 1975 4621 code·

1139 4666 1203 4703 uere
1220 4651 1362 4713 foetidior
1379 4650 1433 4702 erit
1450 4649 1579 4718 omnique
1603 4650 1726 4717 fuliqins
1747 4650 1866 4720 turpior.
1903 4651 1976 4708 Ian·

1140 4736 1245 4791 rentius
1266 4735 1441 4790 lastinianus
1466 4735 1501 4790 de
1524 4741 1601 4791 cesto
1621 4734 1740 4791 connub.
1761 4735 1849 4793 Verbi
1869 4746 1898 4794 et
1918 4740 1976 4796 ani·

1139 4838 1201 4876 mae
1218 4838 1280 4891 cap.
1299 4826 1330 4876 h:
1358 4819 1474 4888 Sinquli
1490 4822 1521 4874 in
1541 4821 1595 4875 illa
1614 4829 1694 4876 terra
1712 4822 1862 4878 111111ιί11111
1881 4826 1975 4896 dupli·

1139 4908 1218 4961 cidus
1235 4907 1398 4961 radientur.
1435 4904 1608 4975 Corporibus
1621 4909 1725 4978 quippe
1736 4908 1822 4963 inerit
1832 4910 1976 4979 iucundus

1140 4995 1314 5063 splenderet
1329 4993 1550 5047 immortalitatis
1565 4996 1657 5053 decor.
1693 4990 1786 5049 Nulla
1799 4996 1977 5069 deformitas,

1192 5079 1223 5132 la
1245 5078 1430 5130 membrorum
1455 5080 1509 5133 erit
1532 5080 1732 5148 inaequalitas.
1776 5080 1901 5152 Simpula
1923 5083 1978 5137 sia·

1140 5164 1217 5231 pulis
1236 5163 1445 5217 decorabuntur
1463 5166 1644 5219 omamentsis.

279 5313 313 5350 ea
340 5297 458 5365 memmi
483 5296 606 5365 munius
630 5298 822 5364 mruilatione,
845 5304 876 5354 ut
900 5300 929 5352 in
954 5299 1116 5369 monaculis,
1175 5306 1217 5357 96.
1254 5305 1279 5358 ’1.
1296 5299 1407 5369 Apilia,
1425 5299 1456 5355 id
1476 5305 1520 5357 est
1536 5301 1672 5358 instructa
1690 5302 1825 5358 1111111111
1843 5319 1896 5360 sea
1913 5321 1982 5377 qua·
1992 5315 2010 5357 1.

280 5382 386 5436 mancis
414 5388 466 5436 etc.
497 5381 542 5438 vel
569 5399 603 5436 ea
629 5384 795 5453 1111111111ιί1
820 5385 1055 5456 improportions,
1082 5401 1117 5441 ex
1141 5387 1222 5442 litate
1241 5385 1363 5457 quadam
1378 5388 1584 5456 supernaturali
1602 5388 1640 5443 ad
1656 5394 1763 5444 motum
1780 5390 1912 5460 expedite
1934 5408 1983 5448 ax·

280 5465 394 5520 defectu
423 5465 534 5522 debitae
568 5468 746 5538 quantana
783 5471 826 5524 vel
855 5470 1032 5539 appositione
1062 5472 1116 5525 ali·
1142 5472 1308 5538 eruendum,
1327 5473 1394 5542 qnia
1412 5472 1567 5544 glorificata
1583 5490 1701 5545 corpora
1715 5491 1767 5545 per
1793 5473 1869 5531 hano
1887 5478 1985 5535 dotem

280 5552 362 5623 opus
381 5551 624 5621 duconamisnti's,
642 5554 754 5626 quando
768 5555 924 5611 membrum
939 5555 1054 5627 aliquod
1075 5564 1118 5613 est
1143 5556 1316 5615 velocissime
1338 5558 1445 5615 moveri
1467 5564 1599 5629 poterunt
1623 5567 1701 5616 mota
1723 5576 1780 5617 non
1805 5561 1899 5620 solnm
1911 5582 1987 5637 pro*
