4050 6014
601 259 653 314 DE
668 257 838 316 INFERNO
855 257 929 315 SEU
947 256 1079 312 MORTE
1096 256 1285 314 amsans.
1760 268 1820 327 249

123 436 195 474 mm.
231 417 300 472 Luc.
322 422 361 481 te,
380 434 404 472 v.
424 421 470 472 241
502 415 622 470 crucior
648 413 677 466 in
701 415 755 467 buc
774 415 901 482 flanmta.
936 420 960 469 2.
989 414 1079 468 lerum
1096 413 1277 482 poenitentia,
1305 429 1377 481 quae
1396 430 1538 481 nanqrram
1552 413 1582 466 in
1601 415 1822 469 1111111101-

123 504 222 560 Thess.
244 509 267 572 1,
285 520 310 557 v.
331 509 360 560 8:
388 505 420 559 ir
436 506 507 575 nupt
525 495 632 574 φλογός
647 500 729 553 dabit
748 498 887 553 Dorninus
903 498 963 553 uin·
987 499 1134 552 arisidium
1154 500 1329 567 afflictorum
1346 501 1475 552 mordere
1490 500 1618 553 cessabit.
1644 500 1822 555 Innocentius

123 592 232 644 dictam
256 589 361 660 impiis.
396 588 457 642 Jac.
476 590 501 656 3,
525 605 549 639 v.
569 592 600 643 6:
627 590 740 657 γλῶσσα
772 591 961 658 φλογιζομένη
988 584 1037 640 lib.
1057 590 1080 639 3.
1098 585 1133 638 de
1151 590 1292 640 contemtu
1311 584 1406 638 mundi
1426 601 1486 654 cap.
1510 590 1540 640 2:
1565 585 1670 639 Vermis
1684 588 1822 640 conscien-

125 674 181 731 inb
208 679 256 743 τῆς
280 681 401 744 γεέννης.
438 673 536 742 Neque
564 673 637 728 euim
667 672 766 728 leviter
794 676 902 727 tantum
932 671 960 726 in
988 671 1046 724 tias
1072 671 1225 739 tripliciter
1251 670 1397 723 lacerabit.
1433 671 1554 739 Afflipet
1581 674 1729 739 memoria,
1754 689 1821 726 sera

125 760 274 831 superficie
292 760 416 830 eorporis
432 759 479 814 hic
500 758 572 829 ignis
591 757 771 812 allambendo
789 757 889 826 adurit,
912 757 960 811 sed
987 757 1111 810 turbabit
1136 756 1322 826 poenitentia,
1350 757 1489 825 torquebit
1516 759 1657 824 snpientia.
1707 758 1822 813 Venient
1837 761 1880 805 ¹¹·
1897 762 1942 802 21⁶·

123 848 160 902 ad
180 846 293 902 intimas
313 863 401 915 usque
425 844 528 899 ossium
553 843 701 912 medullas,
727 843 782 897 imo
806 843 843 899 ad
871 842 960 913 ipsam
988 843 1060 895 enim
1079 843 1109 895 in
1128 842 1324 911 capitationem
1339 850 1520 911 peccatorum
1537 860 1652 896 sucrum
1674 844 1769 896 amicti
1795 852 1822 897 et

123 933 233 990 1111111
257 933 404 989 essentiam
435 937 575 1002 penetrat,
607 935 639 985 ut
665 935 693 982 iu
721 929 818 984 mediis
843 928 960 983 flammis
987 929 1137 981 traducent
1156 928 1223 981 illae
1240 944 1273 981 es
1292 931 1410 982 adoerm
1429 930 1593 997 iniquitates
1612 947 1707 983 eorum
1727 930 1820 983 dicen·

123 1020 249 1075 damuati
268 1035 377 1089 semper
394 1018 518 1073 sedeant.
553 1025 578 1073 ’1.
597 1016 743 1072 Tribuitur
760 1015 825 1070 huie
844 1015 902 1086 igni
917 1017 960 1079 (i-
987 1021 1047 1067 tes.-
1079 1013 1155 1076 Quid
1172 1016 1286 1083 profuit
1312 1016 1392 1068 nobis
1416 1016 1571 1083 superbiai
1594 1022 1646 1071 stc.
1682 1016 1821 1070 Lutherus

124 1111 169 1169 1ος
194 1105 281 1160 Hebr.
304 1111 344 1171 10,
361 1123 385 1160 r.
407 1110 448 1159 21.
475 1120 537 1159 cum
556 1103 593 1156 sit
611 1103 824 1157 instrumentum
848 1101 960 1155 (1111111
987 1100 1015 1154 11
1034 1105 1152 1155 enarrat.
1179 1117 1239 1170 cap.
1259 1101 1417 1158 41111111.
1438 1107 1503 1157 tom.
1524 1102 1584 1157 af.
1609 1108 1671 1158 155:
1704 1104 1824 1156 Antrum

119 1191 248 1262 justitiae
270 1207 305 1245 ac
325 1189 473 1261 justissimi
498 1188 566 1253 seli,
589 1206 644 1260 quo
664 1188 742 1243 Deus
765 1186 961 1243 animadvertit
987 1202 1071 1255 aeqer
1099 1203 1133 1239 oc
1159 1186 1233 1238 mala
1256 1186 1312 1238 sibi
1331 1188 1459 1240 conscius
1484 1205 1595 1259 semper
1621 1197 1661 1244 cst
1684 1189 1823 1257 infernus,

123 1277 152 1331 in
172 1282 338 1344 peccatores.
373 1274 475 1330 Conim
494 1274 696 1345 expositionem
714 1273 798 1342 hujus
821 1273 887 1328 dicti
905 1279 959 1327 trs-
987 1273 1036 1341 qui
1054 1273 1128 1326 nibil
1155 1272 1240 1325 aliud
1261 1274 1315 1326 erit
1341 1291 1425 1341 psam
1450 1274 1514 1343 ipsa
1538 1276 1708 1329 conscientia
1736 1276 1822 1330 mala.

124 1362 211 1417 ditem
244 1364 268 1430 ἦ.
298 1355 345 1418 te(
374 1367 399 1418 8.
431 1360 558 1431 Denique
589 1367 705 1415 vocatur
734 1368 791 1431 πῦρ
824 1356 959 1429 ἄσβεστον
989 1357 1024 1412 Si
1040 1358 1171 1412 diabolus
1190 1375 1246 1410 non
1271 1360 1385 1413 baberet
1409 1377 1487 1412 ream
1513 1362 1727 1423 corucientiam,
1755 1369 1825 1414 esset

124 1449 225 1505 murth.
244 1453 269 1516 3,
289 1465 317 1503 v.
337 1453 378 1504 12.
409 1447 494 1502 Mara
514 1451 539 1510 9,
560 1463 585 1501 v.
604 1451 646 1502 43.
673 1444 743 1500 Luc.
762 1450 787 1510 3,
805 1463 829 1498 v.
854 1450 893 1500 11.
912 1450 959 1499 rat
987 1445 1016 1495 in
1034 1443 1120 1500 coelo.
1155 1446 1203 1496 Ea
1221 1461 1286 1499 aero
1303 1446 1432 1497 accendit
1456 1447 1587 1513 flammas
1604 1447 1716 1514 inferni
1732 1455 1759 1499 et
1780 1463 1823 1500 es·

125 1530 243 1591 aleirsor
261 1532 360 1589 Msnh.
382 1536 422 1598 18,
442 1523 468 1585 r.
489 1536 513 1587 8.
529 1546 588 1601 cap.
608 1534 651 1600 25,
668 1549 694 1588 v.
715 1536 758 1586 41.
777 1530 871 1584 dudae
891 1547 916 1584 v.
936 1536 959 1584 ’1.
986 1529 1102 1581 uncam
1126 1529 1278 1584 horribiles
1300 1532 1442 1584 cruciatam
1469 1539 1496 1583 et
1525 1531 1657 1598 erinnpas
1681 1533 1710 1583 in
1728 1534 1823 1586 corde.

124 1619 192 1691 quia
215 1618 300 1673 nullis
323 1633 446 1689 unquam
474 1617 590 1672 infinitis
611 1616 764 1672 seculorum
787 1617 887 1671 secutis
910 1633 959 1670 ex·
987 1613 1226 1669 Confecerunt.
1253 1615 1282 1669 in
1300 1633 1361 1686 cap.
1381 1622 1423 1672 35.
1448 1618 1550 1672 Genes.
1587 1616 1751 1673 scholastici
1777 1618 1824 1673 do·

124 1706 227 1776 spirat,
255 1705 330 1760 uude
351 1705 530 1773 samareites
556 1704 587 1756 in
604 1703 701 1757 secrrla
722 1702 880 1757 camelorum
906 1705 959 1756 ad-
987 1708 1058 1768 cent,
1076 1719 1201 1755 morsum
1219 1703 1320 1757 ominis
1339 1704 1423 1772 lonpe
1440 1720 1611 1775 enumcrare
1629 1705 1720 1772 ipsam
1738 1705 1824 1757 cutio·

124 1792 259 1845 scandere
278 1788 381 1843 dicitur
408 1788 498 1860 Apoe.
521 1795 561 1858 14,
581 1807 604 1844 v.
628 1794 668 1844 11.
689 1789 718 1842 11
741 1788 844 1858 quibus
868 1789 960 1844 serbis
988 1804 1049 1840 nem
1068 1788 1155 1856 191111,
1177 1787 1208 1841 id
1227 1789 1302 1858 quod
1317 1789 1507 1844 demonstrant
1524 1790 1577 1844 hac
1596 1790 1823 1846 ratiocinatione:

124 1883 185 1931 tum
203 1875 279 1945 ipnie
296 1875 380 1944 liujus
400 1875 557 1928 obscuritas
581 1872 772 1944 pessumum,
800 1881 859 1928 tum
885 1875 960 1944 ejus-
989 1873 1108 1927 Doloris
1126 1875 1266 1928 acerbitas
1289 1877 1320 1927 in
1338 1876 1382 1928 bis
1402 1877 1491 1929 tribea
1514 1877 1690 1945 potissimum
1716 1885 1824 1945 specto·

125 1962 189 2019 dem
209 1961 387 2033 perpetuitas
399 1960 456 2030 'per
472 1959 638 2015 adscensum
656 1959 725 2013 11111
750 1960 780 2013 in
798 1961 895 2015 secula
919 1975 960 2012 se·
987 1966 1047 2027 tur,
1075 1963 1096 2015 1.
1111 1960 1141 2012 in
1160 1962 1353 2028 maqnitudinc
1371 1962 1450 2025 niati,
1470 1963 1548 2030 quod
1567 1963 1721 2030 inflipitur,·
1747 1965 1773 2014 2.
1794 1962 1825 2015 in
1904 1981 1905 1984 ¹

126 2048 255 2103 uelorum
270 2045 453 2118 significatur.
487 2046 534 2099 1111
552 2061 619 2101 vero
645 2044 691 2100 hie
714 2045 786 2117 ignis
811 2062 959 2114 corporeus
985 2044 1113 2114 potentio
1128 2054 1203 2100 recte
1227 2055 1394 2115 comparata
1419 2049 1460 2102 ad
1484 2048 1546 2115 eius
1573 2049 1774 2117 susceptionem
1799 2056 1826 2101 et

125 2134 171 2189 rel
197 2133 388 2202 incorporeus,
414 2130 532 2186 visibilis
556 2130 600 2186 vel
622 2131 784 2196 invisibilis,
809 2130 960 2186 materiatis
984 2132 1212 2201 perpessionem
1243 2136 1272 2189 3.
1299 2134 1329 2186 in
1354 2134 1515 2186 arctissinm
1542 2134 1688 2201 utriusque
1711 2135 1826 2202 conjun-

125 2219 172 2275 rel
188 2218 320 2273 materiae
339 2234 437 2288 expers
455 2216 565 2271 tuturus
579 2217 629 2282 sit,
648 2218 684 2271 de
702 2232 734 2272 eo
751 2216 780 2271 in
793 2217 960 2289 quaestioni·
988 2219 1086 2272 ctiane.
1122 2217 1198 2271 Hinc
1224 2220 1362 2285 efficitur,
1392 2220 1474 2286 lonpe
1500 2219 1698 2286 pravissimum
1723 2221 1828 2273 malurn

128 2305 181 2360 bus
201 2302 308 2375 aliquid
325 2301 488 2359 monebitur.
988 2320 1047 2358 esse
1068 2304 1098 2358 in
1112 2305 1275 2373 9110111011
1291 2306 1410 2359 ursionis
1428 2307 1487 2360 Dei
1493 2345 1501 2371 ,
1529 2324 1613 2374 quam
1629 2323 1751 2375 poenam
1771 2323 1828 2359 cer·

162 2396 204 2447 bl.
238 2389 309 2460 19111
323 2389 417 2443 urenti
433 2388 537 2459 ubique
554 2387 641 2444 fame
659 2388 836 2460 conjungitur
858 2390 961 2442 aeratis
986 2391 1125 2444 tissimum
1148 2392 1270 2461 concipit
1303 2394 1408 2457 anima,
1438 2392 1574 2460 lonqeque
1591 2392 1765 2446 acerbiorem
1782 2409 1826 2445 en-

127 2480 239 2532 10111111.
273 2475 330 2530 Ρ11
348 2492 411 2529 eum
427 2490 493 2529 vero
512 2473 629 2546 intelligi
647 2474 756 2528 ridetur
775 2492 961 2528 morsuecon·
986 2476 1097 2545 per-itur
1117 2493 1201 2544 quarn
1217 2478 1273 2529 vim
1293 2478 1376 2544 iqnis,
1403 2479 1453 2546 qui
1470 2494 1504 2530 ne
1518 2478 1565 2531 1110
1583 2478 1696 2545 quidem
1716 2478 1746 2530 in
1765 2479 1827 2530 ani·

126 2564 261 2619 scientiae
280 2568 433 2634 perpetuus
450 2567 479 2616 et
496 2561 643 2615 continuus
666 2566 895 2630 expectaturum
919 2578 960 2615 re·
989 2579 1063 2615 mam
1093 2561 1154 2630 cpit
1176 2562 1234 2614 nisi
1256 2563 1379 2616 mediate
1402 2570 1428 2615 11
1453 2570 1581 2630 respectu
1606 2580 1755 2631 personae.
1788 2564 1828 2617 At

128 2648 289 2704 cordatione
307 2653 393 2713 ortus,
411 2645 510 2701 rabida
526 2645 663 2715 quaedam
682 2646 857 2716 displicentia
875 2654 903 2701 et
922 2646 962 2700 in·
988 2646 1139 2715 spirituale
1157 2646 1235 2699 illud
1251 2646 1356 2700 rnalum
1375 2655 1511 2700 naturum
1527 2648 1707 2716 spiritualem
1725 2666 1778 2718 per
1796 2666 1827 2703 se

127 2734 270 2789 fructuosa
287 2732 468 2804 poenitentia,
485 2747 574 2802 angor
592 2731 683 2785 cordis
700 2732 833 2786 maximus
854 2739 961 2788 etnun·
989 2741 1015 2786 ct
1030 2751 1032 2755 ·
1046 2734 1205 2786 immediate
1235 2733 1353 2793 infestat
1383 2752 1419 2787 ac
1452 2735 1616 2788 ducrudat.
1663 2734 1828 2802 Conjanctia

128 2838 212 2892 quem
231 2820 408 2890 interruptus.
444 2817 484 2875 Ut
501 2817 574 2872 enim
596 2834 702 2872 vermes
720 2819 850 2873 continuo
870 2836 963 2874 110111
989 2820 1055 2872 item
1070 2819 1216 2888 utriusque
1242 2827 1283 2874 est
1303 2821 1477 2887 arctissima,
1507 2822 1647 2890 siquidem
1672 2821 1828 2874 tacitanus

128 2908 265 2962 cadavera
283 2905 423 2974 arrodunt,
440 2905 480 2983 sic
498 2905 623 2959 internus
641 2903 688 2958 ille
706 2904 891 2959 conscientiae
904 2922 963 2959 rer·
991 2906 1077 2959 multo
1096 2906 1192 2960 acrius
1211 2908 1400 2976 apprehendit
1417 2925 1501 2976 quarn
1516 2925 1620 2969 senaa,
1638 2924 1687 2960 nec
1705 2924 1827 2974 tanquam

128 2994 180 3047 mis
200 2992 390 3047 damnatorum
410 2991 518 3045 animas
541 2994 676 3060 perpetuo
701 2988 861 3047 laneinnbit.
897 2990 963 3044 Pro·
989 2992 1032 3045 ita
1052 2993 1165 3046 animae
1184 2992 1342 3046 illabantur
1354 3010 1401 3047 res
1414 3009 1577 3063 corporeae,
1594 2995 1828 3061 queamdmodum

128 3077 264 3146 1111125,
289 3083 379 3132 11201
415 3075 496 3131 Sicut
523 3075 599 3130 tineo
624 3075 785 3129 vestimento
812 3083 838 3128 et
863 3078 964 3135 camis
989 3094 1049 3131 sese
1069 3077 1214 3131 insinuant
1230 3080 1403 3148 spirituales,
1420 3081 1586 3148 omninoque
1604 3080 1644 3141 id,
1670 3081 1827 3147 9111111111-

129 3164 216 3231 119111,
239 3163 281 3218 ita
300 3162 418 3216 tristitia
435 3161 493 3215 uiri
509 3168 587 3216 nocet
607 3161 691 3214 cordi
712 3159 772 3231 (qui
792 3167 885 3215 tamen
904 3177 963 3214 rer·
990 3179 1052 3217 mae
1070 3171 1110 3216 eet
1123 3167 1304 3232 promentius
1324 3168 1454 3233 quodque
1469 3165 1645 3231 capnoscitur
1662 3167 1828 3234 perfectius,

129 3249 233 3304 siculus
249 3249 278 3303 in
296 3246 425 3304 Hebraeo
445 3264 501 3303 101
519 3246 657 3314 habetur).
683 3245 918 3310 Quemadmodum
935 3247 963 3301 in
990 3251 1098 3303 oretires
1125 3267 1233 3319 petoque
1260 3269 1322 3305 curn
1349 3269 1384 3305 ea
1416 3253 1551 3320 conjunqi
1583 3253 1751 3309 censendum
1781 3259 1827 3306 cst.

129 3333 312 3390 cadaveribus
338 3331 563 3405 putrescentibus
586 3337 738 3386 naseuntur
771 3349 893 3401 vermes,
925 3332 964 3386 sic
994 3336 1234 3397 Quemadmodum
1254 3338 1342 3405 iqitur
1360 3340 1410 3406 qui
1426 3338 1594 3407 spiritualia
1612 3338 1685 3391 bona
1699 3339 1829 3405 depasta·

130 3421 301 3476 conscientia
324 3416 482 3491 putrefacta
503 3434 610 3473 1111111
635 3418 730 3488 gignit
754 3417 914 3488 spirituales
938 3422 966 3472 et
991 3428 1070 3486 runt,
1097 3422 1253 3485 fastidiunt
1283 3424 1469 3492 corporalia;
1500 3425 1542 3474 ita
1574 3430 1601 3474 et
1630 3440 1829 3489 coqrcrcaram

129 3504 307 3562 inmortales.
343 3503 388 3561 De
406 3503 458 3558 hoc
477 3518 570 3558 verme
586 3501 772 3558 conscientiae
792 3503 832 3556 sic
848 3502 963 3573 loquun·
992 3509 1132 3561 nidorum
1167 3510 1373 3576 quodammodo
1409 3509 1625 3574 obliviscuntur,
1655 3510 1706 3577 qui
1734 3510 1829 3563 anirno

130 3600 175 3648 tur
194 3592 234 3663 pii
252 3598 367 3648 veteres.
405 3589 539 3660 Origenes
556 3587 604 3643 lib.
624 3596 647 3644 2.
666 3593 730 3661 rupi
750 3587 844 3662 ἀρχῶν
873 3607 896 3643 c.
919 3595 964 3645 11:
990 3594 1156 3662 pravissime
1185 3603 1342 3662 anpuntm,
1373 3596 1511 3663 siquidem
1541 3596 1658 3662 pravior
1686 3596 1829 3648 11111101·

131 3678 289 3732 Horribilis
307 3684 335 3731 et
354 3675 570 3730 inaestimabilis
590 3677 788 3728 damnatorum
803 3692 900 3745 poena
911 3676 965 3729 erit
991 3687 1031 3732 est
1051 3679 1149 3746 dolor,
1175 3681 1225 3748 qui
1252 3682 1359 3749 majori
1386 3681 1568 3735 delectationi
1591 3682 1749 3750 opponitur.
1786 3681 1830 3733 Ac

129 3764 300 3820 conscientia
318 3779 373 3832 per
397 3762 525 3816 diuinam
551 3761 681 3815 virtatem
709 3762 804 3816 omnia
831 3763 908 3816 mala
934 3763 964 3814 in
987 3766 1111 3834 proinde
1130 3767 1158 3818 si
1173 3767 1325 3820 inanimum
1347 3768 1489 3821 beatorum
1508 3767 1645 3835 pendium
1659 3766 1787 3819 consistit
1798 3766 1830 3818 in

130 3852 294 3906 manoriam
310 3849 449 3920 recipitne
467 3857 493 3902 et
512 3849 661 3902 historiam
687 3851 832 3919 quandam
848 3867 964 3904 tucrum
991 3852 1097 3906 visione
1118 3852 1178 3904 Dei
1194 3860 1220 3904 et
1237 3853 1377 3916 fruitione
1395 3854 1496 3905 summi
1513 3854 1587 3920 boni,
1607 3855 1740 3921 sequitur,
1757 3870 1829 3905 sum·

130 3937 266 3993 ecclanm
286 3944 352 3990 ante
379 3935 474 3989 oculos
501 3950 568 3987 suos
588 3934 686 3989 uidem
713 3935 875 4004 expositam.
913 3937 965 3990 Ob
991 3955 1066 3990 mum
1094 3939 1292 3991 domnmorum
1317 3939 1473 3992 cruciatum
1492 3956 1549 3993 esse
1569 3940 1600 3992 in
1618 3940 1745 4007 ejusdem
1763 3939 1828 3992 oisi-

129 4025 219 4078 ciabit
238 4025 278 4076 eie
298 4023 442 4076 torrenda
460 4021 514 4075 illa
538 4021 631 4083 facies
648 4039 763 4074 suorum
788 4021 965 4089 delictorum,
991 4024 1053 4077 onis
1072 4031 1098 4076 et
1116 4024 1265 4085 finitionis
1285 4025 1455 4093 9111111011.
1491 4025 1527 4079 In
1544 4026 1599 4080 bac
1624 4026 1684 4078 vita
1706 4025 1829 4091 mortali,

130 4126 203 4179 quae
222 4115 356 4163 tormento
376 4109 454 4161 omni
471 4108 600 4161 amarior
618 4108 742 4170 emittit,
771 4110 823 4162 sed
850 4116 877 4160 et
901 4125 965 4160 con·
991 4125 1063 4178 quae
1095 4116 1187 4162 tamen
1217 4126 1349 4163 sensnum
1381 4112 1498 4179 objectis
1535 4111 1653 4163 manime
1691 4111 1828 4174 afficitur,

129 4196 264 4250 1111111101
283 4210 352 4248 suae
368 4193 527 4246 uerberibus
546 4193 667 4246 muciati
682 4194 814 4255 infelicia
832 4194 885 4247 illa
904 4211 964 4247 ver·
992 4196 1159 4263 quandaquc
1184 4197 1323 4257 1111111111,
1350 4199 1488 4264 quosdmn
1512 4195 1673 4249 dirissimos
1698 4195 1829 4262 corporis

130 4283 167 4336 ba
185 4281 284 4336 crebro
310 4274 517 4349 prbloqucntur
535 4288 561 4333 et
575 4281 684 4357 dicent.-
721 4280 791 4343 Vac,
810 4281 872 4347 oae',
886 4280 966 4333 nolis
991 4281 1132 4334 cruciatus
1163 4289 1321 4335 constanter
1348 4285 1497 4352 perferre,
1533 4298 1567 4334 ne
1605 4280 1828 4343 criminationis,

130 4369 257 4437 miseris,
281 4367 380 4439 quidm
399 4367 537 4436 ooatinpt't
555 4367 652 4420 eidm
677 4367 750 4420 lianc
771 4366 863 4419 diem!
902 4366 964 4418 Ubi·
991 4383 1063 4434 quae
1082 4367 1232 4434 spirituale
1250 4369 1396 4435 quoddam
1415 4369 1514 4422 bortum
1533 4376 1588 4432 cst,
1606 4369 1755 4434 J'acturam
1774 4367 1827 4433 sa·

130 4470 238 4524 uiaque
261 4454 333 4509 111111
352 4461 486 4523 peccator
509 4461 574 4506 tunc
599 4452 696 4505 amalos
720 4459 872 4519 concertet,
902 4469 965 4504 con·
991 4452 1073 4505 ciart.
1099 4450 1256 4507 Richardus
1275 4458 1299 4508 4.
1319 4459 1386 4510 sent,
1407 4453 1470 4506 dist.
1491 4453 1540 4506 ult.
1561 4458 1612 4505 art.
1629 4459 1651 4505 5.
1673 4469 1698 4520 q.
1711 4457 1735 4505 2.
1754 4451 1827 4505 idem

129 4539 312 4610 templabitur
335 4539 472 4606 inopinae
498 4555 612 4593 suornm
638 4538 812 4591 delictorum.
848 4536 965 4590 Ambro-
991 4535 1161 4591 demonstrat
1184 4537 1236 4591 hoe
1253 4538 1349 4591 modo:
1383 4539 1484 4591 Anima
1507 4537 1701 4605 principalius
1726 4553 1827 4608 appre-

130 4627 188 4680 sius
208 4625 236 4679 in
252 4623 308 4681 fine
325 4640 386 4694 cap.
407 4630 445 4680 14.
466 4623 551 4680 Iam:
587 4623 693 4676 Vermis
714 4629 754 4675 eet
772 4638 813 4690 eo,
832 4624 909 4690 qnod
928 4623 964 4674 ir·
991 4623 1086 4676 itendit
1103 4623 1194 4690 1911111
1209 4641 1264 4693 per
1281 4641 1392 4676 sensum
1410 4632 1435 4676 ot
1447 4638 1567 4677 nemnem
1583 4640 1637 4691 per
1649 4623 1826 4678 intellectum.

129 4711 317 4772 rationabilia
335 4711 447 4764 andane
462 4715 582 4777 pecuda
598 4716 713 4763 amntem
727 4708 771 4760 rei
789 4707 965 4776 (peccatoris)
992 4708 1108 4762 Fortior
1126 4716 1218 4763 autem
1231 4718 1272 4761 est
1289 4710 1478 4777 apprehensio
1494 4725 1549 4778 per
1563 4709 1732 4763 intellectum
1743 4726 1827 4776 quam

129 4813 294 4867 mnmmque
311 4802 497 4865 campumqunt
517 4801 544 4848 et
563 4796 706 4863 quaedam
725 4796 843 4848 medard
856 4794 965 4848 oisemo
989 4809 1177 4863 percensum.
1214 4796 1254 4847 Et
1271 4796 1371 4849 verutis
1388 4804 1428 4849 est
1447 4797 1560 4865 aliquid
1584 4797 1674 4863 111911
1695 4795 1827 4862 inlelliqi·

130 4883 326 4939 concientiae.
374 4880 527 4951 Gregorius
556 4879 700 4949 Nyssenus
731 4886 799 4935 orat.
831 4880 966 4935 catechet.
992 4881 1054 4948 bile,
1071 4898 1133 4934 curn
1150 4881 1187 4933 sit
1205 4882 1365 4952 spirituale,
1385 4900 1469 4950 quam
1489 4883 1573 4951 ipris,
1594 4881 1703 4934 acessit
1716 4880 1828 4949 aliquid

94 4988 96 4992 ⁸
129 4986 192 5041 cap.
210 4975 257 5027 40:
285 4967 353 5022 Cum
373 4982 492 5022 oermmn
509 4966 645 5031 audieris,
664 4984 699 5020 nc
712 4973 868 5035 propterea
889 4968 966 5035 quod
991 4966 1129 5022 seruitiis.
1178 4967 1287 5019 Vermis
1322 4968 1406 5020 etium
1435 4971 1617 5038 praesentior
1649 4975 1688 5019 cst
1717 4966 1828 5019 atrimae

129 5058 167 5111 sit
184 5057 262 5109 idem
278 5071 385 5124 nomen,
405 5055 445 5106 od
462 5059 597 5106 terrestre
616 5054 668 5106 boc
686 5052 796 5107 animal
813 5060 863 5106 tua
880 5054 965 5121 fora·
992 5069 1075 5123 quarn
1095 5052 1179 5121 ipnis,
1194 5054 1263 5121 quia
1283 5055 1451 5122 corpo-ralia
1470 5073 1526 5109 non
1544 5060 1659 5122 possunt
1678 5068 1737 5104 esse
1749 5052 1827 5104 intra

130 5153 176 5198 tur
194 5142 337 5209 capitatio.
372 5141 506 5209 Adjectio
525 5139 598 5192 enim
617 5140 688 5209 ejus,
717 5140 795 5209 qnod
810 5157 866 5193 non
882 5141 964 5193 mori·
977 5140 979 5204 1
992 5141 1117 5194 ammam
1134 5137 1207 5192 suut
1227 5139 1404 5208 spiritimlio.
1431 5142 1544 5194 Malum
1561 5148 1668 5206 autem,
1687 5139 1764 5206 quod
1788 5144 1828 5190 eet

130 5239 205 5298 atur,
229 5227 372 5298 suppetit,
391 5227 479 5280 almos
499 5240 558 5279 esee
590 5225 805 5293 inteliipendam
832 5234 965 5280 naturam
977 5213 979 5228 ¹
992 5228 1103 5281 animae
1119 5225 1236 5278 realiter
1252 5228 1433 5295 praesentius
1450 5235 1476 5279 et
1494 5227 1529 5279 ab
1548 5243 1582 5279 ea
1601 5223 1742 5292 capnitum
1762 5237 1827 5290 per·

130 5333 220 5387 quom-
233 5331 311 5377 eom,
337 5331 409 5383 quae
427 5312 609 5382 capnoecitur.
644 5311 835 5367 Damascenus
860 5312 889 5366 in
908 5291 1102 5378 vita'fectius,
1121 5311 1178 5364 sibi
1194 5312 1302 5374 fortius
1324 5320 1364 5366 est
1384 5312 1571 5380 conjunctum.

130 5403 261 5461 Batinum
279 5418 340 5472 cap.
359 5407 382 5456 8.
402 5406 485 5455 vocat
501 5416 620 5454 aarum
638 5399 797 5454 insomnem.
827 5364 979 5492 Rabsuusl
1036 5404 1079 5454 12.
1115 5396 1222 5452 Referri
1251 5404 1344 5453 autem
1371 5403 1488 5468 possunt
1518 5396 1553 5449 sd
1581 5395 1723 5449 rodentem
1749 5394 1828 5448 iilum

128 5488 191 5547 libr.
209 5491 233 5546 2.
251 5487 280 5545 iu
297 5486 482 5545 Ecclesiasteu
499 5502 559 5557 cap.
582 5491 608 5540 l:
630 5485 738 5540 Vernis
757 5494 797 5540 est
815 5501 881 5541 sero
898 5501 956 5540 ece·
976 5485 1176 5554 ioonseientiae
1206 5500 1325 5542 onmem
1364 5484 1557 5539 damnatorum
1596 5487 1617 5542 1,
1649 5485 1747 5551 edna
1780 5485 1827 5538 eei
