4050 6014
735 233 787 291 nu
805 228 992 290 uxrnstm
1009 228 1172 295 sontem.
1608 215 1609 221 ‘
1749 238 1789 299 aa

92 392 164 456 eria
191 393 338 445 cantorem
361 391 487 444 veritatis
512 409 567 445 non
590 399 769 460 receperunt,
800 399 832 444 nt
856 391 929 444 solvi
955 388 991 443 ds
1007 388 1185 459 temporibus¹
1202 391 1266 441 ante
1285 385 1571 457 Hierosolymitanum
1596 385 1734 441 excidium
1759 402 1792 441 ac

89 480 195 546 fiuent,
214 496 240 532 v.
263 483 302 532 11.
331 477 419 529 mittet
439 477 497 530 illis
515 478 595 529 Deus
615 478 773 542 efficaciam
792 493 928 530 erronum.
954 473 1090 545 praedicit
1114 474 1187 528 mala
1212 472 1327 528 ludaeis
1352 479 1417 527 ante
1441 472 1625 528 vastationem
1651 478 1792 536 eventura,

93 571 116 620 1.
133 562 206 617 Tim.
226 570 250 631 4,
270 579 295 616 v.
318 568 344 617 1:
375 561 500 630 Spiritus
518 563 668 625 manifeste
688 563 773 624 dicit,
800 564 876 630 quod
899 562 929 614 in
956 562 1034 630 cujus
1053 558 1216 630 prophetiae
1237 560 1467 629 complementum
1480 559 1621 628 losephus
1641 557 1700 613 libr.
1721 557 1793 613 ude

88 650 249 703 nouissimis
267 648 436 716 temporibus
456 649 624 699 descendent
644 649 761 716 qnidam
779 666 796 699 a
817 649 929 710 rideat·
956 646 1019 701 bell.
1038 645 1103 700 dud.
1130 663 1153 698 e.
1176 649 1214 700 tt.
1239 651 1267 698 et
1292 662 1367 715 seqq.
1393 644 1440 700 lib.
1460 650 1500 701 20.
1526 644 1653 716 antiquit.
1676 660 1701 700 c.
1721 650 1744 699 6.
1765 649 1794 697 ο1

90 737 235 788 tendentes
253 734 399 801 spiritibus
420 734 527 786 aroris
551 740 577 785 et
604 734 743 785 doctrinis
769 733 930 785 eleemonis·
958 731 1094 785 Eusebius
1112 731 1160 788 lib.
1183 736 1207 790 3.
1226 728 1321 786 histor.
1343 748 1365 786 c.
1381 735 1404 786 8,
1422 731 1478 785 1ο1ο
1495 730 1663 799 describunt,
1683 731 1793 784 interim

90 838 154 874 rum
172 828 222 874 etc.
259 824 283 873 2.
301 818 371 872 Tim.
390 824 415 886 t,
435 836 458 873 v.
478 823 506 873 a:
534 819 601 871 Erit
619 827 734 889 tempas,
754 835 814 871 mum
832 836 930 871 sanam
957 817 991 871 ad
1012 823 1114 870 statum
1131 815 1344 871 novissimorum
1362 815 1793 886 temporumhocipsumreferri

91 905 251 957 doctrinam
273 922 330 956 non
348 904 528 968 stamineorum,
549 904 601 955 sed
612 904 698 971 juata
717 903 864 957 desiduis
878 921 930 955 sna
957 919 1047 972 posse,
1068 902 1164 955 iisdem
1184 902 1361 972 argumentis,
1381 902 1481 973 quibus
1501 901 1637 971 inpriore
1659 901 1795 972 siguousi

90 990 295 1045 coacervabant
310 989 366 1040 sibi
378 991 505 1041 doctores
515 990 675 1056 prurientes
686 988 809 1042 anribrm
831 994 852 1043 1.
864 987 929 1044 loh.
957 1006 1059 1053 sumus,
1079 987 1264 1042 demonstrari
1281 994 1381 1057 potest.
1418 988 1449 1041 Si
1473 987 1536 1058 quis
1561 988 1631 1039 enirn
1655 992 1731 1040 recte
1754 992 1794 1040 at-

92 1082 116 1144 2,
135 1092 161 1130 r.
185 1081 229 1131 18:
261 1076 421 1128 Nouissima
446 1075 517 1126 hora
539 1082 592 1138 est,
623 1081 647 1125 et
671 1076 743 1127 sicut
772 1073 931 1140 audivistis,
957 1074 1066 1139 tendat,
1094 1072 1220 1128 Christus
1237 1072 1267 1127 in
1284 1073 1474 1142 praedictione
1492 1073 1576 1143 hujus
1594 1073 1666 1143 sigui
1690 1072 1731 1126 ita
1755 1072 1795 1126 lo·

91 1161 170 1229 quod
179 1160 371 1212 Antichristus
388 1161 472 1225 arente,
490 1158 744 1212 nancAnticbristi
763 1161 845 1213 inulti
860 1160 933 1221 facti
958 1163 1064 1230 quitur,
1098 1166 1129 1214 ut
1161 1159 1197 1212 ad
1228 1164 1355 1227 tempora
1377 1167 1529 1213 extremum
1555 1158 1691 1256 jpdicium
1718 1163 1795 1212 ante·

91 1253 164 1314 sant,
186 1246 252 1298 inde
270 1246 381 1313 emmas,
402 1246 469 1313 qnia
487 1247 640 1298 noonsima
658 1246 730 1298 liora
745 1253 793 1301 est.
821 1250 843 1300 2.
858 1244 931 1298 Petr.
957 1262 1086 1316 gressum
1103 1245 1221 1315 digitum
1240 1244 1373 1298 intendat.
1409 1245 1507 1314 Neque
1533 1261 1606 1298 enim
1631 1245 1795 1313 specialiter

92 1337 117 1398 2,
138 1349 165 1386 v.
188 1337 216 1388 l:
246 1334 340 1385 Erant
359 1332 492 1399 mopistri
509 1333 665 1398 mendaces,
686 1332 736 1401 qni
753 1332 932 1383 introducent
959 1331 1096 1385 duntaxat
1115 1348 1148 1385 ac
1167 1332 1351 1383 determinate
1376 1330 1410 1384 de
1434 1330 1553 1386 ludaico
1577 1330 1681 1400 populo
1706 1329 1795 1400 loqui·

92 1418 223 1472 tassia
241 1418 420 1486 perditionis,
440 1434 464 1472 v.
483 1422 505 1471 2.
528 1424 553 1469 et
572 1416 654 1469 multi
671 1424 822 1485 scortentur
837 1432 932 1468 rorum
959 1424 1011 1483 tur,
1033 1416 1107 1486 quod
1126 1415 1208 1470 sitin
1229 1417 1318 1470 varias
1330 1422 1419 1470 sectas
1433 1416 1608 1471 attactiones
1621 1416 1794 1481 dividendus,

93 1504 239 1570 lanariam
266 1502 313 1556 ubi
334 1503 495 1567 notandum,
522 1501 640 1557 conferri
660 1500 695 1556 ab
715 1502 843 1570 apostolo
862 1505 932 1554 tem·
959 1502 1007 1555 sed
1030 1503 1201 1569 peneraliter
1226 1509 1253 1555 et
1283 1503 1410 1555 absolate
1440 1503 1617 1572 pronuntiat,
1649 1510 1794 1570 consnrpet

93 1605 164 1659 pora
182 1588 317 1642 excidium
341 1587 550 1658 Hierosolymae
569 1593 730 1658 antegressa
744 1603 806 1640 cum
826 1593 932 1655 tempo·
959 1606 1026 1657 pens
1043 1591 1179 1642 aduersus
1199 1595 1306 1657 pentem
1327 1596 1352 1642 et
1371 1606 1487 1657 repnnm
1506 1596 1607 1642 contro
1626 1605 1749 1658 repnam,
1765 1587 1795 1642 id

93 1673 171 1728 ribus
191 1673 274 1728 finem
293 1674 379 1727 seculi
398 1672 590 1743 praecessuris.
627 1674 754 1725 Fuerunt
774 1671 887 1741 (inquit)
907 1679 934 1723 et
959 1676 1034 1746 quod
1065 1675 1100 1729 de
1131 1674 1257 1745 angustis
1284 1674 1459 1729 Palaestinae
1486 1674 1621 1728 limitibus
1644 1692 1700 1730 non
1729 1675 1796 1729 satis

91 1760 354 1830 pseudoprophetae
379 1761 409 1811 in
433 1760 541 1829 populo
568 1756 729 1823 (ludaico),
758 1757 830 1808 sictut
854 1763 880 1809 et
904 1756 934 1808 in
959 1761 1103 1816 commode
1119 1761 1208 1831 accipi
1226 1765 1326 1830 potest,
1347 1762 1451 1831 quippe
1468 1760 1496 1814 in
1514 1761 1615 1831 quibus
1633 1778 1685 1816 nec
1702 1761 1795 1831 plures

94 1846 172 1900 οοδίο
190 1852 271 1897 crunt
288 1840 556 1909 ψευδοδιδάσκαλοι.
595 1846 681 1912 Αροο.
701 1846 740 1909 13,
758 1859 784 1895 v.
805 1846 837 1896 8:
855 1840 933 1893 Ado·
959 1852 1056 1917 gentes
1083 1863 1133 1901 uec
1161 1848 1244 1917 plura
1270 1863 1356 1917 regna
1381 1847 1471 1901 locum
1508 1847 1637 1901 habuere.
1680 1846 1798 1901 Constat

94 1939 230 1985 raumttnt
254 1932 370 1983 bestiam
397 1948 503 1998 omnes,
528 1931 577 1998 qai
602 1929 796 1981 inhabitabant
820 1935 934 1981 terrant.
960 1932 1072 2002 quidem
1090 1938 1155 1987 ante
1172 1931 1456 2002 Hierosolymitanum
1479 1932 1615 1987 excidium
1636 1932 1797 1999 Caesareae,

95 2033 120 2071 v.
147 2022 188 2071 14.
217 2015 332 2069 Seducit
354 2016 510 2068 habitantes
537 2016 567 2066 in
596 2022 672 2068 terro
698 2021 819 2085 propter
842 2014 932 2079 sipno,
960 2018 1132 2088 Scythopoli,
1146 2017 1328 2083 Ptolemaide,
1343 2017 1537 2084 Alexandriae,
1553 2016 1693 2079 Damasci,
1714 2017 1796 2073 adeo·

96 2119 168 2172 quiae
187 2104 256 2155 data
275 2109 338 2153 sunt
356 2101 405 2154 illi
416 2103 528 2166 facere.
564 2099 652 2169 Apoc.
675 2105 715 2166 14,
734 2117 758 2151 v.
781 2105 809 2154 8:
840 2099 933 2165 Baby·
961 2121 1015 2175 que
1035 2104 1063 2158 iu
1082 2111 1143 2159 tota
1163 2103 1244 2172 Syria
1263 2110 1291 2157 et
1308 2103 1405 2157 vicinis
1424 2103 1621 2174 regnisvarias
1636 2104 1796 2170 seditiones,

95 2190 145 2242 lon
170 2189 234 2239 uino
262 2187 465 2250 fornicationis
489 2203 557 2240 suae
577 2186 688 2255 potavit
714 2203 807 2239 mnes
833 2193 932 2254 pentes
960 2191 1096 2244 tumultus
1115 2197 1143 2242 et
1162 2190 1235 2243 bella
1255 2189 1401 2257 exstitisse,
1419 2190 1467 2243 sed
1486 2190 1622 2260 generalis
1635 2189 1738 2244 Christi
1757 2190 1797 2244 lo·

97 2276 188 2344 Apoc.
210 2279 249 2337 tii,
268 2291 294 2327 v.
312 2277 354 2327 13:
381 2275 426 2326 De
445 2288 493 2325 ore
510 2273 646 2326 draconis
666 2280 690 2323 ct
709 2274 745 2324 de
763 2289 812 2325 cre
833 2271 935 2323 bestiae
960 2275 1035 2330 cutio
1059 2283 1161 2345 atypo
1190 2275 1226 2327 ad
1255 2274 1414 2345 antitypum
1443 2292 1493 2330 nos
1520 2291 1650 2330 revocare
1678 2275 1796 2329 videtur.

97 2368 123 2414 et
141 2362 178 2413 de
206 2376 254 2412 ore
275 2359 540 2427 pseudoprophetae
560 2360 719 2425 procedant
744 2357 861 2426 spiritus
886 2358 935 2407 im·
960 2362 1067 2416 Eodem
1084 2378 1168 2415 seusu
1186 2360 1274 2431 accipi
1296 2366 1395 2430 potest,
1415 2361 1490 2431 quod
1511 2361 1586 2432 apud
1601 2363 1704 2416 Lucam
1719 2366 1798 2429 ο.21,

79 2438 205 2501 'mundi
227 2462 253 2498 v.
270 2450 309 2498 15.
329 2442 508 2513 subjungitur
521 2442 682 2496 vaticinium
697 2441 731 2496 de
746 2441 843 2496 ultimo
858 2440 935 2494 Chri·
961 2467 984 2502 v,
1011 2455 1051 2504 11,
1075 2448 1201 2515 additur,
1232 2433 1355 2500 terrores
1385 2455 1409 2499 et
1436 2449 1519 2515 sipna
1546 2466 1650 2516 magna
1677 2468 1696 2502 a
1721 2448 1797 2502 coelo

97 2532 133 2587 sti
154 2530 285 2585 adventu.
322 2531 410 2599 Apoc.
433 2535 472 2598 it,
492 2534 562 2585 ui:
582 2528 649 2581 Οιοη
668 2529 813 2581 meretrice
830 2544 934 2595 mapno
961 2541 1048 2586 crunt.
1084 2533 1188 2588 Notum
1209 2539 1251 2586 est
1270 2548 1302 2585 ex
1320 2531 1444 2601 iosepho
1466 2532 1525 2589 libr.
1549 2539 1572 2591 t.
1592 2533 1628 2587 de
1648 2531 1712 2588 bell.
1732 2532 1797 2588 lud.

92 2618 240 2686 fornicati
256 2625 320 2668 nint
339 2633 418 2683 repes
437 2624 538 2670 terrae
573 2632 600 2669 v.
622 2621 661 2669 15.
680 2615 789 2683 Aonas,
809 2630 879 2682 paros
897 2613 935 2665 vi·
961 2637 983 2674 ο.
1005 2624 1044 2674 tt.
1064 2625 1092 2673 et
1108 2617 1229 2672 Eusebio
1248 2616 1309 2670 libr.
1322 2621 1346 2672 3.
1359 2635 1382 2671 c.
1400 2623 1424 2673 8.
1444 2625 1578 2672 cometam
1600 2625 1628 2672 et
1643 2618 1700 2671 alia
1718 2618 1799 2688 signa

98 2705 181 2768 disti,
206 2704 254 2756 nbi
271 2702 401 2756 ueretris
420 2704 512 2769 sedet,
537 2702 639 2771 populi
657 2710 721 2753 sum
743 2708 768 2752 ct
791 2707 883 2766 pentes
910 2706 935 2750 st
961 2705 1087 2760 incaelo
1114 2711 1179 2758 ante
1195 2703 1408 2773 Hierosolymae
1432 2690 1650 2758 devastationem
1678 2719 1796 2773 apparu-

97 2792 222 2858 linpnae.
257 2788 346 2858 Apoc.
376 2793 414 2850 18,
444 2804 471 2840 v.
498 2793 529 2842 3:
561 2791 608 2840 De
638 2789 702 2839 vino
733 2785 936 2850 fornicationis
962 2793 1023 2860 isse,
1041 2791 1089 2845 sed
1110 2808 1172 2844 cum
1191 2790 1265 2859 apud
1284 2789 1390 2842 Lucam
1408 2789 1437 2843 in
1458 2790 1519 2845 eod.
1542 2806 1603 2859 cap.
1623 2807 1647 2846 v.
1668 2796 1708 2845 ib.
1727 2789 1799 2842 inter

99 2880 162 2945 ejus
182 2876 308 2927 biberant
327 2891 420 2926 ornnes
437 2883 531 2942 pentes
552 2881 576 2925 et
594 2889 675 2941 repes
694 2882 787 2925 terrae
805 2889 867 2924 cum
883 2872 936 2924 iiia
963 2878 1074 2947 propria
1091 2876 1146 2930 diei
1164 2875 1305 2931 novissimi
1325 2877 1406 2946 signa
1432 2875 1589 2929 referantur
1607 2877 1746 2943 prodipic
1769 2876 1798 2927 in

96 2960 241 3028 fornicati
256 2968 328 3012 sunt.
354 2959 442 3029 Apoc.
461 2965 501 3025 19,
518 2977 544 3018 v.
558 2964 587 3013 2:
609 2961 745 3011 literaria
763 2959 816 3011 iila
833 2974 936 3025 maana
962 2948 1028 3026 sole,
1048 2965 1116 3016 lana
1137 2971 1162 3015 et
1179 2961 1278 3031 stellis,
1297 2962 1359 3016 ideo
1378 2962 1447 3016 haec
1468 2962 1529 3031 ipsa
1542 2961 1654 3016 collatio
1668 2961 1797 3026 ostendit,

100 3046 230 3113 corrupit
250 3054 355 3098 terram
373 3046 403 3097 iu
417 3047 634 3113 praestitutione
652 3062 710 3097 cua.
748 3044 825 3098 Haec
844 3045 938 3098 omnia
962 3051 1042 3121 sigua
1070 3048 1280 3118 Hierosolymae
1308 3047 1444 3101 excidium
1471 3054 1633 3118 antegressa
1665 3054 1798 3119 tauquam

99 3132 300 3203 praenuntiant
318 3131 457 3201 quandam
476 3129 659 3183 universalem
683 3147 771 3200 paene
799 3130 936 3185 seductio·
963 3143 1047 3206 typus
1079 3136 1219 3206 signorum
1250 3134 1323 3188 diem
1355 3133 1537 3188 novissimum
1571 3133 1798 3203 praecedentium

96 3235 160 3273 nem
181 3217 217 3272 ab
236 3217 408 3272 Antichristo
426 3226 454 3270 et
471 3217 617 3271 haereticis
637 3224 701 3270 ante
723 3218 795 3270 diem
822 3217 937 3272 novissi·
964 3221 1131 3277 considerari
1151 3238 1207 3276 non
1228 3220 1364 3274 immerito
1384 3235 1476 3288 posse.

97 3321 174 3359 mum
192 3304 375 3358 metuendam.
405 3311 429 3358 5.
446 3303 936 3358 Idemdemonstratnovissimorum
999 3314 1038 3363 87,
1076 3313 1099 3362 3.
1127 3307 1284 3359 Horribilis
1305 3308 1419 3375 piorum
1437 3306 1604 3374 perterritis.
1640 3303 1738 3359 Matth.
1759 3309 1800 3367 24,
1813 3309 1833 3349 a.
1850 3294 1954 3349 auritat-

72 3422 81 3454 r,
98 3400 256 3462 temporum
283 3391 413 3444 conditio.
449 3390 626 3444 Praedictum
659 3398 701 3443 est
729 3407 746 3444 a
772 3390 883 3444 Christo
911 3396 939 3442 et
964 3412 988 3451 v,
1007 3402 1035 3449 9:
1070 3394 1195 3447 Tradunt
1213 3410 1261 3444 oos
1280 3392 1309 3444 in
1326 3391 1534 3443 tribulationem
1561 3398 1586 3443 et
1603 3391 1729 3443 occidmt
1753 3360 1947 3463 vttiiiriiiiiti

97 3477 251 3549 apostolis.
278 3478 352 3531 circa
370 3476 453 3529 finem
471 3476 566 3530 mundi
592 3476 719 3545 supinam
744 3476 883 3544 quandam
910 3481 938 3528 et
964 3489 989 3534 st
1010 3481 1088 3532 eritis
1106 3480 1173 3531 odio
1183 3478 1308 3530 omnibns
1324 3478 1451 3546 pensitas
1460 3484 1579 3545 propter
1591 3494 1689 3530 nornen
1704 3492 1800 3533 meum.

94 3582 189 3635 paene
209 3563 394 3616 universalem
416 3563 593 3616 securitatem
611 3572 694 3630 atque
715 3563 884 3629 impietatem
899 3561 937 3614 iu·
966 3586 990 3620 v.
1022 3573 1059 3621 to.
1090 3566 1129 3617 Et
1153 3573 1218 3617 trtnc
1242 3564 1512 3617 scandalizabantur
1535 3563 1618 3616 malti
1640 3571 1666 3616 et
1688 3564 1804 3616 invicem

98 3651 263 3716 valituram,
288 3655 319 3701 ut
339 3656 436 3716 postea
463 3648 719 3704 demonstrabimus.
757 3647 843 3716 Atqui
868 3647 939 3700 hanc
965 3655 1078 3706 tradent
1106 3659 1132 3703 et
1150 3651 1216 3703 odio
1240 3651 1380 3704 lababunt
1402 3650 1527 3706 invicem.
1564 3649 1649 3703 Marc.
1673 3654 1712 3716 13,
1732 3665 1757 3703 ν.
1778 3654 1803 3704 9,

99 3737 278 3790 securitatem
302 3742 330 3787 et
352 3736 522 3804 impietatem
551 3737 626 3787 lleus
652 3752 685 3788 ea
710 3734 816 3788 ratione
842 3735 940 3803 punire
971 3740 1067 3793 Videte
1085 3757 1133 3790 oos
1153 3737 1238 3806 ipsos,
1258 3739 1372 3788 tradent
1390 3737 1463 3788 enim
1480 3754 1529 3788 eos
1546 3736 1576 3787 in
1596 3736 1718 3788 concilia
1733 3744 1760 3788 et
1774 3736 1803 3788 in
1817 3761 1873 3802 m,
1885 3759 1932 3802 ato.

100 3823 255 3884 consuevit,
276 3829 307 3874 ut
326 3821 489 3889 corruptelis
510 3828 537 3874 ct
555 3820 716 3874 haeresibus
731 3821 847 3873 liberum
863 3837 939 3890 gras·
965 3825 1123 3894 aynapopis,
1141 3823 1312 3892 oopsstabitis
1330 3830 1462 3876 eteorum
1479 3822 1663 3890 praesidibus
1682 3838 1716 3873 ac
1731 3823 1804 3889 rapi·

99 3909 183 3960 sandi
203 3908 321 3975 spatium
343 3907 483 3977 relinquat
503 3907 599 3961 llatth.
623 3912 661 3974 13,
680 3923 705 3961 v,
728 3913 768 3962 tt.
802 3914 825 3962 2.
843 3906 939 3960 Thess.
967 3913 1016 3964 bns
1046 3911 1208 3963 statnemini
1228 3917 1349 3977 propter
1381 3924 1423 3960 mc
1453 3908 1483 3959 in
1513 3908 1700 3960 testimoninm
1732 3909 1801 3962 illis.

100 4000 128 4060 2,
148 4010 173 4046 ν.
195 3999 233 4047 11.
252 4002 303 4046 etc.
341 3993 421 4045 trirea
437 4009 581 4062 vesperam
607 3994 653 4046 lux
676 3993 773 4047 solaris
797 3993 941 4047 obscurior
967 4014 990 4050 v.
1011 4003 1049 4052 12.
1078 3998 1185 4049 Tradet
1204 4004 1296 4047 ersten
1320 3997 1415 4059 frater
1438 3995 1560 4057 fratrem
1586 3993 1616 4046 in
1640 4002 1755 4046 mmtem
1777 4002 1803 4046 et

99 4080 243 4145 redditur,
272 4079 311 4132 sic
340 4079 415 4131 circa
437 4081 532 4133 mundi
557 4097 699 4149 vesperam
726 4080 772 4132 lux
799 4078 940 4133 doctrinae
964 4093 1048 4153 poter
1065 4085 1156 4147 tilium
1174 4091 1199 4135 et
1217 4089 1382 4148 consurgent
1400 4080 1457 4144 ntia·
1474 4082 1609 4133 odirersns
1624 4088 1758 4148 parentes
1775 4087 1802 4132 et

100 4166 232 4220 coelestis
253 4165 453 4221 obscurabitur.
479 4168 654 4237 Augustinus
674 4166 939 4222 tract.25.inloh.:
966 4178 1053 4224 morte
1077 4185 1124 4222 cos
1148 4168 1292 4236 afficient,
1317 4186 1342 4220 v.
1364 4172 1403 4221 13.
1432 4175 1456 4218 et
1482 4166 1562 4218 eritis
1587 4166 1653 4218 odio
1676 4166 1802 4218 ornnibas

105 4252 246 4312 Quoniam
265 4252 375 4303 accedit
393 4254 458 4314 linis
479 4253 586 4320 mandi,
607 4261 863 4316 crassitatem-ores,
882 4271 939 4305 ere·
964 4265 1083 4324 propter
1112 4271 1211 4306 nomen
1239 4271 1334 4307 meum.
1370 4251 1474 4306 Confer
1494 4251 1563 4304 Luc.
1584 4256 1625 4315 21,
1653 4268 1676 4303 v.
1700 4255 1739 4307 12.
1764 4257 1801 4305 13.

100 4339 156 4390 scit
178 4338 314 4405 iniquitas
339 4346 364 4389 et
391 4340 555 4401 infidelitas.
593 4337 709 4392 Gersou
728 4340 757 4391 in
776 4337 822 4392 lib.
844 4347 940 4394 contra
969 4347 1008 4397 16.
1030 4346 1058 4394 et
1080 4347 1117 4395 17,
1146 4337 1271 4393 Christus
1290 4343 1437 4407 postquam
1459 4336 1633 4405 praedixerat
1659 4336 1733 4388 mala
1751 4335 1801 4389 lu·

101 4431 172 4477 sect.
191 4440 220 4476 se
239 4421 354 4492 flagell:
384 4425 512 4477 ttontns
534 4442 680 4477 senescens
694 4426 806 4493 potetur
820 4426 941 4495 phanta-
967 4427 1042 4481 daeis
1063 4426 1090 4479 in
1110 4441 1212 4495 genere
1233 4430 1297 4477 ante
1317 4422 1500 4476 vastationem
1520 4420 1681 4484 obventura,
1700 4421 1760 4489 jam
1774 4420 1802 4473 in

100 4512 165 4562 sius
184 4510 328 4562 uariorum
354 4526 482 4562 errorum
507 4528 541 4562 oc
562 4511 704 4574 falsorum
730 4510 939 4578 miraculorum,
967 4513 1059 4584 specie
1085 4509 1235 4580 alloquitur
1262 4509 1404 4577 apostolos
1431 4524 1464 4561 ac
1495 4507 1549 4576 piis
1578 4506 1714 4576 praedicit
1742 4522 1802 4576 per·

101 4615 162 4650 non
178 4613 255 4648 sectis
273 4613 307 4647 ac
327 4613 409 4648 series
427 4598 516 4647 coriis
537 4597 684 4648 deluditur
704 4596 827 4650 somniis.
968 4599 1122 4653 secutioues
1149 4603 1177 4650 et
1203 4596 1318 4648 adversa
1345 4594 1381 4646 ab
1406 4592 1473 4661 ipsis
1498 4592 1614 4646 ludaeis
1647 4593 1803 4660 metuenda,

72 4721 84 4748 .
140 4688 182 4738 86.
219 4689 243 4737 2.
271 4684 369 4733 Totins
387 4684 463 4734 orbis
476 4700 531 4750 per
550 4683 639 4750 belle,
666 4683 831 4751 seditiones,
854 4684 940 4752 pesti·
967 4684 1118 4755 sperabant
1135 4682 1176 4736 illi
1194 4697 1324 4751 regnum,
1351 4677 1476 4741 divitias,
1503 4679 1621 4734 honores
1639 4684 1667 4732 et
1686 4679 1804 4749 gloriam

73 4781 86 4790 ·
102 4769 208 4823 lentius
225 4777 250 4821 et
271 4777 364 4820 terroe
384 4778 473 4820 motus
493 4770 676 4831 contristatio.
713 4767 812 4825 Matth,
823 4774 863 4834 21,
878 4775 941 4824 uti:
969 4772 996 4824 in
1016 4770 1156 4823 mundano
1175 4767 1296 4838 quodam
1315 4781 1410 4835 regno,
1430 4765 1478 4819 sed
1491 4764 1617 4818 Christus
1636 4781 1730 4819 eorum
1743 4766 1804 4819 loco

100 4857 245 4908 Anditnri
261 4858 325 4908 estis
346 4857 419 4908 balla
442 4863 466 4907 et
484 4872 610 4908 rumores
632 4856 781 4916 bellorum,
800 4857 890 4908 videte
908 4873 942 4908 ne
968 4856 1104 4926 praedicit
1121 4855 1188 4924 ipsis
1208 4852 1437 4923 persecutionem,
1466 4867 1589 4916 crucem,
1616 4850 1804 4921 ignominiam,

100 4943 260 5009 turbemini,
285 4950 394 5010 oportet
413 4946 485 4994 elsim
506 4944 575 4995 iaec
593 4942 663 5009 sieri,
691 4943 743 4995 secl
762 4944 943 4995 nonnionem
969 4942 1099 4996 scandula
1117 4941 1154 4995 ob
1173 4940 1320 4993 multorum
1343 4954 1360 4991 a
1378 4935 1434 4989 fide
1446 4935 1631 4991 deficientium
1644 4935 1804 5005 apostasiam

91 5029 176 5099 finis.
211 5045 237 5079 v.
257 5034 282 5082 7.
312 5029 466 5093 Consurpet
486 5030 555 5080 enin
585 5046 652 5097 pens
674 5030 810 5081 adversus
835 5036 941 5093 pentem
969 5029 1068 5084 oborta
1087 5032 1114 5079 et
1135 5027 1222 5081 omnis
1243 5030 1352 5095 generis
1373 5023 1507 5093 pericula.
1541 5023 1657 5090 Proprie
1674 5021 1760 5092 igitur
1778 5026 1806 5074 et

100 5123 128 5170 at
154 5131 270 5180 regnam
295 5118 431 5167 auloersns
456 5133 584 5184 repnnrn,
612 5123 637 5168 et
664 5123 743 5167 erunt
765 5114 943 5182 pestilentiae
969 5113 1159 5184 principaliter
1177 5111 1212 5164 ad
1231 5112 1374 5180 apostolos
1390 5127 1407 5164 a
1423 5107 1539 5163 ludaeis
1560 5115 1588 5161 et
1604 5106 1734 5177 gentibus
1758 5123 1804 5160 va·

104 5210 132 5255 ct
149 5203 242 5267 fomes
261 5209 286 5253 st
306 5211 399 5254 terrae
419 5211 509 5254 innotus
526 5220 578 5269 per
600 5200 673 5253 loca.
704 5217 730 5253 t.
751 5205 775 5254 8.
796 5201 875 5252 Haec
895 5217 944 5251 aa·
969 5201 1024 5254 rias
1049 5196 1255 5268 persecutiones
1282 5202 1346 5249 ante
1368 5203 1396 5249 et
1419 5202 1483 5264 post
1501 5193 1711 5262 Hierosolymae
1733 5193 1806 5246 exci-

105 5297 160 5343 tem
186 5289 280 5342 omnin
306 5288 388 5340 initia
414 5296 477 5341 stunt
503 5288 642 5340 doiorum.
679 5285 781 5342 Confer
799 5286 883 5339 Marc.
906 5291 945 5349 13,
971 5285 1045 5339 dium
1069 5299 1167 5354 passos
1191 5281 1259 5335 haec
1282 5280 1367 5334 verba
1392 5279 1493 5335 Christi
1521 5280 1670 5349 pertinent,
1696 5277 1805 5332 interim

104 5393 132 5430 v.
154 5380 176 5429 t.
197 5381 224 5428 et
240 5380 264 5430 8.
301 5373 369 5427 Luc.
391 5380 431 5441 21,
451 5391 474 5425 v.
496 5379 519 5426 9.
541 5379 578 5427 10.
599 5379 627 5426 ο1
647 5377 683 5426 11.
720 5372 844 5441 Proprie,
868 5371 944 5440 prin·
971 5379 1045 5426 recte
1066 5367 1267 5425 accommodari
1283 5364 1448 5435 possuntad
1465 5371 1566 5418 statum
1582 5364 1722 5429 ecclesiae,
1741 5379 1806 5433 qua·

106 5460 236 5530 cipaliter
254 5466 284 5513 et
302 5457 371 5514 κατὰ
385 5455 469 5536 ῥητόν
488 5459 583 5513 itidem
602 5457 655 5513 boc
670 5459 732 5512 loco
745 5456 871 5511 Christus
886 5456 946 5526 agit
972 5457 1006 5511 lis
1038 5464 1079 5512 est
1108 5455 1137 5509 in
1166 5453 1219 5507 hoc
1249 5452 1352 5506 mundo
1385 5449 1514 5505 omnibus
1541 5447 1599 5563 serp
1628 5447 1807 5520 temporibus,

1562 5539 1578 5589 6
