4050 6014
721 285 773 340 DE
791 285 977 341 EXTREMO
994 284 1086 343 sunl
1093 284 1164 342 010.
1749 299 1787 356 57

93 440 169 500 iiiuc
198 441 312 513 μορφῆς
342 436 441 504 ἑκάστη
472 446 676 514 παρισταμένη·
708 439 725 507 ἡ
748 446 878 515 μοιχεία,
911 439 926 508 l,
954 448 1059 508 qantur
1093 448 1142 494 etc.
1181 440 1308 502 Quonam
1337 444 1409 496 enim
1426 443 1537 509 alioqui
1553 445 1667 512 pudore
1685 446 1790 514 sciffen-

91 523 193 591 ττλσπή,
213 523 229 591 ἡ
250 532 369 596 πορνεία
387 522 459 599 μετὰ
479 527 526 591 τῆς
539 523 645 591 νυκτός,
664 527 734 601 μετὰ
747 536 798 582 τοῦ
813 525 928 601 τρόπον,
956 529 1057 580 dentur
1078 528 1108 595 ii,
1130 529 1252 596 quitum
1270 529 1301 581 in
1319 531 1431 598 pudore
1450 536 1533 598 atque
1553 530 1677 591 infamio
1696 547 1789 584 uerso·

90 608 162 685 μετὰ
195 615 251 665 sair
278 607 538 684 χαρακτηριζόντων
571 615 658 680 αὐτὴν
690 611 851 688 ἰδιωμάτων
881 619 928 667 καὶ
955 616 1066 676 buntur,
1084 615 1111 666 στ’
1130 631 1186 666 non
1206 616 1331 668 omnibus
1349 617 1496 684 conspicui
1511 616 1586 670 sinti
1608 617 1722 670 Etenim
1733 624 1790 670 tum

91 694 266 760 ἁπαξαπλῶς
291 695 391 764 ἑκάστη
419 695 543 772 ἁμαρτία
566 699 636 773 μετὰ
661 707 711 754 τοῦ
736 702 813 755 idion
837 721 929 771 χαρα·
955 700 1077 767 denique
1096 700 1195 767 inqens
1216 707 1242 752 et
1260 701 1357 769 qratia
1373 702 1620 769 pudoroboritur,
1639 719 1701 754 cum
1715 703 1789 770 quis·

88 785 191 855 κτῆρος
215 784 319 855 ἐναργῆ
344 789 468 856 φέρουσα
492 782 543 852 τὴν
568 784 730 859 ὑπόμνησιν
753 782 929 857 παραστήσε·
950 786 1031 853 pium
1049 786 1134 838 simiel
1152 794 1178 839 et
1191 787 1318 854 aquoscit
1332 789 1541 855 etuqnoscitur.
1574 788 1706 856 Quisquis
1718 786 1790 840 enirn

89 889 144 923 ται.
181 866 259 922 Idem
279 869 307 921 iu
328 867 400 923 hom.
420 871 444 924 2.
472 869 605 925 addicit.
628 886 742 925 avaros:
776 867 885 943 Ὥσπερ
911 869 1103 936 ἡ“σττιὸτσστ’1,
1129 887 1176 924 eos
1196 875 1320 939 demum,
1348 873 1447 940 quibus
1465 880 1547 927 notus
1571 881 1624 936 est,
1647 875 1790 928 natura.

89 954 154 1007 σκιὰ
185 953 222 1024 τῷ
249 949 373 1026 σώματι,
408 955 481 1009 οὕτω
510 962 570 1017 ταῖς
598 963 704 1027 ψυχαῖς
735 960 766 1010 αἱ
792 939 1194 1047 ἁμαρτίαιιρνσττάσᾳνὶτὶσνι
1203 958 1237 1021 is,
1255 959 1790 1027 quiiuteriqnotoss'pnotueuersatur,

42 1042 78 1086 Μ·
91 1045 273 1113 πσρέποντατ
291 1043 413 1112 ἐναργῶς
431 1038 479 1102 τὰς
490 1038 602 1112 πράξεις
614 1044 834 1106 ἐξεικονίζσνσαι,
854 1040 929 1112 quod
941 1056 944 1125 ρ
955 1043 985 1094 in
1002 1044 1085 1097 nulla
1101 1046 1307 1113 propemodum
1328 1046 1452 1108 infantia
1474 1054 1617 1109 uersatur,
1640 1063 1703 1098 cum
1728 1062 1790 1098 eru·

92 1124 134 1178 sic
154 1126 289 1195 expressit
308 1126 455 1196 Agapetus
474 1127 503 1180 in
522 1127 638 1197 exposit.
658 1136 799 1197 paraenet.
818 1133 883 1182 tom.
907 1128 1040 1183 t'bescit
1060 1137 1107 1184 etc.
1145 1129 1327 1185 Cassiodorus
1354 1132 1383 1185 in
1408 1137 1526 1186 enarrat.
1545 1131 1646 1185 Psalm.
1665 1137 1706 1187 50.
1736 1131 1791 1186 huc

93 1209 292 1282 orthodoxogr.
320 1229 347 1281 p.
371 1217 430 1267 les:
465 1213 706 1274 Quemadmodum
728 1214 843 1266 umbrae
868 1230 929 1265 car·
957 1215 1149 1270 accommodat
1167 1215 1253 1270 verba
1270 1215 1377 1285 psaltis,
1403 1234 1475 1288 quae
1492 1218 1624 1271 adversus
1643 1217 1741 1287 impios
1762 1218 1789 1271 in

88 1314 169 1366 pora
189 1305 340 1364 sectantur,
361 1301 402 1353 sic
423 1300 535 1352 animes
556 1301 673 1369 flapitia
690 1301 858 1354 comitantur
876 1300 929 1352 eui·
957 1302 1004 1356 die
1021 1301 1122 1371 judicii
1144 1301 1239 1357 aDeo
1259 1302 1468 1371 pronuntianda
1493 1303 1574 1356 dicit:
1607 1305 1662 1356 Cur
1683 1321 1791 1357 assum·

93 1386 175 1437 denti
193 1385 291 1452 effiqie
311 1386 434 1438 actiones
454 1386 652 1453 exprimentia,
680 1387 744 1441 ideo
764 1404 819 1439 non
845 1388 931 1438 datur
956 1388 1020 1441 sisti
1040 1396 1155 1457 pactum
1172 1405 1262 1440 meum
1280 1390 1310 1440 in
1329 1406 1361 1442 os
1378 1397 1468 1456 tuum,
1495 1406 1557 1442 curn
1580 1397 1671 1441 tamen
1695 1390 1791 1443 oderis

92 1471 124 1523 in
148 1471 264 1538 judicio
281 1486 398 1539 neqare,
423 1473 487 1540 ipsa
504 1473 576 1526 enim
595 1474 814 1541 uuiuscujusque
841 1488 931 1542 opera
957 1475 1139 1542 disciplinam
1158 1482 1184 1527 et
1204 1476 1363 1544 projeceris
1379 1477 1464 1528 uerba
1484 1493 1545 1530 mea
1567 1483 1633 1545 post
1659 1478 1705 1529 tei
1747 1474 1790 1528 Vi·

93 1556 315 1621 obtestabuntur,
336 1558 416 1610 baud
433 1574 500 1610 sane
520 1574 613 1612 esocem
621 1560 780 1623 emittendo,
797 1558 930 1612 sedtalia
957 1559 1044 1612 debas
1060 1562 1164 1627 frtrem,
1182 1568 1208 1615 et
1227 1563 1360 1615 σττττσσσα
1379 1579 1441 1613 cum
1455 1578 1496 1628 ea,
1514 1570 1540 1615 et
1556 1563 1650 1630 portio
1666 1570 1716 1615 tua
1729 1579 1790 1615 cum

90 1659 215 1711 prorsus
231 1658 290 1694 sese
316 1646 572 1711 repraesentando,
600 1645 699 1712 qualia
720 1645 786 1713 jam
811 1662 830 1697 a
851 1644 930 1697 nobis
957 1646 1105 1699 adstiteris.
1133 1646 1171 1700 Os
1190 1655 1266 1699 turim
1285 1647 1439 1700 abundauit
1457 1648 1570 1700 malitia
1588 1657 1614 1700 et
1627 1648 1725 1716 linqua
1740 1657 1791 1702 tua

88 1735 212 1797 patrata
236 1728 300 1783 sint.
337 1728 415 1782 Idem
435 1730 464 1783 in
484 1728 529 1785 lib.
554 1729 590 1782 de
609 1728 743 1799 virginit:
774 1731 840 1783 Nou
867 1747 930 1783 con·
957 1731 1134 1784 concinnavit
1152 1732 1241 1786 dolos.
1280 1733 1387 1785 Sedens
1412 1733 1545 1787 advenis
1567 1735 1692 1799 fratrem
1716 1741 1791 1786 tuum
1871 1788 1875 1796 ,

92 1816 160 1878 fuse
184 1823 233 1867 aut
258 1817 416 1868 summatim
442 1823 492 1868 aut
520 1817 660 1884 indiqeste
684 1824 802 1885 peccata
832 1825 930 1870 nostra
956 1817 1117 1885 loquebaris
1134 1826 1161 1870 et
1181 1820 1317 1871 edwius
1335 1818 1426 1880 filiurn
1453 1821 1552 1873 matris
1577 1829 1641 1874 tuae
1664 1821 1792 1888 ponebas

94 1908 256 1967 cernentur,
282 1902 334 1954 sed
353 1902 467 1970 sinqssla
490 1918 544 1971 per
563 1909 665 1970 partes
683 1910 714 1953 ut
736 1919 796 1955 sese
820 1903 930 1968 babent,
956 1903 1130 1956 scandalum.
1166 1903 1246 1956 Haec
1267 1904 1365 1965 fecisti
1389 1912 1415 1957 et
1435 1906 1524 1968 tacui,
1551 1906 1718 1959 existimasti
1738 1906 1791 1959 ini·

94 1986 169 2038 uelut
197 1986 227 2038 in
251 1987 366 2057 pictura
392 1996 550 2042 noscentur.
586 1987 712 2059 Exempli
741 2003 839 2054 causa,
865 2006 930 2056 quo·
957 2007 1023 2057 que,
1048 1991 1126 2056 quod
1149 2005 1197 2043 ero
1222 1990 1324 2043 similis
1348 1991 1397 2043 tui.
1432 1991 1561 2060 Arquarn
1578 1999 1605 2045 te
1623 2000 1648 2044 et
1670 2001 1792 2046 statuam

95 2073 180 2125 modo
200 2074 242 2124 ad
254 2076 433 2140 patrandum
451 2076 567 2143 quisque
581 2076 755 2128 adulterium
768 2083 1059 2143 properanscontru
1078 2076 1294 2143 facientium.
1329 2077 1392 2130 Hoc
1414 2092 1542 2130 sermone
1559 2078 1672 2148 (inquit)
1698 2079 1794 2142 futuri
1805 2075 1860 2121 ¹1¹·
1875 2075 1921 2118 Μ·

96 2158 198 2212 electo
217 2160 347 2224 currerit,
377 2161 475 2228 mribus
492 2161 626 2229 passibus
646 2161 779 2214 inccdens
798 2177 865 2213 usus
882 2167 930 2225 est,
952 2161 1063 2230 judicii
1080 2163 1212 2214 indicata
1231 2162 1365 2230 qualitas,
1383 2164 1433 2216 ubi
1450 2172 1583 2231 peccator
1602 2165 1706 2218 uidebit
1727 2172 1792 2216 ante

95 2260 151 2312 quo
175 2252 250 2298 motis
274 2249 404 2313 corporis
431 2246 552 2300 lentiore
574 2263 608 2298 ac
633 2247 828 2313 concitatiore,
851 2262 930 2313 quem
958 2263 988 2300 ae
1007 2256 1093 2314 stare,
1112 2250 1188 2317 quod
1206 2249 1369 2319 reperiebat
1387 2249 1535 2303 oblivionis
1555 2251 1686 2317 beneficio
1703 2266 1792 2320 prue-

95 2329 229 2394 lsabitum,
249 2347 312 2382 cum
325 2332 535 2399 procederetur,
556 2332 695 2390 assumsit.
724 2350 781 2400 qua
801 2347 833 2384 ec
847 2340 931 2400 parte
957 2333 1074 2401 uniisse,
1089 2334 1234 2387 tanmem
1246 2335 1416 2402 immensum,
1426 2336 1619 2402 formidinem
1631 2337 1792 2389 inaestima-

95 2417 256 2484 irmsmpens
273 2434 386 2471 ueorem
407 2417 532 2470 alienam
544 2418 667 2486 uelauit,
686 2420 818 2485 quadem
831 2419 931 2472 ordine
957 2418 1053 2485 bilem,
1075 2435 1196 2487 poenam
1215 2420 1457 2474 interminabilem.
1493 2421 1670 2476 Bernhardus
1690 2421 1738 2478 lib.
1757 2421 1792 2475 de

95 2502 161 2554 liuic
189 2504 303 2556 mulieri
331 2505 373 2556 ad
400 2505 544 2569 nefarium
573 2522 644 2572 opus
674 2520 735 2558 sese
772 2505 930 2558 uebstraait.
957 2506 1274 2561 anim.c.2.col.119:
1301 2505 1430 2567 Quadam
1448 2508 1477 2561 ui
1496 2509 1594 2562 divina
1608 2510 1668 2576 flet,
1687 2516 1718 2561 ut
1736 2509 1792 2561 cui·

96 2587 177 2640 Haec
210 2588 324 2656 inquam
351 2591 446 2643 orinia
474 2590 548 2643 neiis
569 2607 625 2658 per
649 2598 748 2660 partes
780 2591 931 2657 dilipenter
957 2609 1010 2659 que
1027 2608 1081 2643 ττισ
1100 2609 1197 2660 opera,
1222 2594 1295 2646 bona
1312 2594 1356 2646 uel
1376 2593 1461 2655 mala,
1486 2595 1516 2646 in
1534 2594 1694 2648 memoriam
1714 2611 1792 2648 reuo-

97 2688 234 2741 eapressa
252 2683 413 2741 cernentur,
437 2691 488 2729 uec
505 2693 575 2743 opus
592 2684 700 2729 mutum
720 2683 861 2729 externum
881 2677 932 2728 sed
957 2685 1055 2756 centur
1074 2686 1099 2730 et
1118 2678 1217 2731 mentis
1235 2679 1337 2730 intuitu
1362 2680 1436 2731 mira
1461 2679 1606 2733 celeritate
1631 2688 1791 2748 cernantur,

96 2766 123 2809 et
144 2759 259 2812 intimae
279 2761 468 2827 capitationes.
499 2760 653 2829 Ephremus
673 2762 702 2813 in
722 2759 769 2815 lib.
782 2761 872 2816 dedis
886 2761 932 2831 ju·
957 2772 987 2816 ut
1012 2771 1122 2817 accsuet
1143 2765 1187 2817 sel
1214 2773 1322 2818 enasset
1345 2766 1463 2818 scientia
1488 2767 1686 2819 conscientiam
1709 2775 1792 2834 atque

96 2842 160 2897 dicii
180 2861 204 2898 c.
224 2850 250 2900 t:
268 2846 394 2899 Arbores
407 2847 580 2910 fructiferae
600 2855 722 2915 tempore
740 2864 790 2900 sua
805 2849 931 2915 primum
958 2851 998 2901 itu
1017 2851 1103 2903 simul
1123 2857 1150 2902 et
1170 2851 1279 2918 sinquli
1295 2859 1321 2904 et
1341 2867 1434 2904 omnes
1447 2852 1621 2920 judicentur.
1649 2852 1736 2914 'Quae
1754 2852 1791 2906 ci·

97 2931 265 2983 intrinsecus
284 2933 444 3000 concipiunt
463 2934 608 3001 fructum,
632 2940 733 3002 postea
751 2950 815 2987 uero
834 2934 931 2986 diuino
957 2935 992 2988 tri
1011 2951 1095 2990 succo
1113 2934 1280 3001 scribuntur,
1310 2936 1370 3005 ejus
1386 2936 1539 3006 scripturae
1553 2936 1660 2991 uultum
1675 2943 1793 3007 apparet

98 3024 168 3068 αντα
187 3017 356 3072 extrinsecus
372 3020 526 3087 proferunt
543 3021 697 3072 secundum
708 3036 789 3071 uiam
800 3026 931 3072 naturam
957 3022 1113 3091 vestigium,
1133 3027 1162 3075 at
1180 3022 1202 3075 si
1221 3022 1280 3091 igni
1301 3021 1414 3076 admota
1427 3021 1538 3088 fuerim,
1558 3022 1632 3077 clare
1648 3023 1791 3092 leguntur,

97 3110 121 3154 et
137 3103 263 3163 fructum
277 3111 303 3156 et
319 3104 419 3172 folia,·
446 3106 488 3157 sic
505 3106 536 3157 in
552 3106 598 3158 die
619 3106 674 3158 illa
691 3105 815 3158 terribili
838 3121 931 3158 omnes
957 3108 996 3160 its
1012 3108 1040 3161 in
1058 3107 1123 3177 igne
1140 3108 1240 3176 judicii
1257 3109 1349 3162 omnis
1369 3115 1485 3178 peccatu
1502 3108 1686 3179 apparebunt.
1722 3111 1791 3163 Bru·

97 3189 231 3255 leoninas,
251 3205 431 3258 quaecunque
451 3192 480 3244 in
492 3191 543 3244 lsoc
557 3191 651 3244 semila
668 3191 753 3258 qsuui
766 3191 796 3243 in
809 3199 933 3258 tempore
957 3194 1023 3248 mali
1041 3201 1166 3263 tempore
1182 3195 1230 3248 uix
1247 3193 1355 3264 obtegit
1376 3194 1477 3258 amuis,
1492 3203 1524 3248 ut
1541 3194 1630 3249 lutum
1647 3196 1791 3266 agemmis

96 3289 148 3327 suo
168 3276 275 3328 occulte
291 3276 461 3329 intrinsecus
479 3278 536 3329 sire
563 3277 635 3328 bana
659 3280 718 3330 sine
743 3276 822 3329 mela
843 3292 931 3344 pesse·
958 3286 1078 3350 nequeat
1103 3280 1268 3344 internosci,
1296 3279 1345 3332 sed
1370 3280 1411 3334 sol
1435 3295 1535 3334 vernus
1559 3281 1658 3352 retegit
1684 3282 1790 3346 omniun

97 3367 169 3422 runt,
189 3361 230 3414 ibi
247 3363 331 3430 quasi
347 3363 459 3423 fructus
474 3362 614 3430 proprios
635 3370 699 3414 ante
724 3362 850 3416 tribunat
871 3365 931 3416 Do·
958 3366 997 3419 sic
1016 3367 1044 3419 iu
1064 3366 1147 3434 hujus
1168 3366 1243 3418 vit-ae
1268 3365 1366 3419 bruma
1390 3371 1418 3420 et
1442 3366 1562 3436 caligine
1583 3369 1672 3421 multa
1696 3368 1791 3430 latent,

97 3447 167 3497 mini
184 3451 343 3517 proferent.
380 3447 501 3516 Cyrillus
521 3448 726 3503 Alexandrinus
754 3447 782 3501 iu
808 3453 878 3503 orat.
897 3447 933 3501 de
958 3467 1029 3522 quae
1043 3451 1080 3506 ad
1102 3449 1188 3506 solem
1202 3451 1328 3520 justitiae
1348 3452 1441 3505 omnia
1458 3451 1713 3506 manifestabuntur.
1746 3454 1790 3505 Au

98 3533 162 3586 exit.
182 3532 290 3586 animae
309 3540 338 3587 et
354 3534 477 3589 secundo
498 3533 599 3588 Christi
618 3535 757 3589 adventu:
787 3534 870 3586 Nihil
886 3550 932 3586 ac·
959 3554 1025 3592 vero
1042 3537 1230 3592 manifestatio
1249 3536 1297 3590 illa
1314 3533 1484 3592 omnium'in
1502 3539 1548 3593 die
1573 3539 1674 3608 judicii
1697 3539 1791 3594 futura

98 3621 273 3689 cusatoribus
300 3627 360 3687 eqet
383 3621 474 3688 judea
494 3621 557 3687 ille,
581 3636 670 3687 neque
692 3620 819 3680 testibus,
845 3634 933 3687 neque
959 3621 1139 3693 intelligenda
1156 3623 1193 3677 sit
1210 3623 1367 3690 collective,
1390 3622 1470 3692 quasi
1489 3622 1581 3677 omnia
1602 3630 1658 3677 tam
1682 3624 1790 3694 piorum

99 3705 395 3769 demonstrationibus,
421 3722 507 3774 neque
523 3707 752 3775 probationibus,
778 3707 831 3759 sed
848 3721 932 3773 quae·
959 3725 1042 3778 quarn
1064 3709 1212 3778 impiorum
1230 3714 1346 3778 peccate
1364 3715 1392 3765 et
1410 3716 1591 3778 utrcmmque
1608 3709 1683 3765 bona
1708 3727 1792 3780 opera

99 3807 204 3860 cunque
220 3793 501 3859 saturissatiris,
521 3794 703 3858 rensuum,
724 3809 757 3845 ea
769 3793 800 3844 in
812 3793 933 3844 rusticam
959 3794 1086 3848 omuibus
1105 3794 1161 3848 siut
1179 3794 1341 3862 revelanda3
1368 3811 1404 3848 an
1424 3811 1490 3849 vcro
1508 3795 1693 3863 distribuisse,
1717 3796 1791 3866 quod

98 3878 181 3946 affert
209 3879 242 3929 ab
271 3879 367 3933 oculas
396 3885 550 3933 nocentum.
585 3877 761 3948 Augustinus
791 3894 872 3932 serm.
891 3884 931 3933 35.
959 3880 1106 3950 impiorum
1127 3880 1263 3934 duntaxat
1274 3888 1399 3950 peccata,
1418 3881 1527 3950 piorum
1540 3896 1605 3935 vero
1620 3881 1695 3936 bona
1709 3897 1792 3950 opera

100 3962 134 4018 de
154 3963 229 4020 verb,
249 3971 337 4033 apost.
355 3964 431 4019 circa
448 3964 533 4018 med:
568 3963 679 4017 Certum
697 3971 748 4031 est,
765 3964 796 4016 in
815 3965 862 4016 die
878 3964 931 4017 illa
959 3966 1164 4020 manifestanda
1182 3967 1246 4031 siut,
1263 3967 1377 4021 iuferius
1397 3967 1568 4037 dispiciatur.

100 4051 190 4118 ipsum
208 4058 272 4103 ante
292 4067 321 4103 se
339 4052 476 4104 bominem
494 4052 719 4105 constituendum
740 4058 765 4102 et
783 4051 876 4118 ipsam
888 4051 934 4103 sui
994 4057 1034 4107 60.
1071 4056 1094 4107 2.
1129 4051 1240 4107 Causae
1269 4054 1397 4119 coquitur
1424 4054 1529 4107 decisio
1565 4071 1599 4106 ac
1633 4055 1793 4115 definitivae

99 4139 184 4190 uitam
207 4137 238 4189 in
261 4138 357 4190 cordis
383 4138 497 4206 speculo
524 4137 775 4190 demonstrandam
802 4144 827 4190 et
850 4144 933 4189 testes
958 4139 1111 4191 sementiae
1128 4138 1331 4206 promulpatio.
1364 4136 1518 4208 Postquam
1538 4139 1612 4193 enim
1635 4141 1728 4208 justus
1748 4140 1793 4207 ju·

100 4232 278 4279 contrusam
297 4241 353 4277 nan
371 4226 407 4277 de
432 4225 509 4288 saris
535 4224 693 4292 aliquunde
717 4225 769 4277 sed
797 4224 872 4276 intus
897 4225 933 4277 de
960 4223 1013 4278 dex
1031 4223 1281 4294 utriusquepartis
1311 4241 1422 4278 causam
1448 4225 1577 4281 omnibus
1601 4222 1793 4294 praesentibus

100 4312 162 4380 ipsa
192 4311 290 4365 anima
316 4314 514 4379 proferendos.
558 4310 736 4379 Adjicienda
768 4318 848 4362 erum
879 4328 934 4363 non
959 4316 1093 4379 tauquam
1117 4310 1217 4380 judicii
1245 4309 1363 4364 testibus
1389 4317 1483 4367 uotam
1512 4310 1592 4376 fecit,
1621 4309 1793 4363 definitivam

100 4399 197 4468 aliqua
221 4401 388 4467 pereprina,
412 4403 464 4454 seri
480 4400 595 4453 nimium
617 4406 687 4451 nata
705 4398 876 4460 testimonio,
901 4398 934 4450 isi
960 4395 1124 4451 seutentiam
1145 4395 1282 4466 duplicem
1302 4412 1352 4466 pro
1371 4396 1531 4451 diversitate
1548 4395 1793 4465 utriusquepartis

101 4493 138 4538 est
163 4502 251 4557 opera
275 4502 336 4538 uia.
373 4488 587 4540 Ordinabuntur
611 4492 676 4537 ante
702 4484 845 4542 infelicem
873 4484 935 4536 ani·
962 4491 990 4536 et
1015 4499 1115 4538 causae
1138 4483 1217 4538 feret,
1251 4483 1332 4538 Prior
1361 4499 1426 4552 pars
1453 4483 1607 4536 sententiae
1632 4482 1684 4535 erit
1711 4483 1795 4552 lunge

100 4589 173 4623 mam
193 4579 313 4640 peccata
332 4572 376 4624 rel
394 4572 514 4625 cumina
531 4589 591 4637 sua,
616 4578 648 4623 ut
665 4586 727 4622 eam
746 4575 771 4621 et
788 4568 935 4622 convincat
958 4570 1243 4640 jucundissimaque
1262 4569 1315 4639 piis
1335 4569 1370 4621 ad
1389 4569 1512 4622 dextram
1533 4568 1690 4623 constitutis
1707 4569 1795 4622 dicct:

97 4659 230 4725 prabatio
251 4665 278 4710 et
298 4659 456 4716 confundat
476 4659 585 4726 equitio
605 4666 655 4711 etc.
690 4654 794 4710 Confer
811 4654 859 4710 lib.
880 4671 935 4709 me·
968 4654 1063 4708 Venite
1083 4655 1220 4708 benedicti
1233 4655 1330 4708 Patris
1348 4655 1411 4717 mei,
1429 4654 1602 4707 hereditario
1615 4655 1684 4724 jure
1699 4655 1796 4724 possi-

101 4743 178 4799 ditat.
197 4749 264 4798 tom.
283 4749 307 4798 11.
333 4742 392 4798 Leo
413 4759 493 4798 serm.
514 4750 537 4798 5.
556 4743 735 4813 quadrages:
760 4742 827 4795 Non
844 4749 937 4810 potest
963 4742 1026 4794 dete
1043 4757 1173 4807 requam,
1198 4741 1275 4810 qisod
1296 4747 1432 4809 paratum
1456 4741 1533 4793 uobis
1560 4760 1578 4794 a
1603 4741 1797 4795 constitutione

102 4845 160 4881 uim
182 4829 337 4897 quidquam
356 4829 472 4893 fallere,
499 4829 689 4896 cuiperaium
709 4835 846 4881 ratumne
866 4827 936 4880 soli-
962 4827 1068 4880 mundi.
1104 4827 1183 4879 Tunc
1208 4826 1283 4879 dicet
1308 4842 1373 4890 rea,
1397 4825 1489 4894 inquit
1514 4826 1649 4881 Christus.
1686 4825 1738 4889 Qui
1768 4843 1796 4880 se

101 4917 166 4969 (irim
185 4923 211 4968 et
231 4923 360 4984 apertum
387 4931 465 4969 amne
489 4923 637 4980 secretum,
661 4915 707 4967 cui
735 4913 853 4966 obsurra
878 4913 936 4966 cla·
964 4912 1047 4982 paulo
1069 4918 1133 4966 aute
1152 4917 1300 4966 vocaverat
1317 4912 1426 4966 Filium
1450 4913 1585 4977 bominis,
1610 4914 1675 4982 quia
1699 4912 1727 4964 in
1754 4928 1796 4965 as·

102 5011 170 5066 rent,
188 5010 266 5055 muta
284 5003 469 5071 respondent,
496 5001 636 5053 silentium
658 5002 805 5067 confitetur
830 5006 856 5051 et
874 5000 936 5051 sine
964 5005 1055 5053 sumta
1080 4999 1200 5052 humans
1222 5005 1322 5052 natura
1345 4998 1492 5052 visibiliter
1516 4998 1660 5067 judicium
1681 4997 1798 5050 admini-

101 5105 163 5141 noce
191 5105 268 5143 mens
296 5090 428 5158 loquitur.
463 5088 654 5141 Damascenus
678 5086 707 5140 in
732 5092 801 5141 orat.
829 5084 864 5137 de
887 5085 1071 5165 delatrabit,
1092 5101 1126 5138 sc
1141 5092 1293 5153 pastorem,
1318 5084 1385 5154 quia
1402 5084 1464 5153 pios
1482 5082 1519 5136 ab
1539 5083 1631 5152 impiis
1649 5081 1798 5152 separabit,

102 5172 204 5229 functis
224 5192 256 5230 ex
274 5176 444 5231 Athanasio:
475 5172 521 5229 Ἐν
540 5176 634 5242 ἐκείνῳ
653 5174 692 5242 τῷ
709 5168 850 5245 πανδήμῳ
867 5167 936 5225 θεά·
948 5173 951 5218 l
963 5176 994 5225 ut
1012 5179 1108 5241 pastor
1122 5186 1189 5224 oves
1208 5169 1243 5224 ab
1261 5170 1360 5226 hoedis
1379 5169 1562 5235 disterminat,
1586 5169 1610 5222 is
1626 5186 1719 5237 reqem
1738 5185 1798 5222 sese

102 5280 165 5332 τρῳ,
187 5261 217 5312 in
238 5263 415 5329 amplissimo
432 5261 485 5314 illo
504 5275 539 5312 cc
558 5259 687 5326 peuerell
702 5259 819 5322 theatra,
845 5239 950 5326 quem-¹
964 5264 1059 5320 vocat,
1090 5257 1156 5326 quia
1179 5257 1253 5326 regis
1271 5263 1313 5309 est
1334 5255 1511 5326 judiciariam
1537 5254 1610 5309 ferre
1634 5255 1797 5310 senteutiam

103 5350 258 5401 admodum
285 5348 408 5401 actiones
436 5348 558 5399 omniurn
588 5346 723 5410 neemiae,
749 5345 791 5397 ita
815 5345 937 5396 omnium
963 5361 996 5398 ac
1016 5341 1112 5397 fideles
1131 5342 1260 5398 subditos
1283 5341 1318 5396 ad
1338 5341 1417 5412 regui
1437 5340 1572 5396 beneficia
1597 5357 1710 5408 vocare,
1737 5358 1798 5411 per·

103 5450 209 5503 proque
225 5434 318 5497 facies
337 5434 552 5486 omnibussrunt
569 5424 1070 5522 notaeotqueconspicuae.(duelles
1102 5444 1168 5484 vero
1199 5428 1235 5482 ab
1266 5429 1363 5482 codem
1393 5426 1519 5497 relegere
1553 5434 1581 5481 et
1616 5427 1798 5497 proscribere.

103 5522 199 5590 quau
217 5537 303 5588 usque
323 5535 417 5573 omnes
434 5526 587 5571 extremum
611 5534 629 5568 a
649 5531 678 5569 se
702 5516 818 5569 inuicem
843 5517 936 5585 sejisn·
963 5515 1044 5570 Tunc
1061 5531 1117 5570 non
1137 5513 1339 5579 dicetPilatus,
1358 5529 1459 5581 erpone
1480 5529 1528 5565 rea
1547 5521 1577 5566 tu
1594 5515 1642 5567 est
1663 5519 1798 5567 tuncncn
