4050 6014
244 395 301 451 166
889 381 1119 441 TRAO'I‘ATUS
1141 382 1307 438 TERTIUS

240 540 294 593 erit
320 539 439 607 speciae,
474 539 546 591 ciart
577 546 675 607 aperte
706 544 732 589 et
761 539 872 605 capiere
903 539 1072 590 deacribitur
1096 539 1264 605 praeterire,
1285 537 1372 598 abire,
1392 556 1446 591 non
1465 555 1524 590 erec
1547 544 1599 591 ete.
1632 555 1659 607 p.
1684 544 1744 594 tlt:
1778 539 1844 593 Vita
1867 540 2002 602 baecxx„

245 628 273 677 2.
295 625 371 678 Patr.
390 626 418 693 3,
443 641 466 676 v.
489 626 512 679 7.
531 626 573 676 10.
597 627 635 676 ll.
656 630 682 676 et
707 625 750 675 12.
771 624 976 691 prenu'ttuutur
1001 622 1232 721 enimlauimalie
1253 640 1287 675 ac
1306 624 1447 676 terr-cetrie
1471 624 1502 675 in
1529 623 1576 676 die
1591 624 1702 692 judieii
1725 640 1836 679 certare
1855 627 1935 680 debet

242 710 308 763 novi
347 709 420 763 coeli
450 725 485 762 ac
517 727 589 763 noea
619 716 715 777 terra,
748 727 803 762 nen
834 710 967 778 priorum
994 711 1074 763 reati·
1100 716 1126 761 et
1143 709 1205 777 ejue
1220 709 1284 763 loce
1302 708 1464 779 spiritualia
1481 726 1515 762 ae
1535 708 1662 762 coelestia
1681 710 1823 765 erebetitui.
1859 711 1935 774 Quia

241 796 311 848 tutio
329 795 434 848 sivein
451 795 576 862 mendam,
590 794 647 848 aiere
665 795 695 848 in
712 795 854 849 meliorem
873 803 984 849 etatum.
1013 797 1074 848 Nec
1101 812 1167 862 crqe
1190 811 1255 848 vere
1276 796 1353 849 coele
1382 801 1409 847 et
1436 811 1504 849 vera
1523 802 1600 849 terra
1626 795 1657 848 in
1683 795 1738 850 illu
1765 796 1845 850 nobie
1864 813 1934 866 epur

241 882 277 934 iic
301 899 416 951 porrum
442 881 592 947 meentiri,
622 881 671 948 qui
700 880 772 933 banc
796 881 1009 933 dissolutionem
1034 884 1075 933 ad
1101 880 1174 933 erit?
1210 883 1311 935 Nonne
1329 889 1354 933 et
1373 881 1480 935 coelum
1499 889 1526 935 et
1543 889 1657 950 terram,
1680 889 1712 935 ut
1728 882 1793 935 buia
1814 882 1937 936 animali

239 967 316 1022 celae
330 966 482 1035 qualitateve
499 968 683 1034 referendam
697 973 815 1020 censent.
840 964 941 1020 Daniel
959 965 1073 1020 Tilenus
1101 972 1126 1017 et
1149 968 1278 1021 terrestri
1301 968 1376 1020 vitae
1403 967 1589 1035 interemerit,
1614 970 1695 1021 Deua
1722 967 1848 1022 meavit!
1877 984 1936 1037 qua

240 1052 406 1107 Sedenenue
424 1051 453 1105 in
474 1050 567 1106 Gellia
585 1051 726 1120 professor
744 1058 814 1120 pert.
841 1057 864 1105 2.
882 1052 1012 1122 disputet.
1032 1057 1073 1106 67.
1099 1060 1232 1120 ceeeantc,
1248 1063 1367 1123 prepter
1385 1072 1469 1125 queam
1481 1063 1628 1123 utrumque
1648 1054 1792 1107 condition
1808 1054 1878 1122 fuit,
1897 1072 1936 1108 an

241 1136 328 1211 §3¹st
366 1137 421 1201 Qui
436 1143 610 1191 curaturam
623 1137 720 1191 dicunt
737 1139 835 1189 mundi
853 1138 999 1191 canentiam
1018 1155 1072 1190 nen
1099 1156 1154 1191 nen
1171 1145 1197 1191 et
1216 1139 1279 1208 ipra
1297 1156 1409 1193 cacare
1433 1141 1552 1194 debenti
1591 1140 1659 1194 Oum
1685 1141 1825 1194 Dominue
1849 1141 1936 1194 derue

242 1225 400 1278 obvolutam
438 1225 490 1277 aed
522 1223 681 1287 relatiuam,
726 1224 961 1291 quemadmodum
998 1224 1074 1294 lupia
1100 1231 1198 1295 aperte
1217 1225 1304 1292 dicul,
1323 1243 1374 1279 nee
1393 1226 1503 1294 anqalia
1521 1226 1582 1279 Dei
1597 1225 1703 1279 eimilee
1720 1226 1845 1289 futures,
1864 1225 1937 1295 quid

241 1318 335 1364 manet
359 1310 445 1380 lupia,
466 1310 551 1365 etiam
570 1318 722 1378 peetquum
747 1310 832 1363 deeiit
857 1326 917 1362 erae
937 1309 1025 1374 limen,
1045 1310 1075 1363 iri
1100 1310 1179 1363 nobie
1197 1327 1259 1363 cum
1278 1312 1355 1366 coele
1376 1312 1436 1379 lrec,
1450 1315 1528 1380 qued
1540 1311 1760 1380 adspicimue,et
1778 1328 1840 1366 cum
1857 1318 1936 1366 terra

240 1415 382 1465 nunquam
411 1414 492 1451 cuum
518 1397 682 1451 sententiam
713 1415 775 1450 cum
800 1396 968 1450 testimoniis
998 1395 1073 1449 Seri·
1100 1397 1161 1465 uae,
1180 1396 1210 1450 in
1228 1415 1284 1466 quta
1302 1398 1469 1465 habitamus,
1487 1398 1605 1452 ealcum
1623 1399 1691 1451 aliie
1709 1398 1835 1465 ejuedem
1853 1413 1936 1466 qene-

239 1491 350 1551 pturae,
370 1499 442 1552 quae
461 1484 496 1536 de
515 1483 629 1536 interitu
649 1484 748 1536 murrdi
761 1491 855 1551 aqunt,
876 1482 1073 1536 conciliabant.
1100 1481 1161 1534 rie!
1196 1484 1270 1536 Num
1289 1484 1362 1551 quid
1376 1485 1474 1553 anqeli
1491 1485 1553 1538 Dei
1566 1484 1617 1537 bec
1635 1483 1713 1537 caelo
1733 1492 1759 1536 et
1782 1483 1836 1537 bac
1857 1491 1937 1538 terra

243 1570 353 1638 Ecquie
388 1570 459 1623 enim
495 1569 635 1640 lapidem,
669 1588 730 1623 cum
765 1570 845 1622 limen
874 1585 931 1622 eece
961 1568 1074 1637 decinit,
1100 1568 1158 1621 eive
1175 1568 1243 1621 aliu
1260 1570 1385 1638 eirudem
1404 1571 1514 1640 qenerie
1538 1576 1755 1638 marmoreique
1775 1571 1936 1634 fruuntur!

237 1657 343 1724 perire,
362 1662 501 1722 aestuare,
521 1656 648 1723 dieeolei,
661 1657 817 1725 liqueecere
834 1664 861 1710 et
872 1655 954 1710 cruri
970 1655 1076 1709 dicerit
1102 1654 1150 1706 cui
1165 1655 1231 1707 aeui
1248 1655 1372 1724 arqeliue
1390 1657 1493 1721 sutura
1510 1662 1575 1709 euru
1592 1656 1673 1708 nebia
1693 1657 1796 1724 emnia,
1815 1657 1936 1724 quaein
2006 1649 2010 1659 '

241 1750 291 1794 aut
311 1741 383 1795 sicut
402 1743 511 1806 frenum
529 1744 713 1797 manesceret
732 1749 782 1796 aut
802 1742 918 1810 quinam
939 1743 978 1806 id,
999 1744 1076 1810 qued
1102 1739 1180 1793 coelo
1197 1741 1242 1793 vel
1260 1741 1290 1794 in
1310 1748 1389 1794 terra
1408 1749 1480 1804 eunt,
1499 1740 1544 1794 vel
1564 1742 1626 1795 alia
1644 1742 1706 1811 ejue
1725 1740 1853 1794 cimilia!
1871 1759 1936 1796 aum

240 1845 297 1880 non
316 1828 454 1897 aboletur,
477 1831 529 1882 red
556 1831 694 1882 dantum
722 1837 882 1893 renovatur,
910 1829 1075 1881 emerueria
1101 1825 1173 1892 quid
1190 1827 1232 1878 ad
1259 1826 1343 1892 cibee,
1369 1827 1469 1895 quiem
1492 1834 1687 1893 erutentemur,
1713 1844 1810 1882 eonem
1834 1843 1888 1896 epe
1911 1835 1936 1881 et

236 1911 327 1983 plane
351 1914 445 1968 deleri
471 1931 522 1968 nec
553 1915 676 1982 ampliue
706 1913 921 1967 commemorari
947 1914 1076 1967 dicitur!
1101 1911 1169 1963 inda
1182 1911 1393 1980 percipiendae,
1412 1929 1475 1965 etum
1494 1912 1667 1968 immortales
1688 1913 1785 1979 futuri
1806 1914 1893 1967 timue
1910 1920 1936 1968 d

240 1999 380 2067 quomedo
403 2000 489 2053 etabit
519 2000 680 2064 amittetis,
708 2017 765 2069 qua
790 1998 919 2054 Clerietue
945 2000 1022 2052 coele
1049 2006 1076 2053 et
1101 1997 1182 2050 nulla
1213 1999 1367 2062 refectione
1389 2016 1460 2070 epae
1482 2000 1626 2053 babituri?
1664 2001 1725 2054 Sed
1749 1999 1860 2069 opinor,
1880 2017 1936 2054 nen

240 2091 334 2138 terrae
362 2085 517 2154 interitum,
545 2087 636 2140 verbio
663 2093 756 2139 auum
786 2086 847 2141 eum
878 2085 1075 2155 sempiternam
1102 2083 1201 2152 quibua
1224 2092 1418 2154 mutentemur,
1443 2086 1495 2139 aad
1519 2086 1619 2154 quibtte
1643 2086 1817 2140 delicientur.
1855 2087 1935 2153 Erqe

241 2170 417 2225 durationem
434 2171 583 2240 umente,
608 2172 637 2226 ei
655 2171 728 2226 coeli
751 2189 807 2226 nen
832 2173 914 2226 mede
932 2171 1077 2226 interituri
1102 2175 1128 2221 et
1154 2170 1253 2236 anqeli
1277 2170 1348 2239 ipei,
1375 2188 1493 2240 quorum
1516 2187 1606 2240 parer
1631 2172 1729 2239 futuri
1751 2189 1862 2238 eumue,
1881 2190 1934 2228 nen

240 2276 297 2312 non
318 2263 391 2327 eunt,
415 2261 467 2311 red
490 2259 575 2311 etiam
600 2260 630 2312 in
656 2258 755 2312 meliue
772 2259 923 2312 mutandi!
948 2275 987 2310 an
1004 2259 1072 2322 fide-
1100 2255 1192 2308 rotam
1210 2255 1277 2309 cibit
1295 2264 1417 2323 utuntur,
1436 2259 1489 2310 ced
1506 2257 1591 2311 etiam
1608 2273 1655 2312 eor
1683 2257 1768 2326 leuius
1792 2258 1868 2313 eecli
1884 2275 1935 2329 ope

240 2345 319 2415 dum,
336 2362 405 2415 quoe
418 2345 564 2415 judicium
581 2347 633 2400 bec
657 2347 821 2414 eupaetr'tee
851 2345 1074 2413 deprehenderit,
1101 2349 1127 2393 et
1149 2357 1182 2395 eu
1206 2343 1259 2395 bac
1283 2349 1362 2396 terra
1387 2343 1444 2397 eive
1468 2359 1502 2397 ea
1528 2344 1596 2397 aliie
1621 2343 1665 2397 tu
1686 2343 1827 2398 umatum
1842 2345 1935 2414 perci·

243 2448 376 2501 corpora,
401 2433 468 2487 dum
492 2432 761 2502 traumuabuuur,
783 2439 858 2487 reeta
883 2432 946 2499 quie
970 2430 1075 2484 diamit
1099 2428 1198 2495 piant,
1235 2428 1346 2497 alioqui
1375 2428 1401 2481 ei
1432 2428 1552 2482 aliunde
1581 2446 1646 2483 euoa
1678 2430 1755 2484 ciboe
1793 2430 1934 2499 luberent,
2011 2493 2013 2498 ¹

246 2517 408 2581 interitura,
426 2525 476 2572 eut
491 2518 694 2586 emtimentum,
709 2520 756 2573 cui
769 2519 880 2588 proteu
897 2518 988 2572 coeloe
1003 2534 1073 2569 cem·
1100 2513 1213 2567 etiamn·
1234 2514 1264 2566 in
1282 2515 1386 2579 futuro
1412 2515 1507 2569 recedo
1526 2517 1726 2569 comedendum
1744 2516 1825 2570 nobie
1855 2525 1932 2585 aaa,

237 2610 337 2672 parat,
358 2605 425 2657 dum
443 2604 598 2672 veterascit,
616 2605 646 2658 in
658 2604 758 2660 meliue
772 2606 918 2658 mutaturi
943 2603 1073 2671 Denique
1100 2607 1264 2653 nontamen
1283 2602 1316 2653 ob
1335 2617 1526 2654 eamcaueam
1552 2601 1629 2655 coelo
1657 2609 1708 2655 aut
1732 2608 1811 2657 terra
1835 2602 1935 2673 aliqua

240 2689 268 2744 ei
283 2690 372 2758 bomo,
386 2697 417 2742 ut
435 2690 478 2743 ait
495 2690 562 2755 Jeb,
582 2708 638 2745 men
655 2699 790 2760 reeurqet,
809 2692 897 2745 donee
910 2695 1074 2761 praetereat
1100 2702 1169 2739 vera
1191 2686 1271 2740 nebia
1296 2703 1366 2757 opue
1391 2693 1467 2741 earet
1507 2689 1583 2741 Num
1606 2690 1733 2756 fertaeee
1757 2689 1857 2760 alique
1876 2689 1934 2744 cele

241 2775 362 2842 coelum,
390 2781 536 2844 aequetur,
563 2792 705 2844 nunquam
732 2776 814 2829 illum
841 2782 1074 2836 resurrecturum,
1101 2772 1217 2826 et'luna
1235 2773 1407 2841 aliquibusve
1425 2774 1515 2828 etellie
1534 2775 1698 2830 addiciat
1721 2775 1813 2829 nectie
1833 2776 1932 2831 anun-

241 2862 269 2915 ei
287 2879 431 2931 nunquam
455 2861 534 2915 ietud
559 2869 599 2916 eet
618 2863 804 2917 interiturum,
830 2862 894 2918 Joh.
922 2859 1074 2916 Channunia
1101 2859 1232 2926 ctionem,
1258 2862 1299 2912 ad
1323 2866 1514 2928 computatum
1533 2859 1754 2931 vicissitudines,
1783 2863 1825 2915 ad
1841 2879 1931 2916 annae

241 2948 270 3001 in
294 2947 347 3003 loc.
374 2962 473 3002 comm.
494 2947 543 3004 lib.
562 2953 586 3003 3.
601 2964 624 3002 e.
642 2952 684 3003 22.
704 2967 732 3002 n.
758 2954 781 3003 3.
800 2966 828 3017 p.
848 2953 913 3003 409:
950 2947 1074 3016 Liquido
1101 2946 1251 3012 netandae,
1266 2952 1386 3013 prepter
1404 2961 1476 3014 quae
1498 2945 1598 3000 sidera
1623 2947 1718 3000 omnia
1742 2955 1841 3003 creata
1868 2949 1929 3012 fue·

242 3040 374 3104 apparet,
394 3035 429 3088 de
446 3051 517 3088 nevo
535 3033 633 3104 aliquo
653 3035 730 3089 cocle
749 3042 775 3088 et
791 3040 869 3087 terra
887 3051 941 3087 nen
954 3032 1074 3102 proprie
1100 3035 1174 3095 rrmt,
1195 3047 1265 3099 epae
1285 3032 1337 3083 erit
1361 3031 1449 3097 nebia,
1471 3031 1521 3099 qui
1544 3032 1572 3084 in
1592 3039 1731 3102 perpetua
1754 3033 1816 3088 hece
1839 3032 1936 3102 fedari

245 3121 290 3174 bic
314 3120 379 3189 aqi,
408 3136 441 3174 ne
470 3119 533 3188 quie
557 3119 708 3189 euietimet,
738 3129 769 3172 ut
797 3120 927 3173 nonnulli
956 3126 1075 3183 cantent,
1101 3133 1203 3179 eumue,
1222 3117 1271 3184 qui
1293 3116 1402 3170 nullam
1425 3117 1549 3186 ampliue
1565 3120 1747 3173 mutationem
1766 3129 1818 3175 aut
1842 3122 1933 3176 varu-

241 3207 314 3260 bunc
333 3207 468 3260 muudum
484 3213 649 3259 renovatum
667 3206 708 3258 iri
726 3206 871 3275 aptamque
896 3207 996 3258 mundi
1012 3205 1074 3258 eub-
1100 3210 1187 3255 tatem
1204 3219 1298 3256 eumue
1316 3204 1469 3271 reperturi,
1495 3204 1545 3272 qui
1569 3206 1768 3275 eempiternam
1787 3207 1877 3262 eitam
1894 3207 1933 3261 vi·

241 3292 375 3347 stantiam
394 3308 451 3345 nen
462 3292 624 3361 perituram
650 3307 717 3356 eece,
744 3292 796 3346 aed
818 3293 879 3361 ejue
899 3291 1074 3360 qualitatem,
1100 3289 1218 3342 nemaei
1254 3289 1329 3342 Num
1347 3288 1408 3342 luce
1421 3288 1474 3342 bac
1492 3297 1589 3343 meatu
1607 3299 1635 3344 et
1653 3291 1717 3360 ipre
1733 3292 1793 3346 cele
1809 3309 1845 3347 ac
1865 3294 1934 3348 lm

242 3387 379 3448 quaterue
395 3378 498 3432 uitieea
518 3385 543 3431 et
559 3377 736 3447 corruptioni
746 3394 803 3447 per
821 3378 942 3432 beminis
960 3378 1075 3446 lapeum
1102 3376 1143 3426 ad
1159 3374 1250 3428 lecum
1269 3373 1479 3441 itinerandum,
1494 3376 1544 3429 ubi
1555 3377 1667 3445 erimar,
1688 3395 1758 3447 epae
1771 3379 1826 3433 erit
1844 3381 1933 3446 nobie,

247 3473 287 3520 eet
305 3464 433 3520 obnoxia.
472 3466 538 3518 Non
555 3465 733 3518 renovabitur
758 3480 808 3518 nec
822 3464 974 3517 mutabitur
998 3480 1075 3516 mun·
1101 3460 1152 3528 qui
1178 3460 1270 3528 ipram
1296 3461 1449 3513 increatam
1477 3460 1567 3517 lucem
1590 3471 1731 3533 perpetuo
1755 3474 1935 3533 praeacutum

245 3551 306 3613 dur,
329 3550 381 3604 ced
398 3549 489 3620 plane
513 3549 621 3604 detinet
645 3559 672 3603 et
696 3550 834 3616 interibit,
857 3553 934 3618 qued
957 3551 1074 3604 innuere
1101 3546 1227 3598 babituri
1252 3546 1353 3610 cimae,
1382 3546 1537 3615 quibueque
1560 3549 1642 3602 Deua
1668 3549 1729 3619 ipae
1756 3559 1784 3604 et
1814 3551 1935 3606 clariter

245 3637 357 3689 videtur
375 3635 461 3689 etiam
478 3635 624 3689 Jebannee
643 3637 730 3704 Apoe.
751 3638 795 3700 21,
812 3654 837 3695 v.
859 3641 880 3688 1.
901 3635 948 3688 cui
970 3652 1074 3704 quaero
1101 3633 1163 3700 ejue
1189 3638 1215 3685 et
1235 3633 1377 3686 Dominum
1401 3633 1488 3686 Jeaea
1513 3650 1602 3703 aquae
1625 3634 1676 3689 ille
1697 3636 1878 3705 purieeimiu,
1904 3640 1935 3691 in

242 3721 307 3775 ruui
321 3721 401 3788 feret
416 3722 536 3774 manduc
554 3721 642 3774 nullia
666 3721 822 3776 bominibue
845 3723 875 3776 in
901 3738 933 3776 ee
951 3721 1074 3790 ampliue
1101 3726 1243 3772 aeternum
1267 3718 1396 3772 lucebunt
1424 3736 1458 3772 ac
1485 3721 1544 3774 vice
1571 3721 1641 3775 aelio
1669 3729 1696 3776 et
1721 3722 1807 3778 lunae
1832 3725 1936 3780 munti

243 3806 435 3861 eaetantibmi
464 3806 587 3860 Pelanue
607 3806 635 3860 in
653 3807 760 3877 nymph.
777 3808 879 3863 cathol.
900 3825 923 3862 c.
944 3812 984 3862 28.
1004 3805 1073 3860 thee.
1103 3806 1178 3858 Num
1196 3807 1237 3858 ad
1256 3805 1402 3858 oculorum
1421 3804 1633 3860 oblectationem
1650 3809 1778 3863 ciderunt
1796 3812 1935 3878 eqcbimue

244 3901 266 3949 3.
285 3910 311 3963 p.
339 3897 403 3948 960:
439 3892 602 3947 Deumctto
626 3893 731 3960 mundi,
757 3894 782 3946 lr.
807 3910 829 3949 e.
854 3894 996 3947 coelorum
1017 3910 1074 3946 mo·
1100 3909 1165 3958 nee,
1196 3891 1245 3960 qui
1274 3893 1366 3945 Deum
1392 3891 1484 3959 iprum
1503 3900 1683 3962 prementem
1711 3886 1882 3951 intuebimur
1910 3904 1936 3952 et

243 3977 348 4047 biliam,
361 3977 559 4032 elementorum
578 3985 772 4047 etcorporum
790 3978 1074 4044 elementarium,crit
1101 3985 1234 4031 aeternae
1254 3978 1411 4046 maJeetutie
1430 3977 1491 4046 ejua
1512 3977 1722 4047 jucundissimo
1750 3983 1888 4052 adepeetu
1906 3984 1935 4037 in

242 4063 457 4133 eubctantialie,
489 4082 545 4119 nen
575 4064 775 4130 accidentalu,
811 4067 865 4118 erit
901 4065 1018 4119 abolitio
1049 4072 1076 4118 et
1102 4081 1180 4118 enine
1203 4082 1299 4117 aemrm
1323 4066 1526 4133 perfruamur!
1561 4064 1601 4118 At
1624 4068 1719 4132 creda
1745 4068 1936 4125 animantem

244 4149 461 4205 anntluiatienie
481 4151 597 4220 epeeiee,
617 4152 689 4205 eiad
710 4151 781 4206 coeli
795 4152 857 4221 iqui
869 4153 1075 4220 constuprantur
1100 4149 1199 4204 caterio
1234 4150 1310 4204 illud
1337 4169 1438 4205 nomem
1466 4152 1575 4206 coelum
1601 4158 1628 4206 et
1654 4160 1732 4208 terra
1762 4171 1851 4222 nova,
1879 4174 1935 4210 nen

242 4253 304 4291 eum
323 4237 448 4290 stridere
465 4236 521 4290 rint
537 4237 733 4306 praeterituri,
755 4238 889 4293 elementa
914 4238 1075 4293 amtrcantia
1101 4237 1179 4291 nobee
1197 4236 1264 4289 uerri
1284 4238 1383 4292 erunt!
1414 4237 1474 4291 Sed
1486 4239 1588 4293 Patrue
1607 4239 1759 4302 manifecte
1777 4241 1828 4306 ait,
1846 4242 1935 4309 nobis,

243 4323 425 4377 dmeolvenda
451 4329 582 4390 terraque
611 4329 636 4376 et
663 4339 736 4391 quiae
763 4324 793 4377 in
819 4339 854 4377 ea
882 4340 970 4395 opera
1002 4331 1075 4387 eunt,
1101 4340 1158 4375 non
1179 4322 1273 4376 beatit'e
1288 4323 1462 4391 premiorum
1479 4323 1572 4386 fairra
1590 4341 1609 4377 a
1627 4324 1691 4378 Deo
1709 4341 1810 4379 nevum
1829 4328 1937 4384 codun

138 4468 144 4474 ⁸
243 4411 396 4464 exurenda.
427 4408 559 4463 Bueanus
581 4408 611 4461 in
634 4408 697 4464 inat
724 4410 775 4466 loe.
795 4413 836 4465 38.
856 4427 881 4480 q.
906 4416 946 4466 15.
971 4409 1074 4465 dietum
1103 4416 1129 4461 et
1145 4424 1246 4462 nouam
1266 4416 1380 4462 terram.
1415 4408 1590 4477 Quamquam
1608 4426 1664 4463 nen
1683 4411 1775 4479 vidae,
1796 4415 1936 4480 qwmede

242 4492 346 4551 Christi
370 4493 470 4548 Matth.
497 4500 539 4563 24,
563 4512 588 4549 v.
616 4499 657 4549 29.
681 4496 780 4549 atellae
803 4499 839 4548 de
862 4496 941 4550 coele
965 4498 1076 4563 cadent,
1102 4496 1129 4548 ei
1158 4495 1261 4549 lectiae
1287 4512 1343 4549 nen
1370 4495 1460 4549 minue
1488 4513 1573 4564 quam
1598 4512 1649 4552 nee
1673 4497 1847 4553 immertalee
1871 4507 1938 4556 eunt

243 4579 395 4635 seeundum
423 4579 530 4634 literam
557 4579 624 4635 dicit
654 4597 714 4636 enee
737 4581 958 4652 intelligendum.
999 4582 1075 4653 Ergo
1101 4584 1231 4650 futurae,
1258 4582 1302 4636 vel
1328 4582 1425 4652 aliqua
1450 4582 1529 4637 coele
1552 4600 1586 4637 aa
1611 4592 1690 4639 terra
1713 4599 1794 4654 eqere
1813 4588 1936 4656 pontu,

243 4666 357 4732 atellae,
375 4682 447 4736 quae
463 4666 602 4736 pertinent
624 4666 660 4720 ed
685 4666 870 4738 integritatem
896 4667 1000 4736 mundi,
1020 4683 1075 4721 nen
1103 4667 1147 4721 ecl
1164 4668 1316 4722 verietatea
1335 4676 1362 4721 et
1386 4668 1604 4734 vmiaeitudinea
1623 4687 1694 4739 quae
1713 4672 1821 4726 coetum
1841 4679 1937 4728 terrae

243 4751 365 4807 nolarum
395 4752 561 4823 qualitatum
595 4753 815 4810 immutationem
846 4754 999 4825 patientur,
1027 4753 1076 4808 red
1103 4755 1267 4823 impendent
1283 4769 1376 4808 recum
1393 4754 1551 4809 neceeearie
1569 4758 1661 4827 affert,
1685 4757 1811 4827 euperiri
1827 4767 1938 4828 meant

243 4837 465 4893 substantialiter
482 4838 677 4895 abolebuntur.
713 4841 740 4906 3)
758 4839 875 4896 Seeinns
891 4839 1076 4895 Photinianue
1103 4840 1181 4894 Haec
1199 4838 1324 4908 sueinus,
1343 4856 1400 4895 non
1418 4841 1591 4910 ineleganter
1616 4847 1715 4897 centra
1738 4843 1809 4899 eecli
1835 4850 1939 4902 mneo-

243 4924 271 4978 in
289 4941 361 4994 reep.
379 4925 417 4980 ud
433 4925 538 4982 defens.
556 4926 655 4980 Frene.
667 4924 765 4980 Puccii
783 4941 807 4980 c.
826 4930 850 4980 6.
869 4943 894 4996 p.
917 4931 980 4981 1³5:
1012 4928 1075 4994 qu
1103 4943 1157 4996 que
1174 4926 1380 4981 renovationem
1398 4927 1550 4997 disputans.

244 5012 377 5078 prefecto
394 5013 556 5082 perepicere
574 5014 698 5066 nendum
718 5029 842 5081 poemen,
868 5012 967 5082 quibua
985 5012 1076 5068 verbio
1173 5018 1215 5069 te.
1239 5013 1393 5068 Antithesis
1435 5019 1456 5068 1.
1482 5014 1536 5078 Qui
1565 5014 1698 5070 mundum
1725 5032 1775 5086 per
1801 5017 1940 5075 annihila·
1955 5044 2017 5086 m.

243 5113 276 5150 eu
289 5099 395 5151 comtie
410 5097 501 5152 literis
514 5098 670 5167 depromtie
681 5113 778 5151 rerum
789 5098 949 5152 coelestium
963 5099 1076 5153 immor·
1103 5099 1207 5154 tionem
1227 5099 1402 5154 interiturum
1421 5106 1535 5170 negant,
1554 5101 1583 5153 in
1608 5100 1731 5155 diversae
1751 5100 1858 5158 abeunt
1876 5121 1938 5160 ven·

243 5184 381 5237 talitatem
407 5201 456 5239 eeu
475 5185 572 5254 potine
593 5191 761 5252 perpetuam
784 5186 1008 5252 permutationem
1031 5185 1075 5239 vel
1102 5186 1212 5242 tentiae.
1258 5186 1377 5250 Quidam
1406 5187 1479 5241 enim
1509 5189 1697 5241 eeeentialitar
1726 5205 1777 5258 per
1809 5190 1940 5248 ultimam

246 5270 329 5324 etiam
348 5271 558 5325 commotionem
575 5269 681 5338 alique
698 5270 865 5335 conterrere
878 5271 976 5340 poerit,
994 5277 1076 5341 atque
1102 5273 1177 5328 illam
1204 5273 1451 5345 conflagrationem
1475 5273 1609 5328 mundum
1637 5275 1813 5329 interiturum
1839 5294 1940 5334 cence-

243 5355 280 5409 iie
310 5356 397 5409 ctiam
431 5356 543 5424 plebum
573 5353 645 5409 lunc
683 5362 841 5409 terr-adrem
877 5374 1073 5413 annumerare.
1102 5359 1187 5426 dunt,
1212 5359 1260 5413 sed
1290 5365 1408 5430 negem,
1433 5360 1551 5415 eundem
1581 5361 1706 5415 totaliter
1731 5378 1781 5431 per
1799 5363 1937 5421 annihila·

246 5439 376 5502 Quinime
401 5442 490 5496 multa
516 5457 548 5495 eu
576 5441 682 5495 divinis
709 5442 800 5496 literie
826 5441 984 5497 tertimonia
1003 5461 1073 5512 pre·
1101 5446 1203 5501 tionem
1231 5446 1414 5502 interiturum.
1460 5444 1593 5500 Statuunt
1624 5447 1710 5514 enim,
1739 5462 1774 5502 ax
1803 5449 1875 5504 eecli
1904 5468 1939 5506 ac

241 5527 319 5590 ferri
330 5533 459 5595 pereunt,
479 5527 578 5598 quibua
596 5528 770 5582 centrarium
784 5529 936 5600 perepicue
963 5531 1073 5584 demon-
1100 5538 1191 5586 temae
1209 5548 1259 5602 per
1271 5531 1428 5587 universale
1442 5531 1601 5587 incendium
1612 5539 1820 5589 coneumterum
1833 5534 1938 5593 cinem-

239 5617 355 5664 etretur,
390 5610 494 5669 Poetae
512 5619 595 5688 urget
612 5612 756 5686 emphasin
776 5615 923 5671 verberam
942 5590 1154 5684 mamanibus
1172 5634 1275 5674 nerum
1292 5616 1401 5673 coelum
1421 5632 1454 5672 ae
1472 5633 1574 5673 nevam
1592 5623 1695 5676 terram
1718 5619 1814 5676 divina
1832 5620 1940 5680 rutum
