4050 6014
857 371 910 427 DE
927 371 1021 427 VITA
1038 368 1226 427 amaus.
1836 379 1897 436 409

199 527 270 594 quia
287 543 344 580 nan
360 535 452 595 potest
465 528 539 581 idem
552 528 686 597 cognosci
703 528 846 582 euidenter
864 535 891 581 ct
909 528 1033 587 obscure,
1061 524 1208 592 spiciendo
1226 525 1307 579 bomo
1325 525 1355 577 in
1372 525 1500 578 beccila
1520 524 1661 592 tntuttpu,
1679 542 1734 578 non
1752 526 1897 580 manebunt

199 628 250 665 nec
264 611 340 666 idem
356 613 448 668 teneri
463 621 639 682 utpraesens
656 622 683 668 st
695 613 859 667 desiderari
871 620 902 666 nt
919 613 1019 666 absens
1024 630 1036 676 ,·
1060 608 1178 662 uirtutes
1196 610 1408 677 intellectuales,
1429 610 1494 663 bene
1514 616 1606 662 autem
1625 612 1818 678 quantumad
1835 612 1897 676 for·

200 700 312 752 interim
330 707 421 754 tamen
436 700 615 755 babitusnon
631 708 809 770 opponuntur
828 700 937 753 actibus
950 716 1035 768 oppo-
1062 694 1151 763 nate,
1176 696 1194 750 i.
1211 713 1232 750 e.
1253 703 1386 764 quantum
1407 697 1448 748 ad
1467 695 1573 766 species
1592 696 1798 767 intelligibiles,
1824 714 1896 767 quae

199 785 250 838 siti
273 785 392 839 babitus.
436 788 513 840 Nota
540 803 615 856 erqo,
642 786 720 839 drea
747 786 885 839 rationem
912 784 1038 854 apostoli
1061 781 1169 833 suntin
1183 782 1327 835 intellectu
1337 781 1476 852 possibili.
1505 780 1899 843 convertuntuntur.

200 871 285 931 fidene
297 872 461 939 summram,
482 871 551 941 quia
562 880 603 925 est
615 880 749 941 exparte,
768 873 845 940 quod
861 872 947 925 aliter
963 873 1037 935 fides
1064 869 1112 920 ³3:
1138 865 1259 920 Virtutes
1270 867 1436 920 cardinales
1454 872 1566 919 manent
1584 867 1613 919 in
1631 868 1739 936 patria,
1757 870 1826 938 quia
1843 888 1900 926 nan

201 963 316 1024 stapes,
337 956 423 1009 alim
442 957 550 1010 caritas
569 958 745 1027 impes-serso,
775 958 865 1011 lidae
885 964 911 1010 et
926 973 990 1025 epse
1006 913 1211 1016 inlineludunt
1234 953 1424 1006 essentialiter
1447 952 1701 1021 imperfectionem,
1728 952 1801 1008 sicut
1826 957 1899 1020 fides

199 1043 259 1094 suis
277 1042 387 1095 actibsss
406 1043 554 1097 includunt
580 1044 820 1112 imperfectionem
840 1042 1036 1110 essentialiter,
1063 1043 1088 1089 et
1107 1055 1186 1106 spem
1211 1039 1312 1092 babent
1336 1039 1421 1092 etnam
1446 1045 1525 1091 actus
1550 1038 1580 1090 in
1595 1038 1713 1106 patrio,
1734 1040 1786 1093 sed
1803 1048 1898 1096 tamen

200 1128 307 1181 scilicet
330 1128 528 1183 inevidentiam
547 1137 573 1181 et
591 1129 693 1196 objecti
709 1129 875 1192 absentiam,
899 1129 942 1182 ita
959 1130 1037 1197 quod
1061 1124 1136 1177 alios
1149 1141 1233 1192 quam
1248 1125 1278 1177 in
1289 1124 1344 1178 oia.
1375 1123 1495 1177 Justitia
1507 1124 1549 1177 ibi
1559 1124 1683 1178 excludit
1696 1125 1897 1199 obliquitatem,
1909 1141 1955 1184 11.
1965 1142 2012 1186 tal.

199 1215 228 1265 si
252 1212 354 1266 notitia
382 1214 460 1272 feret
484 1214 608 1281 euidens,
624 1216 691 1283 jam
717 1231 772 1267 non
798 1215 835 1268 sit
859 1222 940 1268 actus
957 1216 1035 1278 fidei.
1061 1211 1217 1277 prudentia
1229 1225 1363 1278 errorem,
1382 1210 1523 1279 fortitudo
1536 1210 1700 1276 molestiam,
1714 1211 1900 1281 temperantia

202 1298 342 1353 Similiter
363 1315 445 1352 amor
464 1301 492 1353 si
509 1301 606 1369 suerit
629 1302 948 1370 respectufpraescntis,
975 1301 1036 1368 jam
1063 1312 1170 1348 omnem
1188 1295 1334 1349 libidinem
1341 1316 1349 1358 3
1373 1296 1403 1347 in
1428 1296 1475 1348 aia
1497 1302 1625 1365 pugnant
1644 1303 1742 1350 contra
1761 1296 1845 1367 uitia,
1869 1296 1900 1352 in

200 1400 255 1436 non
272 1392 312 1436 est
328 1392 410 1437 actus
426 1385 501 1453 spei,
527 1403 583 1440 uon
606 1386 648 1438 sic
667 1387 702 1439 de
725 1387 858 1452 caritate,
885 1389 953 1454 quia
981 1402 1036 1439 non
1059 1383 1159 1450 patria
1177 1383 1302 1450 pandent
1320 1383 1355 1434 de
1373 1381 1502 1435 uictoria.

201 1469 369 1522 determinat
380 1471 541 1525 necessario
564 1472 707 1541 qusandam
726 1472 966 1541 imperfectionem
986 1489 1036 1525 nec
1100 1469 1154 1521 150.
1191 1472 1216 1522 2.
1233 1465 1278 1521 De
1297 1467 1377 1520 bonis
1395 1466 1525 1538 eorporis
1545 1471 1568 1521 1.
1589 1467 1619 1519 in
1630 1483 1730 1533 genem
1746 1467 1899 1539 quaeritur,
1912 1466 2021 1557 intimi

200 1557 231 1608 in
248 1556 353 1618 babitu,
371 1556 514 1624 significat
527 1559 609 1627 ,enim
626 1560 657 1612 in
680 1575 782 1626 genem
806 1558 931 1612 babitum
956 1558 1036 1612 incli·
1064 1568 1101 1603 an
1127 1554 1158 1604 in
1176 1569 1327 1622 corporum
1353 1553 1575 1622 ylfflfiffllmm
1597 1555 1717 1607 mabiria
1739 1555 1843 1618 fllium
1862 1556 1899 1609 ’ὕ
1912 1527 2024 1618 obritiae..

199 1649 311 1696 „antem
333 1644 375 1695 ad
396 1645 489 1696 Deum
516 1645 693 1712 &temdum
719 1645 749 1697 2⁴„
778 1660 808 1697 ω
837 1650 888 1699 etc,
930 1644 1035 1698 Eodem
1058 1638 1189 1704 potentia
1201 1641 1243 1692 orl
1253 1639 1343 1692 aliam
1351 1640 1477 1702 formam
1495 1647 1521 1691 et
1535 1639 1659 1708 proinde
1677 1639 1761 1693 etiam
1771 1641 1900 1708 patentia
1912 1619 2024 1712 2⁶:¹1?ssss

201 1742 282 1780 tellau
307 1727 411 1782 dictum
436 1728 617 1798 apostolieum
644 1735 787 1799 exponunt
813 1729 1035 1799 Chrysogtomug‚
1063 1724 1349 1777 contradictionibus!
1363 1741 1421 1777 esst
1434 1732 1527 1777 timon
1540 1727 1621 1778 abab!
1654 1725 1777 1780 Thomas
1789 1733 1897 1783 Meni.
1912 1724 2023 1816 imm!

199 1811 391 1868 Theodoretus
403 1818 432 1868 et
440 1813 609 1868 Anshelmns
620 1815 648 1868 in
659 1821 836 1869 commentar.
847 1815 922 1886 quod
930 1817 1036 1869 cardus
1063 1807 1125 1861 dist.
1147 1814 1189 1866 et.
1215 1827 1242 1881 q.
1268 1815 1292 1864 2.
1319 1817 1370 1864 art.
1393 1810 1588 1880 resspondet,
1609 1812 1768 1879 mimium
1786 1821 1898 1866 wm-
1921 1829 2024 1866 urrann

200 1898 266 1952 ideo
290 1900 405 1952 dabatur
429 1900 523 1967 major
541 1901 602 1968 fide
620 1908 648 1954 et
666 1916 729 1968 spe,
758 1900 824 1970 quia
849 1899 902 1954 hae,
919 1901 1035 1955 virtutes
1063 1895 1197 1949 diclt'om‘t
1215 1896 1333 1964 ligabam
1344 1899 1416 1966 sort
1433 1898 1464 1949 ia
1483 1897 1542 1950 vila
1554 1888 1680 1951 aeterno.
1715 1898 1898 1968 Attilt'yala
1911 1879 2015 1969 {gfff

201 1988 355 2051 transeunt,
375 1983 424 2039 illa
438 1999 503 2039 vero
521 1991 615 2039 manet
627 1984 656 2038 in
676 1985 734 2039 vita
745 1991 865 2040 aeterna.
901 1985 955 2040 Sed
968 1985 1035 2040 Ter·
1062 1983 1371 2047 laclumtlrttirt'vla.
1390 1974 2024 2049 metuendumf0rt01f¹¹0¹ii2110t⁸1¹·‘¹¹⁰‘¹⁰¹¹¹'‘

198 2068 333 2122 tullianus
361 2068 421 2124 libr.
454 2069 489 2124 de
519 2070 653 2140 patientia
679 2087 739 2141 cap.
758 2077 796 2126 12.
816 2077 845 2125 et
866 2078 930 2126 ante
954 2071 1034 2126 illum
1061 2065 1125 2120 dem
1152 2066 1182 2119 in
1206 2073 1298 2122 sctum
1325 2075 1494 2138 prorumpat.
1520 2066 1633 2122 Rectius
1662 2084 1728 2140 ergo
1756 2069 1897 2138 statuitur,

199 2153 329 2208 lfflnteut
354 2155 404 2210 lib.
424 2161 449 2210 2.
474 2172 535 2225 cap.
559 2161 600 2212 tt.
623 2173 687 2228 pag.
709 2161 765 2214 ue.
787 2158 870 2228 plane
897 2156 1036 2211 contrario
1062 2150 1090 2204 in
1108 2168 1254 2223 corporum
1272 2153 1488 2224 glorificatorum
1511 2154 1627 2208 materia
1646 2154 1799 2224 potentiam
1819 2155 1897 2211 illam

199 2239 281 2293 modo
300 2246 406 2294 textum
423 2241 572 2312 accipiunt,
592 2258 625 2296 ac
643 2242 710 2313 quia
723 2242 865 2313 apostolus
884 2243 953 2298 dicit
971 2248 1035 2298 nort
1061 2239 1286 2293 contradictionis
1301 2240 1417 2308 penitus
1436 2239 1613 2296 abolendam.
1651 2240 1757 2304 Quodsi
1775 2257 1897 2314 namque
1927 2274 1931 2283 ·

199 2327 231 2379 δὲ
250 2323 373 2397 plustri
387 2334 451 2400 τρία
472 2335 573 2395 ταῦτα,
592 2328 760 2397 existimant,
778 2347 834 2381 non
852 2328 942 2383 solum
961 2329 1036 2381 cari·
1061 2322 1151 2377 forma
1169 2324 1239 2378 coeli
1262 2325 1299 2380 ob
1318 2323 1362 2378 sui
1380 2323 1552 2379 nobilitatem
1574 2341 1607 2379 nc
1627 2325 1792 2397 dignitatem
1811 2344 1896 2397 appe·

199 2417 294 2475 tatem,
313 2412 467 2466 sedetiam
478 2414 567 2482 fidem
583 2430 618 2467 ac
632 2431 710 2482 spem
727 2415 758 2466 in
769 2416 829 2468 rita
846 2424 963 2468 aeterna
977 2431 1036 2467 esse
1060 2410 1143 2463 titum
1161 2412 1295 2466 materiae
1313 2411 1353 2466 ita
1372 2411 1504 2480 exsatiat,
1521 2417 1553 2465 nt
1569 2410 1655 2466 aliam
1672 2413 1789 2467 formam
1807 2412 1897 2469 neuti-

199 2512 341 2552 mansura.
377 2497 502 2552 Dicimus
523 2514 590 2570 ergo
611 2500 637 2566 l)
656 2499 813 2569 apostolum
833 2501 862 2554 in
881 2499 925 2553 his
943 2499 1034 2555 verbis
1061 2512 1144 2566 quam
1173 2497 1319 2562 admittat,
1342 2497 1440 2568 utique
1465 2497 1549 2551 etiam
1575 2497 1611 2551 de
1638 2498 1728 2554 forma
1751 2514 1897 2569 corporum

199 2581 275 2652 loqui
294 2582 329 2637 de
347 2582 493 2637 duratione
518 2585 547 2639 in
565 2584 619 2639 hac
636 2586 703 2652 vita,
723 2590 755 2639 nt
772 2590 850 2655 patet
870 2601 903 2640 ex
921 2601 991 2639 vers.
1011 2590 1034 2642 8,
1062 2580 1286 2652 glorificatorum,
1310 2599 1382 2655 qnae
1405 2583 1537 2637 coelestia
1556 2584 1696 2650 apostolus
1713 2590 1803 2648 meat,
1823 2584 1897 2639 idem

199 2668 266 2737 qnia
278 2667 351 2722 enim
363 2667 433 2723 haec
444 2668 500 2722 tria
509 2668 629 2739 Spiritus
641 2671 730 2725 sancti
747 2671 829 2739 dona,
846 2674 941 2739 fidem,
956 2686 1035 2740 spem
1062 2668 1173 2723 omnino
1185 2668 1371 2723 statuendum.
1391 2668 1481 2735 Adde,
1499 2667 1574 2739 qnod
1586 2669 1727 2738 appetitus
1744 2669 1799 2738 ille,
1814 2686 1897 2741 quem

199 2753 391 2807 matruelem
409 2770 522 2807 manem
546 2754 623 2821 dicit,
651 2773 684 2812 eo
707 2757 767 2826 ipsc
796 2757 899 2822 innuit,
926 2757 1036 2828 reliqua
1061 2752 1242 2824 philosophus
1252 2752 1383 2808 materiae
1392 2751 1499 2821 tribuit,
1511 2769 1688 2824 nequaqnam
1698 2754 1897 2826 intelligendus

198 2839 375 2904 charismata,
408 2845 505 2909 utpote
534 2841 608 2895 dona
633 2841 834 2908 miraculorum,
864 2841 1035 2912 prophetias,
1061 2839 1099 2893 sit
1116 2842 1251 2895 actioeeo
1265 2855 1357 2904 sensu,
1374 2839 1454 2910 qnasi
1472 2838 1661 2910 expulsionem
1679 2839 1779 2911 prioris
1792 2840 1897 2896 formae

198 2923 365 2995 linguarum,
389 2925 564 2980 sanationum
586 2928 670 2981 stiam
689 2927 717 2982 in
733 2926 900 2983 hacvita'in
918 2927 1035 2983 ecclesia
1060 2924 1122 2995 ipsa
1147 2941 1256 2996 semper
1276 2926 1439 2991 meditetur,
1464 2942 1515 2980 nec
1535 2931 1666 2979 contenta
1683 2926 1720 2980 sit
1738 2925 1788 2981 illa
1800 2927 1897 2996 forma,

199 3010 330 3064 desitura
366 3016 393 3066 2)
413 3010 558 3065 Irenaeum
577 3017 605 3065 et
622 3010 825 3067 Tertullianum
840 3015 989 3083 perfidem
1006 3012 1035 3065 in
1062 3027 1118 3082 qua
1139 3010 1317 3075 informatur,
1341 3010 1390 3065 sed
1411 3010 1486 3081 quod
1508 3010 1594 3064 forma
1613 3011 1705 3080 priore
1728 3027 1780 3082 per
1798 3028 1896 3068 causas

200 3110 302 3167 genere
320 3094 476 3167 intelligere
492 3095 601 3150 firmam
622 3098 819 3167 cognitionem,
839 3098 931 3168 qualis
952 3096 1035 3152 etiam
1062 3097 1184 3151 exterius
1206 3097 1236 3150 in
1254 3095 1398 3151 materiam
1420 3102 1535 3167 agentes
1560 3097 1676 3165 expulsa
1701 3113 1803 3151 novam
1822 3097 1897 3152 haud

199 3186 242 3236 est
258 3182 331 3234 cisio
349 3183 416 3246 Dei,
441 3198 474 3236 nc
493 3198 544 3251 per
566 3198 644 3251 spem
663 3182 769 3237 firmam
790 3183 987 3238 adhaesionem
1006 3184 1036 3237 in
1062 3183 1150 3237 invita
1170 3182 1308 3251 admittat,
1325 3187 1358 3235 ut
1373 3181 1499 3252 Scaliger
1512 3181 1641 3236 ostendit
1670 3181 1735 3237 bam
1753 3199 1818 3239 vero
1838 3199 1897 3238 cor·

198 3267 260 3323 Deo
278 3274 379 3333 amato,
400 3284 472 3340 quae
489 3275 532 3322 est
546 3270 649 3333 fruitio
659 3271 723 3324 Dei.
760 3274 787 3336 ³)
800 3269 1036 3342 Distinguendum
1062 3284 1131 3338 pora
1150 3267 1305 3338 glorificata
1316 3267 1490 3321 inturasnnt
1504 3267 1699 3334 impassibilia,
1720 3268 1897 3341 utiqneergc

138 3388 149 3413 ι
198 3369 259 3409 esse
279 3353 352 3409 inter
368 3353 434 3409 fidei
451 3362 480 3408 et
494 3355 553 3424 spei
573 3363 667 3409 aetum
684 3356 1035 3427 eorundemquebnbitum.
1062 3359 1238 3409 externarum
1264 3367 1411 3406 causamn
1437 3352 1556 3423 impetus
1583 3352 1612 3406 in
1635 3368 1670 3407 ea
1689 3353 1729 3406 nil
1748 3353 1901 3426 quidquam

198 3440 287 3494 Actus
311 3456 419 3504 eorum,
439 3440 506 3512 quia
528 3440 764 3511 imperfectionem
786 3442 926 3513 quandam
943 3458 1035 3497 essen·
1058 3439 1130 3511 juris
1150 3439 1194 3494 vel
1213 3439 1360 3509 potestatis
1379 3437 1526 3496 obtinebit.

199 3525 303 3580 daliter
314 3526 442 3590 includit,
460 3526 598 3580 desiturus
611 3532 667 3595 est,
680 3526 808 3581 habitum
822 3543 888 3581 vero
900 3534 1034 3597 tanquam
1099 3531 1156 3582 151.
1184 3531 1207 3580 2.
1226 3526 1418 3594 Inspectum
1433 3524 1546 3594 quidem
1562 3530 1583 3580 1.
1597 3526 1632 3578 de
1644 3524 1779 3578 claritate
1791 3527 1899 3597 quami·
1912 3533 2024 3584 cuspes

199 3611 370 3681 spiritualem
383 3611 492 3667 animae
506 3617 634 3666 ornatum
649 3628 866 3680 permansurum.
887 3613 915 3680 4)
933 3611 1034 3666 Infids
1059 3616 1106 3665 tur
1133 3613 1158 3679 Ι)
1178 3629 1217 3663 an
1239 3612 1382 3664 beatorum
1401 3627 1522 3678 capara
1542 3628 1598 3663 non
1617 3611 1709 3664 solum
1721 3612 1824 3674 futura
1843 3612 1899 3667 siat
1912 3585 1974 3682 br‘i‘
1986 3584 2023 3626 οι·

198 3714 254 3751 nan
267 3697 356 3750 solnm
368 3704 411 3751 est
427 3697 528 3751 notitia
544 3705 569 3750 et
581 3715 728 3766 assensus,
746 3698 796 3752 sed
817 3698 900 3752 etiam
912 3699 1033 3766 fiducia
1060 3698 1182 3750 euterius
1199 3697 1281 3750 clara
1300 3702 1326 3749 et
1338 3695 1503 3763 splendida,
1523 3696 1676 3749 sedetiam
1695 3696 1814 3750 interius
1834 3699 1897 3752 dia·
1911 3688 1931 3729 ¹·
1945 3689 1980 3729 Μ’
1994 3689 2023 3728 ⁵²

199 3781 306 3847 Quodsi
328 3783 373 3837 vel
400 3783 516 3837 maxime
542 3782 612 3838 fides
639 3783 669 3837 in
691 3785 751 3838 vita
769 3789 883 3839 aeterua
903 3801 959 3838 non
981 3783 1035 3838 erit
1057 3784 1166 3852 plana,
1185 3782 1262 3837 uisui
1279 3782 1439 3850 glorificato
1456 3782 1558 3850 pervia
1578 3798 1613 3835 ac
1631 3783 1854 3852 maumas-entia,
1868 3792 1900 3837 ut
1913 3743 2024 3840 2⁰02me

199 3869 263 3921 talis
286 3869 386 3924 notitia
408 3875 437 3923 et
453 3885 595 3937 usensus,
621 3869 712 3940 qualis
726 3870 755 3923 in
766 3868 819 3923 hac
831 3869 897 3938 vita,
917 3869 965 3924 ubi
984 3886 1034 3939 per
1062 3872 1157 3922 omnia
1167 3870 1250 3923 etiam
1258 3869 1358 3921 intima
1368 3867 1479 3921 uiscera
1487 3868 1577 3922 oculis
1586 3869 1752 3921 intuentium
1756 3873 1899 3937 pateant!
1911 3843 2024 3944 {mh

198 3954 342 4023 speculum
363 3960 390 4007 et
406 3955 436 4006 in
458 3956 616 4023 aeniqmate
634 3956 836 4022 cognoscimus,
866 3963 960 4009 tamen
982 3953 1035 4008 erit
1068 3954 1220 4009 Affirmant
1239 3953 1413 4026 Augustinus
1432 3953 1493 4008 libr.
1516 3958 1557 4008 22.
1574 3953 1610 4007 de
1633 3953 1685 4008 civ.
1702 3953 1756 4008 Dei
1775 3969 1835 4024 cap.
1855 3960 1899 4014 bb.

199 4039 300 4093 notitia
313 4038 396 4109 longe
408 4038 571 4109 perfectior,
590 4040 721 4095 videlicet
739 4041 877 4103 incontra,
899 4046 927 4094 et
942 4055 1034 4094 usen-
1063 4041 1215 4112 Gregorius
1233 4041 1263 4094 in
1281 4057 1379 4094 comm.
1396 4039 1512 4095 tonna.
1531 4040 1566 4093 ad
1586 4038 1633 4093 illa
1651 4038 1750 4094 verba:
1766 4039 1831 4095 Non
1849 4043 1897 4097 ad-

200 4142 246 4179 sns
263 4127 346 4197 longe
365 4125 478 4194 firmior,
495 4126 624 4180 videlicet
636 4127 675 4180 rei
685 4127 886 4196 perfectissime
897 4124 1036 4197 cognitae,
1063 4126 1229 4197 aequabitur
1255 4126 1296 4180 illi
1323 4142 1422 4181 aarum
1447 4130 1497 4180 ant
1521 4126 1637 4192 viuum,
1670 4124 1839 4179 Anshelmns
1868 4124 1898 4178 in

199 4227 233 4266 ac
247 4213 354 4275 fiducia
373 4212 456 4283 longe
470 4210 664 4280 confirmatior,
684 4212 751 4282 quia
765 4211 838 4268 bono
849 4227 900 4266 sno
919 4226 949 4265 se
967 4228 1036 4264 nun·
1062 4211 1223 4280 elucidario,
1237 4212 1358 4266 'lbomas
1372 4211 1400 4266 in
1414 4210 1501 4266 addit.
1515 4229 1543 4281 q·
1557 4215 1598 4266 85.
1610 4217 1661 4265 art.
1685 4217 1706 4267 1.
1723 4210 1761 4264 ad
1772 4215 1796 4266 2.
1813 4217 1899 4282 negot

200 4314 284 4368 qnam
303 4297 454 4367 privandos
469 4313 530 4352 esse
550 4296 625 4352 beati
645 4297 805 4367 plenissime
822 4298 919 4353 scient.
954 4297 1035 4361 Quod
1061 4314 1128 4352 vero
1148 4297 1346 4353 Bonaventura
1360 4303 1386 4354 4.
1405 4302 1520 4352 sentent.
1542 4295 1663 4351 distinct
1682 4301 1724 4351 ss.
1744 4313 1770 4366 q.
1794 4303 1817 4353 l.
1841 4294 1898 4352 Sed

202 4384 435 4438 annunciantes
448 4383 656 4437 intellectuales
674 4400 708 4437 ac
727 4384 863 4447 morales,
883 4383 958 4439 circa
975 4384 1036 4437 illas
1062 4383 1137 4453 prior
1157 4383 1296 4437 sententia
1312 4383 1424 4451 pieriae
1442 4383 1580 4436 creatoris
1598 4398 1631 4436 ac
1648 4381 1788 4447 felicitati
1806 4383 1898 4436 beato·

201 4469 379 4540 distinguunt
396 4468 469 4522 inter
488 4469 636 4522 materiale
662 4478 688 4523 et
705 4470 836 4530 formale.
872 4469 995 4524 Thomas
1013 4475 1035 4524 l.
1063 4487 1126 4523 rum
1145 4468 1388 4539 magisjcongruit.
1425 4468 1452 4535 2)
1465 4468 1512 4521 An
1529 4468 1578 4521 lua
1595 4468 1818 4536 glorificatorum
1837 4485 1979 4531 cor-23„
1992 4491 2024 4530 tm

201 4561 224 4610 2.
242 4572 269 4624 q.
289 4560 321 4609 b'l
349 4561 399 4608 art
423 4560 448 4609 l:
468 4555 522 4607 Est
541 4556 572 4607 in
590 4555 739 4607 uirtutibus
754 4555 908 4607 moralibus
924 4555 1038 4623 aliquid
1061 4572 1163 4623 porum
1193 4572 1211 4607 a
1234 4554 1296 4607 luce
1325 4554 1395 4608 solis
1426 4553 1519 4622 specis
1547 4553 1761 4621 distinguatur!
1802 4551 2024 4643 N⁰3²²21⁰iiffl

201 4641 285 4711 quasi
301 4640 425 4706 formale
437 4649 463 4693 et
477 4641 593 4710 aliquid
609 4642 695 4710 quusi
705 4641 862 4695 materiale.
880 4640 1037 4694 Materiale
1062 4639 1184 4694 Thomas
1196 4638 1225 4692 in
1240 4639 1327 4692 addit.
1340 4658 1365 4709 q.
1380 4644 1420 4695 85.
1435 4644 1484 4694 nrt.
1498 4643 1521 4694 2.
1534 4638 1569 4692 ad
1585 4644 1606 4696 l.
1632 4638 1753 4693 Gloriae
1766 4638 1896 4702 claritas,
1911 4654 1961 4685 run
1974 4653 1990 4685 e
2002 4646 2024 4685 lc

200 4726 311 4780 inillis
332 4735 372 4781 est
389 4727 538 4780 inclinatio
545 4727 643 4796 partis
655 4729 827 4798 appetitione
838 4729 880 4781 ad
887 4728 1037 4797 passiones
1063 4726 1161 4796 inquit,
1190 4726 1244 4778 erit
1263 4725 1384 4778 alterius
1399 4725 1512 4794 generis
1531 4741 1615 4793 quam
1633 4725 1754 4778 claritas
1775 4733 1896 4779 naturae
1911 4695 2024 4798 ,im

201 4813 244 4867 oei
263 4813 442 4882 Operationes
459 4814 611 4865 sumendum
624 4816 736 4866 modum
755 4815 886 4885 aliquem,
904 4814 956 4868 sed
969 4814 1036 4882 quio
1064 4819 1198 4882 quantum
1221 4811 1262 4863 ad
1278 4811 1383 4878 speciei
1401 4827 1529 4877 causam,
1553 4813 1606 4864 sed
1626 4828 1682 4865 non
1702 4800 1839 4879 'quantum
1856 4812 1899 4863 ad
1910 4802 1955 4839 ω’·

200 4897 253 4950 iste
270 4899 370 4952 modies
390 4898 595 4952 determinatur
614 4916 633 4951 a
649 4900 769 4966 ratione,
789 4901 855 4952 ideo
863 4899 994 4967 formale
1007 4899 1037 4951 in
1063 4897 1192 4968 speciem,
1211 4897 1286 4949 unde
1306 4896 1377 4948 sicut
1398 4896 1516 4950 claritas
1528 4903 1649 4950 naturae
1666 4895 1777 4949 ratione
1794 4895 1900 4965 speciei

201 4982 328 5035 omnibus
345 4984 494 5036 virtutibus
514 4990 554 5035 est
571 4983 631 5051 ipse
646 4986 718 5038 ordo
736 4984 864 5039 rationis.
895 4983 1036 5046 Quantum
1063 5000 1131 5038 suae
1149 4988 1190 5034 est
1209 4981 1432 5050 proportionata
1452 4982 1539 5048 arisai,
1562 4982 1605 5034 ita
1623 4981 1742 5035 claritas
1760 4978 1897 5048 pieriosa.

201 5071 242 5122 ad
259 5069 418 5137 materiale,
435 5086 492 5122 non
510 5068 659 5122 manebunt
677 5069 793 5124 virtutes
812 5070 946 5136 morales,
970 5070 1038 5139 quia
1064 5069 1163 5124 Posset
1171 5082 1222 5137 pro
1231 5065 1414 5120 hac'l'homae
1423 5067 1561 5122 sententia
1570 5069 1669 5138 urgeri,
1681 5067 1756 5137 quod
1763 5064 1896 5133 Christus,

201 5174 256 5209 non
282 5155 338 5208 erit
365 5155 406 5208 ibi
433 5154 659 5224 eoncupiscentia
681 5155 860 5221 refrenanda
867 5175 878 5220 ,·
904 5164 1039 5225 quantam
1064 5151 1897 5220 DanieletPaulusclaritatemsanctornmconferantsplen·

202 5245 243 5295 ad
253 5240 387 5306 formale,
406 5241 562 5306 manebunt,
581 5241 612 5293 in
624 5249 758 5309 qnantum
771 5242 846 5295 ratio
859 5241 1038 5308 nu'mrnjus-
1063 5241 1133 5293 dori
1150 5239 1221 5292 solis
1241 5246 1267 5291 et
1284 5237 1438 5293 stellarum.
1476 5237 1595 5300 Quidam
1614 5239 1723 5292 addunt
1741 5237 1793 5291 hoc
1814 5253 1897 5309 argu·

202 5345 255 5396 que
279 5326 435 5380 rectissima
459 5327 514 5378 erit
532 5326 609 5379 circa
628 5343 676 5392 ea,
691 5343 764 5395 queas
782 5329 824 5380 ad
842 5328 934 5394 ipsum
949 5314 1050 5396 persi-l
1063 5329 1200 5378 mentum:
1229 5322 1362 5388 Difficile
1385 5329 1426 5374 est
1446 5323 1604 5392 eacoqitare
1623 5325 1712 5378 lucem
1732 5338 1898 5393 corpoream

202 5422 266 5468 nent
281 5415 433 5468 secundum
445 5419 550 5465 datum
564 5413 655 5478 illum,
665 5420 690 5465 et
701 5415 744 5466 ors
756 5413 913 5481 appetitiva
926 5378 1051 5485 omnino!
1063 5413 1206 5465 diuersam
1225 5409 1316 5478 specie
1342 5408 1378 5461 ab
1394 5407 1448 5460 bac
1465 5407 1536 5476 luce,
1554 5426 1639 5478 mam
1657 5410 1804 5476 cernimus,
1825 5406 1899 5461 sicud

202 5501 358 5554 movebitur
371 5499 525 5552 secundum
539 5499 668 5552 ordinem
678 5499 807 5554 rationis.
827 5502 919 5554 amb:
943 5498 1039 5560 eran·
1064 5496 1187 5563 difficile
1212 5495 1370 5563 excogitare
1399 5495 1552 5547 candorem
1576 5494 1700 5563 aliquem
1731 5508 1898 5566 corporeum·

202 5593 259 5639 tum
286 5587 329 5639 ad
350 5584 510 5652 materiale,
526 5583 546 5640 i.
566 5600 589 5638 e'.
599 5583 822 5653 phantasmata,
840 5586 883 5637 ad
902 5598 975 5653 quae
994 5600 1039 5637 re·
1065 5583 1207 5638 diuersum
1228 5583 1321 5652 specie
1346 5580 1382 5633 ab
1400 5596 1448 5649 eo,
1474 5596 1553 5648 quem
1580 5580 1715 5636 ridemus.
1750 5579 1806 5636 Sed
1823 5578 1898 5634 idem
