4050 6014
491 986 1025 1188 unnonnnus
1061 1065 1468 1199 ambus

359 1307 476 1442 ΒΕ
536 1308 968 1445 INFERNO
1030 1309 1207 1449 SEU
1274 1313 1595 1449 MORTE

746 1547 1218 1697 AETERNA.

549 1815 571 1867 1.

58 1953 127 1993 runa·
167 1872 319 1991 Terribile
336 1942 379 1991 est
396 1954 481 1999 more,
509 1937 660 1993 terribilius
678 1939 833 2007 judiciam,
858 1936 966 1991 terribi-
992 1929 1055 2002 gius
1074 1931 1179 1987 chorda
1196 1932 1323 2001 trahitur,
1342 1939 1421 1988 tanto
1440 1933 1538 1989 fortius
1558 1934 1665 2006 sagitta
1685 1935 1830 1991 emittitur.

58 2005 98 2047 ²¹⁰·
131 2013 266 2069 lissimum
284 2016 416 2085 msernaa
432 2020 548 2070 mortem
567 2023 595 2070 et
610 2015 747 2085 judicium
766 2014 966 2086 impiorumse·
994 2017 1038 2071 De
1060 2018 1197 2074 materiali
1226 2036 1293 2074 areu
1323 2027 1399 2076 reate
1422 2020 1534 2092 quidem
1562 2022 1738 2094 usurpaveris
1763 2025 1830 2078 illud
1844 2031 1887 2073 u
1901 2032 1946 2074 rso.

130 2106 260 2164 tuturus,
286 2099 371 2156 Habr.
390 2103 415 2168 9,
434 2119 461 2158 v.
480 2107 520 2159 t'l.
550 2103 638 2172 Apes.
658 2107 682 2165 6,
700 2120 725 2156 r.
746 2107 768 2158 8.
803 2098 1113 2198 ΑήπίοιΘΙοε4Ροὸῐιοε

132 2187 245 2259 quidem
262 2193 350 2242 morte
369 2186 440 2242 nihil
458 2195 574 2243 noverat
591 2187 758 2252 terribilius,
785 2187 860 2242 unde
878 2182 968 2241 taina-

132 2290 181 2326 ror
200 2277 282 2327 vooat
309 2269 425 2329 πάντων
447 2276 576 2347 φοβερῶν
602 2269 817 2347 φοβερώτατον,
844 2271 894 2327 sed
916 2271 968 2324 hoe
1027 2278 1094 2331 Noa
1110 2292 1221 2345 semper
1238 2276 1322 2338 feriet
1343 2279 1527 2347 quodeunque
1546 2280 1698 2334 minabitur
1717 2299 1809 2345 aroris,

131 2356 335 2413 terribilissimo
352 2358 460 2430 aliquid
479 2360 632 2414 ten-ibilius
653 2361 680 2414 in
701 2359 787 2415 verbo
805 2358 860 2414 Dei
888 2357 968 2412 nobis

131 2443 303 2514 proponitur,
322 2444 451 2500 videlieet
471 2447 610 2513 infernas,
627 2447 675 2516 qui
693 2445 825 2502 terribilis
843 2449 887 2499 est
903 2459 968 2514 pro·
994 2445 1043 2501 eod
1065 2446 1100 2501 de
1117 2463 1184 2502 areu
1205 2447 1315 2502 divinae
1333 2448 1391 2503 irae
1415 2465 1449 2503 ae
1473 2448 1610 2504 vindictae
1636 2450 1690 2507 hoo
1713 2453 1830 2524 eogitari

131 2535 195 2600 pter
221 2538 420 2585 tormentorum
448 2532 637 2596 atrocitatem,
676 2530 827 2586 terribilior
857 2536 970 2601 proptor
994 2531 1037 2586 vel
1057 2532 1110 2587 diei
1132 2532 1237 2605 nequit.
1274 2533 1338 2588 Esa.
1358 2541 1400 2603 ³⁰,
1420 2550 1447 2589 v.
1466 2541 1513 2592 3²:
1534 2538 1601 2590 Erit
1619 2539 1756 2593 transitur
1773 2542 1830 2594 eir·

130 2615 335 2688 »masma
365 2618 570 2688 diversitatem,
602 2616 820 2674 ternbllissimus
852 2621 967 2688 propter
994 2636 1048 2689 yae
1063 2621 1212 2682 fundatae.

127 2717 289 2771 poenarum
307 2706 508 2758 mammem.
544 2703 622 2759 lilius
641 2703 855 2759 eommlnatloue
871 2718 890 2755 a
906 2715 968 2772 pet·
1030 2710 1054 2763 t.
1090 2704 1241 2776 Postquam
1263 2705 1348 2777 igitur
1368 2707 1403 2762 de
1420 2702 1508 2762 morte
1525 2715 1554 2762 et
1575 2710 1692 2778 jndicio
1709 2717 1965 2766 marmannorum

132 2787 202 2842 eatis
220 2787 297 2844 Deus
315 2806 365 2844 nos
382 2804 513 2845 revocare
531 2796 656 2856 oonatur,
676 2791 743 2861 qaia
763 2790 905 2857 paternae
916 2802 969 2840 me·
994 2797 1088 2845 aetum
1105 2791 1160 2845 tuit
1178 2791 1321 2861 haetenus,
1339 2796 1512 2864 consequens
1530 2803 1581 2863 est,
1600 2803 1633 2850 ut
1651 2796 1686 2851 ds
1705 2798 1830 2867 inferno,
1843 2770 1984 2863 mitrii

131 2873 254 2940 mmmm,
272 2892 328 2930 eon
345 2877 415 2930 sinit
434 2878 464 2930 in
481 2877 634 2946 pebennam
654 2877 787 2932 inridere.
823 2875 970 2941 Psalmi,
994 2876 1024 2930 in
1045 2894 1125 2948 quem
1146 2885 1208 2946 post
1231 2879 1368 2950 judicium
1391 2886 1544 2935 extremum
1568 2880 1672 2936 diaboli
1698 2889 1727 2938 et
1753 2883 1830 2956 impii

132 2977 158 3013 r.
180 2965 225 3017 13:
253 2962 321 3016 Nisi
335 2964 462 3017 erasmi
479 2964 609 3033 meilis,
633 2963 763 3031 pientiam
782 2979 863 3016 raam
876 2963 969 3015 a'ora·
996 2963 1162 3035 praecipites
1181 2963 1336 3034 dabuntur,
1361 2965 1391 3020 in
1411 2973 1551 3036 posterum
1570 2968 1702 3023 dieamus.
1738 2968 1831 3034 Quare

132 3046 180 3113 m't,
201 3065 299 3102 aream
315 3066 395 3102 raam
413 3050 531 3103 tetendit
549 3057 575 3102 et
588 3049 707 3118 paravit
721 3049 813 3117 illam,
840 3048 870 3101 in
887 3061 969 3118 quem
995 3049 1069 3103 enim
1088 3049 1164 3119 prius
1190 3051 1226 3106 de
1252 3051 1402 3120 impiorum
1420 3053 1599 3108 damnatione
1617 3072 1699 3125 quam
1719 3056 1753 3111 de
1766 3057 1831 3127 pio·

131 3133 224 3188 looum
253 3135 294 3189 sie
327 3141 529 3191 commentatur
558 3136 694 3191 Basilius:
733 3134 971 3190 Comminatoriua
995 3153 1058 3190 ram
1075 3136 1294 3207 glorificatione,
1321 3138 1348 3191 h.
1364 3154 1387 3194 e.
1407 3139 1484 3209 prius
1505 3139 1540 3195 de
1560 3140 1667 3196 interno
1687 3159 1771 3212 quam
1796 3143 1831 3197 de

131 3235 222 3275 sermo
237 3231 285 3287 est,
303 3240 360 3276 aon
376 3224 472 3276 rtatim
485 3223 608 3276 minatur
623 3224 749 3288 vulnera,
764 3223 880 3292 plapoa,
895 3237 968 3274 mor·
994 3221 1080 3290 eoelo,
1099 3222 1237 3293 agendum
1248 3239 1416 3285 censeamus.
1432 3227 1492 3297 ejus
1510 3225 1615 3280 ordinis
1633 3228 1770 3282 rationem
1782 3243 1829 3282 ex·

133 3315 187 3376 tae,
212 3312 265 3363 aed
283 3327 426 3366 aramum
442 3310 641 3376 mirationem,
666 3310 742 3364 vehat
764 3308 968 3379 praeparatio·
993 3308 1135 3379 posuimus
1153 3309 1181 3362 in
1202 3309 1343 3380 prooemio
1362 3311 1484 3381 generali
1500 3317 1635 3368 mactatus
1660 3314 1697 3367 de
1713 3315 1830 3368 novissi·

131 3411 194 3449 aem
210 3398 355 3464 mandam
373 3398 415 3450 ad
429 3397 562 3451 ultionem
575 3397 701 3450 intentat.
725 3395 965 3458 Quemadmodum
995 3413 1048 3450 mo.
1077 3396 1260 3451 Commendat
1279 3413 1344 3452 vero
1363 3396 1443 3452 nobis
1463 3397 1535 3454 hane
1554 3398 1708 3455 doctrinam
1729 3405 1753 3455 1.
1772 3418 1829 3454 ma·

133 3497 207 3549 erpo,
225 3483 275 3550 aaa·
292 3501 375 3536 arma
393 3483 554 3553 absterpant
573 3499 608 3537 aa
624 3483 746 3553 poliant,
769 3497 886 3551 papaae
903 3498 968 3534 moa
994 3482 1070 3535 aima
1090 3483 1210 3552 utilitas,
1239 3486 1262 3537 t.
1281 3501 1390 3537 samma
1407 3486 1566 3540 necessitas.
1602 3485 1759 3543 Utilitatem
1779 3486 1815 3541 de

132 3567 275 3621 ineundae
291 3584 384 3622 aerem
404 3570 533 3639 affectam
552 3577 578 3623 et
596 3569 777 3623 alacritatem
792 3569 968 3638 ripnsiteanm
994 3573 1178 3623 monstramus
1196 3576 1255 3624 tum
1271 3587 1290 3622 a
1308 3571 1412 3640 priori,
1437 3570 1568 3627 videlieet
1586 3590 1618 3628 ex
1637 3574 1735 3626 diuina
1753 3590 1828 3628 reae·

132 3655 174 3708 aie
192 3663 219 3710 et
236 3672 327 3710 emmo
345 3656 391 3709 ilie
412 3656 471 3709 Dei
486 3665 591 3710 motam
609 3659 651 3710 ad
667 3656 803 3710 ultionem
821 3656 968 3708 ostendere
993 3655 1118 3720 latione,·
1140 3661 1199 3709 tum
1217 3673 1236 3708 a
1251 3658 1419 3726 posteriori,
1444 3657 1575 3713 videlieet
1594 3675 1628 3712 ee
1648 3669 1829 3730 consequente

131 3741 227 3796 oolam
244 3742 372 3810 plodiam
388 3743 472 3796 illam
492 3744 606 3798 vibrare
625 3744 704 3799 dixit.
734 3741 871 3797 Nimirum
891 3740 967 3795 Deris
990 3741 1217 3805 fructificatione.
1254 3741 1334 3796 Prior
1351 3742 1549 3799 demonstratio
1568 3745 1609 3800 sio
1627 3743 1724 3800 habet:
1741 3745 1827 3810 Quid·

133 3843 187 3882 non
204 3845 237 3882 er
256 3828 403 3898 improviso
423 3829 518 3898 poenis
536 3828 733 3900 temporalibus
745 3832 774 3884 et
786 3827 905 3883 aeternis
917 3826 965 3880 im·
992 3828 1060 3900 quid
1080 3827 1156 3882 Deus
1172 3827 1201 3881 in
1221 3826 1306 3884 verbo
1324 3845 1374 3884 suo
1393 3829 1534 3899 revelavit,
1559 3831 1629 3887 illud
1646 3832 1715 3888 utile
1732 3839 1777 3887 est
1791 3833 1827 3888 ad

132 3913 192 3984 pios
218 3931 274 3968 uon
298 3915 484 3985 praemonitos
511 3915 656 3987 opprimit,
684 3916 733 3970 sed
761 3931 859 3969 aream
886 3931 965 3966 suam
992 3915 1192 3981 indemnitas,
1227 3917 1356 3987 ἔλεγχον,
1392 3919 1526 3974 παιδείαν
1549 3923 1596 3973 rol
1623 3915 1827 3996 ἐπανόρθωσιν.

130 4001 213 4071 prius
230 4001 320 4053 tenciit
337 4018 371 4053 aa
387 4009 485 4070 parat,
504 4009 654 4070 antequam
666 4002 771 4072 feriat,
791 4002 809 4056 i.
822 4016 844 4056 e.
862 4016 965 4071 poenae
991 4000 1073 4055 Ratio
1091 4008 1141 4071 eet,
1162 4002 1228 4072 qnia
1244 4002 1389 4074 Scriptura
1405 3999 1597 4067 θεόπνευστος
1608 4004 1762 4060 revelatum
1773 4005 1827 4060 Dei

133 4085 209 4156 prius
229 4085 357 4153 minatur,
376 4102 459 4158 quam
479 4086 590 4159 infligit,
617 4089 690 4160 quod
708 4088 818 4160 paterni
836 4093 864 4142 et
883 4087 965 4142 bene·
991 4086 1105 4141 verbnm
1129 4088 1316 4159 complectens
1342 4088 1378 4142 ad
1403 4087 1454 4143 hos
1480 4087 1550 4145 fines
1573 4088 1674 4145 dieitur
1697 4090 1772 4145 utilis
1801 4095 1826 4148 2.

132 4172 188 4226 voli
206 4172 290 4226 animi
308 4179 351 4228 est
367 4172 508 4229 indicium.
539 4173 570 4230 si
586 4175 661 4228 enim
679 4173 864 4229 delectaretur
879 4171 963 4228 homi·
991 4172 1063 4226 lim.
1082 4179 1106 4242 3,
1126 4192 1151 4227 v.
1172 4179 1211 4232 lo.
1243 4175 1307 4231 Jam
1321 4190 1388 4229 vero
1405 4174 1558 4229 donuinam
1576 4174 1611 4228 de
1629 4175 1826 4231 internoDeus

132 4275 199 4313 uum
217 4258 381 4329 perditione,
399 4260 476 4331 prius
488 4276 605 4332 poenam
617 4260 785 4330 immitteret,
803 4276 886 4332 qnam
901 4275 963 4316 ean·
991 4258 1020 4313 iu
1040 4259 1126 4316 verbo
1143 4279 1194 4316 suo
1209 4261 1289 4316 nobis
1306 4259 1449 4329 revelavit,
1475 4267 1506 4314 ut
1524 4258 1631 4331 patebit
1648 4277 1681 4315 ex
1699 4262 1826 4332 sequenti

133 4345 196 4400 dem
212 4345 431 4402 comminaretur.
468 4344 571 4402 Psalm.
589 4351 631 4417 60,
650 4363 676 4402 v.
694 4352 724 4403 b:
746 4347 864 4401 Dedisti
880 4352 965 4399 metu-
992 4348 1118 4420 lpyastp.
1153 4347 1236 4418 Ergo.
1271 4344 1412 4400 Posterior
1431 4345 1630 4401 demonstratio
1652 4346 1692 4400 sie
1717 4346 1825 4402 institui

133 4431 242 4485 entibus
260 4440 287 4486 te
304 4433 547 4503 aprificatioaem,
567 4441 599 4488 at
609 4435 726 4503 sapiant
745 4449 763 4485 a
779 4432 858 4497 faeie
872 4447 965 4496 oreae
992 4437 1097 4502 potest:
1125 4431 1213 4504 (injus
1237 4432 1284 4502 pia
1309 4437 1337 4486 et
1363 4431 1525 4501 quotidiana
1548 4431 1691 4487 meditatio
1713 4440 1826 4487 revocat

132 4521 165 4570 ut
181 4517 270 4572 estin
289 4518 405 4590 vulgata
422 4519 561 4587 versione,
591 4535 673 4590 qnam
692 4517 783 4573 looum
805 4517 845 4571 sie
864 4515 966 4587 aoeipit
991 4516 1115 4573 homines
1133 4534 1151 4573 a
1168 4518 1260 4572 studio
1278 4515 1413 4588 peccandi
1436 4516 1518 4570 etad
1544 4517 1646 4572 serium
1667 4517 1721 4573 Dei
1743 4520 1824 4574 timo-

133 4603 309 4675 Augustinus
325 4605 355 4659 iu
372 4620 460 4660 enarr.
478 4604 552 4659 illius
572 4604 639 4676 psal
654 4609 686 4658 ut
701 4618 836 4659 summam
851 4601 902 4657 Dei
916 4602 964 4655 mi·
991 4619 1049 4658 rem
1074 4604 1180 4658 animos
1207 4604 1329 4675 ipsorum
1348 4600 1479 4667 inflectit,
1502 4601 1571 4658 illud
1590 4604 1618 4658 in
1637 4604 1757 4659 ecelesia
1774 4605 1825 4659 do-

133 4690 311 4746 serioordism
329 4691 409 4746 nobis
435 4691 463 4746 in
485 4706 518 4745 eo
537 4691 654 4763 proponi
678 4690 790 4754 doeeat,
815 4690 890 4760 quod
916 4704 966 4760 per
991 4690 1048 4744 aeri
1067 4689 1134 4743 utile
1151 4693 1194 4744 est
1210 4705 1244 4744 ae
1263 4688 1443 4743 fructuosum.
1479 4688 1535 4744 Sed
1552 4689 1645 4760 pinet
1662 4690 1825 4763 quotidiana

133 4776 356 4832 comminationes
383 4776 580 4846 suppliciorum
606 4781 765 4847 peceatores
792 4775 880 4831 soleat
909 4790 965 4828 mo·
991 4774 1091 4830 inferni
1109 4775 1251 4831 meditatio
1268 4779 1417 4846 utrumqne
1438 4780 1570 4847 praestat,
1593 4783 1625 4831 nt
1642 4775 1672 4831 iu
1691 4793 1824 4847 usupra·

131 4878 212 4932 nere,
234 4867 267 4917 ut
290 4878 324 4916 ea
352 4867 451 4919 aurant
472 4878 522 4934 per
547 4862 743 4933 poenitentiam
765 4860 965 4932 subterfugere.
992 4860 1064 4914 otioo
1094 4861 1210 4917 inferius
1241 4860 1446 4916 monstrabitur.
1492 4861 1576 4933 Ergo.
1623 4858 1824 4917 Necessitatem

106 4958 109 4963 “
133 4948 264 5007 Nostrum
282 4955 332 5015 est,
350 4955 506 5003 monentem
525 4964 559 5002 ao
576 4949 727 5004 minantem
739 4948 844 5016 audire,
862 4947 965 5003 statie
991 4946 1141 5016 probamus
1163 4951 1187 5016 1)
1205 4948 1351 5013 audietne
1368 4949 1513 5013 mandato,
1532 4953 1592 5002 tum
1605 4946 1749 5016 aeneae,
1767 4963 1823 5001 me·

133 5051 214 5090 araus
232 5034 330 5106 fugere
349 5039 378 5088 et
399 5033 561 5105 quotidiana
577 5034 722 5106 gehennae
745 5033 924 5090 meditatione
949 5051 966 5088 a
992 5050 1104 5087 morare
1123 5035 1275 5087 nemeina
1295 5033 1346 5088 Sir.
1366 5038 1390 5102 t,
1407 5051 1434 5089 r.
1451 5039 1500 5103 ⁴⁰3
1524 5039 1584 5087 tum
1601 5033 1728 5104 apeeiali,
1748 5033 1823 5105 quod

133 5126 308 5190 peecatorum
340 5119 433 5176 studio
460 5126 579 5174 mentem
603 5136 741 5176 retonare.
788 5119 837 5176 sin
866 5119 964 5186 minus,
992 5118 1101 5174 elicitur
1120 5135 1153 5174 ex
1170 5118 1297 5174 omnibus
1318 5117 1478 5190 Scripturas
1503 5119 1599 5187 dietis,
1627 5128 1700 5190 quae
1724 5119 1759 5174 de
1781 5117 1823 5173 iu·

133 5213 238 5278 quanto
255 5206 345 5279 magis
365 5205 531 5275 supplicium
552 5203 685 5276 differtur,
704 5211 783 5261 tauto
800 5205 913 5277 gravius
932 5220 964 5259 aa
990 5203 1144 5260 iemalibus
1163 5204 1259 5275 poenis
1277 5211 1406 5272 mactant,
1432 5221 1465 5261 eo
1483 5221 1603 5277 namque
1622 5203 1678 5260 fine
1696 5204 1774 5260 Dens
1793 5205 1823 5259 in

132 5293 271 5351 hnoetius
291 5292 417 5364 infertur,
434 5292 552 5365 perinde
574 5298 606 5349 nt
621 5292 651 5347 in
670 5308 749 5360 mou,
774 5298 879 5364 quanto
904 5293 963 5348 lon·
989 5291 1144 5347 verbosae
1168 5290 1206 5345 de
1225 5290 1279 5344 illis
1302 5291 1376 5362 agit,
1395 5296 1428 5345 ut
1450 5290 1591 5346 bominum
1614 5290 1712 5346 animis
1735 5289 1823 5346 insul·
