4050 6014
159 203 217 260 130
805 188 1033 247 nutaturus
1053 188 1221 251 TERTIUS

155 345 282 419 accipere
312 347 496 402 hereditatem
526 346 671 401 coelestem
712 359 763 416 per
792 343 992 416 posseeuionem
1017 344 1125 416 pientia
1141 344 1171 401 in
1186 343 1240 399 boo
1257 341 1361 399 mundo
1379 341 1546 412 eminentem
1570 350 1593 401 t.
1616 342 1734 411 Timo,
1758 359 1788 402 r.
1814 350 1853 401 tt.

155 440 246 490 terrae
283 433 398 491 Canaan
434 440 567 505 tanquam
609 431 862 504 praestantissimae
896 429 993 486 mundi
1018 431 1120 485 diriter
1136 432 1220 501 tejas
1236 429 1325 485 ermeli
1344 428 1483 500 dicuntur,
1497 431 1543 504 qni
1562 431 1663 487 divites
1676 436 1743 487 sunt
1760 430 1855 487 inboc

154 520 242 591 partis
262 520 464 591 adumbratam,
484 521 555 576 sicut
575 525 603 574 et
628 518 714 575 Hebr.
735 525 759 588 6,
783 535 810 572 v.
839 525 864 573 5.
888 518 992 572 mentm
1018 517 1129 582 mundo,
1149 516 1251 588 quibus
1268 522 1446 588 opponuntur
1465 519 1568 575 dioitee
1587 519 1616 574 in
1635 520 1702 575 Deo
1721 518 1794 580 Luc.
1813 524 1854 588 tt,

154 605 187 660 fit
214 613 365 683 μέλλοντος
389 611 501 677 atricae,
526 623 598 678 quac
622 612 715 661 tumen
737 602 903 675 significatio
928 620 1043 677 cum,v.
1063 609 1103 659 21.
1122 603 1170 675 qni
1187 604 1321 660 coelestes
1341 610 1370 659 et
1388 604 1547 674 spirituales
1576 604 1731 676 thesauros,
1753 605 1855 661 saluts·

155 694 293 763 prioribue
313 711 368 749 non
386 701 503 766 pugnat,
521 693 571 748 scd
591 693 696 763 optima
716 689 823 744 ratione
848 708 911 744 cum
934 688 1075 751 illisirem
1095 688 1148 743 Dei
1167 690 1344 761 agnitionem,
1362 695 1539 761 peccatorum
1554 690 1753 757 remissionem,
1771 690 1857 763 Spiri-

155 781 289 852 conjungi
310 787 411 852 potest,
435 781 501 850 quia
529 796 579 849 per
600 779 739 835 Christum
761 776 817 847 piis
841 760 1062 846 obtingumt¹tus
1088 775 1305 832 consolationem
1330 782 1359 831 et
1384 777 1460 832 vitae
1482 784 1612 833 aeternae
1644 776 1857 848 promissionem

156 868 229 922 bonu
247 883 302 922 non
319 867 406 921 solum
425 864 582 937 spiritualia
600 862 747 917 sedetiam
760 863 923 933 corporalia,
940 878 991 916 nec
1016 859 1071 916 fide
1079 861 1216 932 obtinent,
1229 863 1277 933 qni
1292 863 1321 917 in
1331 861 1409 917 coelo
1421 864 1565 919 thesauros
1573 863 1746 934 collegerunt
1756 862 1858 921 umet.

155 955 261 1004 mutum
281 949 365 1021 bujne
383 952 432 1006 sed
459 952 542 1007 etiam
568 948 613 1004 vel
638 948 756 1004 mamma
780 947 892 1004 futurae
917 947 1042 1021 vitec56,
1060 965 1085 1001 v.
1107 953 1149 1005 2ο.
1183 946 1313 1003 Secundo
1325 949 1355 1003 in
1370 956 1482 1018 partem
1498 950 1604 1004 mamm
1621 949 1858 1021 procorruptlone

154 1034 235 1090 bona.
268 1035 331 1091 Hoc
348 1037 419 1104 loco,
438 1037 549 1109 qnando
569 1036 604 1089 dc
623 1034 678 1090 tine
693 1035 790 1090 mundi
812 1035 928 1107 agimus,
946 1024 1099 1109 ac·lvitas,
1119 1040 1197 1089 motu
1215 1050 1248 1090 ac
1268 1034 1361 1090 cordis
1382 1052 1415 1089 nx
1432 1042 1549 1106 peccato
1573 1042 1642 1104 orta,
1663 1035 1701 1090 ad
1724 1051 1811 1109 quan
1827 1051 1857 1091 se

52 1146 56 1153 ·
154 1121 255 1192 cipitur
271 1124 433 1179 rotmundi
444 1122 620 1193 potissimum
635 1118 1227 1192 inprimeuignificationaiuccommodeut
1244 1120 1369 1176 hominos
1387 1121 1505 1177 terrems
1525 1122 1664 1178 duntaxat
1680 1121 1770 1194 affixi,
1794 1139 1855 1180 coe

154 1225 210 1279 qua
227 1224 278 1278 pro
295 1208 365 1264 oceli
389 1216 532 1279 terraeque
549 1208 679 1264 machine
702 1213 730 1264 et
753 1207 897 1276 omnibus,
919 1168 1129 1285 quacilestium
1147 1221 1213 1263 vero
1231 1212 1424 1263 contemtores.
1446 1207 1516 1264 Luc.
1532 1213 1572 1275 te,
1592 1227 1620 1265 v.
1637 1214 1667 1264 8:
1685 1208 1761 1265 lilii
1773 1210 1858 1282 boiae

154 1295 263 1350 suntin
284 1312 325 1366 ea,
342 1300 502 1365 usurpatur,
522 1294 562 1349 itu
578 1301 671 1349 tumen
690 1302 723 1349 ut
740 1293 832 1365 angeli
852 1298 881 1349 ct
906 1292 991 1349 homi·
1017 1294 1107 1347 eecnli
1119 1295 1324 1364 prudentiores
1342 1302 1407 1349 eant
1423 1295 1496 1360 filiie
1514 1297 1592 1352 lucie.
1611 1295 1691 1354 Rom.
1712 1302 1754 1364 12,
1771 1315 1798 1356 s.
1822 1303 1857 1354 2:

154 1395 203 1435 nes
223 1381 260 1436 ab
277 1384 330 1438 bac
349 1380 586 1436 consummatione
608 1381 791 1452 excipientur,
815 1379 856 1434 illi
879 1379 991 1451 quidem
1017 1379 1117 1434 Nolite
1138 1382 1320 1445 conformari
1340 1380 1406 1436 ltaic
1429 1382 1531 1446 amulo,
1574 1388 1600 1437 2.
1624 1382 1687 1439 Cor.
1712 1389 1737 1450 l,
1761 1398 1789 1440 v.
1809 1387 1856 1440 tle

153 1475 267 1538 propter
283 1466 516 1525 immortalitatem
535 1467 668 1522 divinitus
694 1467 749 1522 sibi
768 1482 939 1535 concessam,
962 1465 991 1520 bi
1020 1465 1151 1521 Trietitia
1168 1467 1254 1535 haiae
1271 1467 1362 1522 eemeli
1378 1475 1494 1523 mortem
1512 1476 1657 1538 operatur.
1678 1468 1812 1540 Galla.
1825 1475 1857 1527 l:

155 1569 220 1607 vero
242 1560 303 1608 tum
334 1558 448 1625 propter
480 1553 633 1608 animarum
664 1553 906 1614 immortalitatem,
931 1557 991 1606 tnm
1017 1551 1146 1607 Cimetra
1165 1554 1284 1611 redemi
1303 1572 1354 1609 nae
1372 1555 1408 1608 ab
1426 1554 1479 1609 lton
1495 1556 1590 1611 ceculo
1606 1572 1755 1626 perverso.
1784 1554 1855 1627 pr.

154 1645 268 1710 propter
280 1655 426 1710 corporum
439 1639 677 1695 resurrectionem.
707 1638 991 1707 scholasticarum,
1018 1644 1041 1707 2,
1064 1657 1090 1692 v.
1113 1643 1137 1694 2.
1161 1644 1278 1695 uocatur
1303 1639 1373 1697 atde
1398 1650 1448 1697 τοῦ
1473 1639 1596 1717 κόσμου,
1619 1641 1744 1699 aradam
1769 1641 1855 1712 bojas

155 1728 289 1783 mundum
307 1725 457 1796 dupliciter
473 1726 651 1795 considerari,
670 1733 690 1784 1.
710 1726 845 1781 artemiae
862 1731 989 1796 respectu
1001 1718 1005 1807 ¹¹
1016 1725 1123 1792 uerendi,
1140 1723 1158 1781 i.
1178 1742 1200 1780 c.
1220 1725 1266 1779 cui
1283 1724 1409 1781 homines
1433 1727 1567 1782 mundani
1589 1734 1618 1782 et
1639 1727 1758 1784 terrenis
1779 1725 1857 1783 affixi

155 1812 225 1868 coeli
246 1820 274 1868 et
288 1814 409 1869 omnium
430 1812 637 1883 elementorum,
663 1828 734 1883 quae
758 1812 844 1868 totins
869 1812 990 1867 universi
1002 1812 1005 1851 ἱ
1017 1827 1047 1864 se
1065 1809 1237 1866 conformare
1256 1811 1354 1869 solent.
1389 1811 1423 1867 ln
1435 1812 1489 1869 bac
1505 1812 1710 1884 significatione
1728 1812 1857 1869 diabolus

156 1899 275 1967 epatium
299 1899 408 1971 replent
432 1917 465 1955 ac
495 1899 664 1955 extensivam
694 1898 752 1954 sive
776 1898 991 1970 quantitativum
1017 1896 1116 1953 dicitur
1130 1897 1266 1967 princepe
1285 1898 1371 1969 tejas
1387 1899 1477 1953 errati
1492 1905 1516 1954 2.
1530 1898 1592 1955 Cor.
1609 1907 1704 1969 t,r.t.
1724 1899 1856 1957 lrenasns

154 1985 251 2040 mundi
270 1986 469 2057 perfectionem
483 1990 633 2057 propterea
653 1986 824 2042 constituere
847 1985 991 2049 dicuntum
1003 2028 1006 2057 ,
1018 1982 1130 2054 quidem
1149 1983 1167 2042 Ι.
1186 1991 1212 2042 3.
1231 2001 1256 2041 c.
1277 1992 1302 2042 7.
1324 1984 1551 2061 apocdrapeapir
1574 1985 1660 2055 hajae
1683 1988 1775 2043 ermeli
1792 2004 1857 2044 oon-

155 2079 179 2130 2.
199 2074 332 2128 intentive
347 2073 455 2129 ratione
476 2072 649 2127 diversarum
667 2071 821 2142 specierum
844 2089 877 2126 ac
895 2085 990 2142 corpo·
1004 2086 1006 2093 ·
1015 2069 1111 2141 jungit
1128 2087 1184 2125 non
1204 2088 1267 2125 cnm
1285 2088 1352 2127 uoce
1368 2073 1439 2126 mar
1458 2070 1507 2127 sed
1521 2087 1584 2127 cum
1601 2073 1856 2144 roccamartina,

154 2176 215 2214 rum
235 2165 295 2214 tum
316 2160 508 2227 animatorum,
526 2164 587 2213 tnm
599 2159 814 2213 inanimatorum
826 2175 859 2214 ex
873 2158 1102 2228 clemen-'quam
1127 2156 1272 2213 lectionem
1305 2156 1462 2228 approbant
1490 2157 1663 2226 Ambrosius,
1693 2159 1857 2231 cnrysoete

153 2255 244 2302 torum
251 2246 382 2301 mixtione
388 2245 611 2316 compositorum,
625 2246 726 2317 quibus
739 2243 916 2316 pulchritudo
931 2243 991 2299 nni·
1004 2202 1006 2283 1
1018 2259 1089 2313 mue,
1108 2241 1336 2315 'l'baopbylactns
1352 2243 1382 2298 in
1400 2260 1498 2300 comm.
1517 2245 1593 2300 illiue
1612 2245 1665 2301 loci
1682 2250 1712 2301 ot
1723 2247 1857 2319 Anguem·-

155 2333 228 2387 vcrsi
251 2333 331 2403 qnasi
352 2331 520 2400 intenditur,
543 2330 617 2386 unde
645 2330 810 2386 intensivum
840 2333 901 2403 ejus
930 2296 1072 2400 per-inus
1089 2328 1136 2383 lib.
1159 2335 1200 2386 21.
1221 2336 1319 2385 contra
1334 2329 1471 2385 Faustum
1487 2346 1512 2385 o.
1532 2337 1558 2388 2.
1580 2331 1629 2388 sed
1648 2330 1725 2388 nulla
1742 2349 1795 2390 nos
1811 2348 1856 2389 eo

154 2418 303 2474 tectionem
321 2417 467 2473 absolvere
485 2422 653 2472 statuuntur.
697 2416 803 2483 Quodsi
821 2433 889 2488 ergo
908 2374 1062 2487 quae-igit
1085 2415 1245 2481 necessitas,
1270 2421 1302 2470 ut
1324 2415 1379 2472 hac
1402 2421 1552 2492 μεταθέσει
1582 2423 1702 2478 utamur.
1748 2417 1858 2476 Dicitur

155 2508 234 2559 retur
250 2503 393 2560 damandi
413 2504 650 2559 consummatione
668 2504 697 2558 in
716 2519 800 2559 sensu
824 2503 924 2575 priore,
944 2462 1093 2559 etr-lenire
1113 2501 1239 2558 diabolus
1257 2502 1354 2558 eodem
1372 2518 1456 2560 sensu
1480 2505 1550 2559 deus
1571 2503 1657 2573 tepere
1679 2505 1778 2575 secali
1800 2522 1858 2578 quo

156 2590 246 2646 solute
259 2590 450 2663 respondetur,
467 2596 557 2644 totam
574 2590 627 2645 boc
641 2590 808 2656 universum,
823 2590 840 2644 i.
851 2608 873 2647 e.
887 2590 994 2646 coelum
1017 2589 1178 2660 principem
1195 2590 1295 2643 mandi
1306 2605 1369 2644 eum
1382 2589 1516 2660 appellari
1524 2589 1770 2656 ostendimus,non
1783 2591 1857 2664 qaod

156 2684 185 2733 et
210 2678 303 2732 omniu
326 2676 463 2732 elementa
485 2675 644 2745 interitura;
663 2675 712 2730 esd
732 2675 757 2732 ei
777 2677 811 2732 de
829 2677 885 2732 fine
899 2658 1065 2775 mundiqree
1089 2675 1224 2747 quasdam
1250 2676 1408 2747 corporales
1429 2675 1512 2746 baim
1536 2676 1623 2733 seculi
1648 2677 1799 2747 crearent,
1826 2683 1857 2733 nt

157 2765 184 2817 in
207 2762 361 2834 posteriore
387 2760 591 2834 significatione
617 2769 775 2833 quaeratur,
799 2763 930 2819 addenda
953 2762 1202 2835 estgllarcidnitee
1225 2769 1253 2818 et
1276 2761 1435 2818 Manichaei
1465 2761 1621 2833 voluerunt,
1646 2780 1698 2819 nec
1721 2764 1797 2836 qnod
1821 2764 1858 2820 ait

158 2850 290 2920 exceptio,
306 2850 382 2921 quod
400 2848 543 2905 destructa
562 2849 631 2904 coeli
647 2855 794 2920 terraeque
814 2849 995 2907 machinans
1021 2850 1091 2905 deus
1109 2848 1245 2917 absolute,
1262 2847 1312 2905 sed
1330 2849 1396 2921 quia
1420 2855 1464 2904 est
1485 2849 1639 2906 infidelium
1658 2857 1688 2905 et
1710 2851 1857 2924 impiorum

157 2937 338 3009 pereuntibus
357 2936 472 3007 reliquis
491 2934 686 2991 omnibnetam
700 2936 829 2992 animatis
839 2953 921 3008 qnam
936 2936 994 2991 ina·
1022 2934 1162 2990 hominnm
1183 2934 1252 2990 deus
1281 2934 1377 2990 habito
1394 2943 1454 2991 tum
1475 2936 1617 3007 adipsum.
1630 2938 1784 3008 diabolum,
1798 2944 1857 2993 tam

157 3021 269 3078 nimatis
286 3022 429 3090 creaturis,
452 3020 599 3092 speciebus
618 3021 701 3077 simul
720 3029 746 3076 et
762 3022 922 3090 individuis,
946 3039 994 3078 an·
1021 3022 1058 3076 ed
1077 3022 1203 3076 homines
1222 3022 1325 3092 impiae
1343 3028 1481 3094 respectu.
1503 3021 1534 3077 Si
1553 3022 1694 3078 diabolum
1705 3024 1797 3096 ipsam
1816 3040 1858 3080 rc·

156 3109 213 3180 goli
230 3114 324 3164 nmen
343 3118 372 3165 et
388 3107 513 3164 homines
532 3107 636 3163 sintin
655 3114 799 3164 ueternum
816 3108 923 3164 victuri.
1021 3107 1179 3179 spiciamus,
1197 3107 1222 3163 ie
1240 3106 1341 3164 dicitur
1361 3108 1429 3162 deas
1449 3113 1509 3163 tum
1525 3108 1705 3179 ploriatione,
1730 3110 1797 3181 quia
1815 3110 1856 3167 di·

191 3202 217 3252 t.
238 3195 334 3250 Secnli
353 3195 412 3250 sive
430 3197 531 3261 abiem
548 3211 603 3250 vox
629 3195 726 3251 itidem
743 3195 828 3250 variis
851 3195 940 3250 modis
965 3194 995 3250 in
1007 3200 1009 3225 ¹
1020 3194 1086 3248 vina
1106 3209 1189 3265 opera
1207 3194 1378 3250 mendaciter
1395 3194 1448 3249 sibi
1466 3193 1565 3251 tribuit
1582 3194 1680 3252 Matth.
1698 3203 1724 3265 4,
1741 3215 1767 3252 v.
1786 3204 1811 3255 9.
1829 3204 1860 3255 et

159 3281 309 3353 Scriptnris
326 3281 470 3353 accipitur.
506 3280 628 3336 Possunt
651 3288 745 3338 tamen
773 3297 869 3336 omnes
890 3279 1129 3353 signifi-,divinoe
1153 3280 1271 3336 bonores
1300 3280 1353 3335 sibi
1385 3280 1486 3337 deferri
1514 3281 1689 3352 impudenter
1717 3283 1859 3356 postulat3

158 3369 282 3424 cationes
303 3367 446 3423 commode
466 3367 555 3440 redigi
575 3368 612 3422 ad
630 3369 700 3423 duas
718 3369 862 3440 generales
885 3356 1080 3477 classeajtnm
1097 3369 1269 3438 operatione,
1291 3369 1358 3440 quia
1377 3375 1420 3424 eet
1435 3371 1539 3434 estlear
1558 3371 1589 3424 in
1607 3370 1678 3436 filiis
1702 3370 1859 3428 increduli·

158 3455 305 3520 Quaedam
324 3455 398 3510 enim
417 3461 506 3526 agunt
523 3456 559 3508 de
577 3457 672 3510 aerulo
687 3457 839 3526 praesenti,
858 3454 995 3527 quaedum
1021 3454 1088 3508 tetre
1108 3453 1180 3524 Eph.
1200 3459 1224 3521 2,
1241 3472 1267 3512 v.
1286 3460 1311 3512 2.
1330 3459 1358 3511 et
1378 3455 1541 3511 coecitatem
1559 3455 1588 3509 in
1611 3455 1752 3512 mentibus
1767 3456 1859 3514 bomi-

157 3559 223 3598 vero
242 3545 278 3597 de
295 3544 396 3608 futuro
415 3540 500 3612 (sicut
518 3540 600 3595 etiam
618 3540 796 3596 Oabbalistae
812 3542 888 3613 apud
901 3539 994 3596 rabbi·
1022 3559 1088 3596 num
1105 3546 1244 3612 operatur,
1264 3549 1296 3597 nt
1314 3541 1371 3597 bl.
1390 3540 1678 3614 apestolnsloquitur.
1720 3542 1752 3599 si
1769 3545 1858 3601 housi-

158 3646 207 3684 nos
226 3628 407 3699 distinguunt
423 3626 494 3683 inter
523 3627 588 3680 utu
619 3611 691 3679 ubit
709 3635 739 3683 et
756 3629 826 3678 nure
854 3612 937 3691 ubit,
954 3644 994 3681 ee·
1020 3644 1071 3682 nes
1098 3627 1200 3698 impioe
1222 3628 1409 3699 respiciamus,
1431 3620 1553 3684 illorum¹
1569 3630 1636 3686 dene
1665 3635 1708 3685 cat
1738 3632 1859 3697 nonam,

70 3758 77 3766 .
108 3726 143 3766 ,a
156 3715 250 3769 aelam
268 3719 444 3786 praesentet
460 3714 583 3768 reerrlam
596 3717 759 3783 centonem),
778 3713 847 3768 illud
863 3719 905 3768 cst
924 3719 996 3769 tem·
1022 3730 1078 3768 non
1097 3720 1190 3769 antem
1214 3715 1343 3779 nantium
1364 3713 1504 3784 opinione,
1533 3715 1600 3786 quia
1625 3732 1677 3786 pro
1700 3714 1753 3773 deo
1777 3715 1856 3773 illum

158 3801 298 3871 porarinm
318 3806 347 3855 st
362 3800 480 3869 flauam,
506 3801 557 3855 boc
583 3817 648 3855 vero
673 3808 816 3856 aeternnm
841 3806 869 3856 et
895 3803 996 3865 ficum·
1022 3801 1124 3866 colunt,
1139 3815 1195 3855 non
1215 3806 1308 3856 summ
1331 3801 1375 3854 rei
1398 3801 1529 3866 ueritate3
1554 3802 1725 3870 adjectione
1743 3811 1858 3872 aponu-

129 3885 227 3963 ‘illud
246 3885 467 3954 adcorporata,
486 3891 616 3941 constans
635 3886 761 3942 locorum
781 3902 814 3941 ac
840 3891 994 3956 temporum
1022 3903 1093 3954 nea,
1118 3885 1184 3958 quia
1206 3887 1432 3959 suggestionibus
1456 3889 1516 3958 ejus
1544 3888 1633 3959 magis
1664 3889 1860 3960 obtemperant

160 3971 274 4044 spatiis,
304 3971 357 4026 hoc
381 3986 448 4027 uero
479 3971 646 4042 opiritrmle,
668 3971 705 4026 ab
726 3972 800 4027 omni
824 3978 949 4044 tempore
968 3977 997 4025 et
1024 3988 1108 4043 quam
1129 3972 1230 4027 divinis
1249 3973 1465 4042 mundatie,non
1482 3977 1576 4030 autem
1588 3975 1863 4047 dominationeque·

160 4058 221 4113 loco
240 4063 407 4129 separatum.
445 4057 491 4111 Ad
511 4056 631 4127 priorem
655 4057 772 4112 classem
791 4058 931 4128 pertinent
948 4057 996 4111 illa
1008 4070 1011 4095 ¹
1024 4060 1092 4113 dam
1111 4059 1281 4114 neceesaria.
1302 4058 1499 4117 Nazianzenus
1519 4065 1588 4115 orat.
1607 4065 1632 4116 ³.
1651 4060 1688 4117 de
1703 4068 1771 4119 rect
1788 4064 1862 4120 aaut

161 4143 321 4216 Scripturas
339 4143 422 4212 dicta,
443 4142 594 4214 inquibus
618 4144 755 4213 accipitur
785 4151 806 4203 1.
830 4134 1108 4219 conrepta-isene:
1128 4146 1195 4199 Non
1212 4142 1263 4200 leoo
1281 4146 1309 4200 ei
1335 4163 1435 4201 nornen
1459 4146 1602 4211 tribuitur,
1626 4148 1703 4216 quood
1721 4155 1810 4203 totam
1831 4151 1863 4205 in

160 4236 214 4293 arie
232 4247 265 4286 ac
283 4230 473 4286 materialiter
492 4245 543 4301 pro
569 4228 639 4285 coeli
667 4234 814 4300 terraeque
838 4222 1159 4309 systemateimmntam
1182 4242 1209 4287 et
1231 4233 1375 4288 areioereoe
1408 4233 1532 4287 ioannes
1556 4233 1704 4304 imperinm
1732 4235 1863 4304 obticeat,

161 4316 247 4373 Hebr.
268 4325 291 4386 l,
313 4333 340 4372 v.
362 4323 391 4372 t:
412 4321 490 4370 Deae
504 4333 560 4386 per
579 4316 687 4370 Filiam
704 4317 834 4370 condidit
851 4317 960 4386 secula,
980 4319 995 4372 i.
1010 4328 1090 4417 'nom
1107 4320 1136 4374 ei
1152 4320 1202 4374 hoc
1218 4319 1304 4386 soret,
1317 4320 1384 4387 jam
1401 4318 1470 4374 olim
1493 4336 1586 4374 omnes
1599 4320 1785 4390 perdidisset,
1808 4324 1863 4377 eod

161 4422 185 4464 e.
205 4403 338 4459 mundum
356 4409 385 4458 st
402 4403 505 4468 omnia,
525 4418 596 4474 quae
621 4403 650 4457 in
675 4419 708 4459 eo
732 4410 809 4472 eunt,
831 4403 898 4475 qnia
919 4420 997 4458 mun·
1010 4426 1013 4485 5
1024 4407 1100 4474 qnod
1113 4407 1227 4474 peccati
1243 4405 1280 4459 eit
1297 4413 1397 4460 erector
1413 4412 1441 4460 et
1459 4420 1556 4459 eoram
1569 4404 1718 4474 princepe,
1741 4406 1793 4476 qai
1809 4407 1861 4463 aab
1873 4414 1901 4458 n

161 4491 214 4546 das
231 4507 282 4561 per
301 4495 439 4546 certorum
458 4489 615 4546 seculorum
635 4490 768 4546 decmene
790 4489 880 4546 durat.
905 4506 929 4545 c.
958 4490 1139 4583 thlpeeeata
1163 4492 1249 4562 qaam
1269 4509 1335 4562 repe
1361 4500 1460 4562 eponte
1486 4494 1600 4561 deputet.
1637 4491 1813 4564 Augustinus
1830 4494 1860 4551 in

160 4595 187 4632 v.
214 4581 245 4632 bt
271 4577 345 4631 Iride
376 4576 568 4648 inlellipt'mtta,
585 4584 769 4655 κατηρτίσθαι
796 4579 862 4640 τοὺς
887 4578 1861 4649 almrac.lPsalm.143:Eetmundus,9ttemfeeitDeut;ostmtta-

163 4667 188 4717 2.
206 4665 390 4739 empnam,
408 4663 580 4732 formaliter,
601 4671 629 4720 et
646 4664 759 4736 quidem
773 4663 928 4734 dupliciter,
942 4634 1088 4757 pri-idas,
1115 4682 1196 4736 quem
1221 4667 1294 4736 repit
1318 4665 1466 4731 diabolum,
1491 4666 1510 4720 i
1535 4682 1557 4721 e.
1581 4665 1734 4722 ditamur
1751 4668 1860 4723 maadi.

162 4766 208 4805 mo
222 4749 253 4803 ia
268 4756 381 4818 partem
401 4751 523 4804 mediam
542 4769 593 4821 pro
619 4751 827 4806 emnereatione
851 4759 878 4806 et
902 4753 997 4807 condi·
1009 4780 1012 4843 p
1024 4751 1102 4806 Idem
1119 4752 1164 4807 vel
1183 4751 1343 4823 quicunque
1356 4752 1427 4808 alius
1436 4757 1534 4808 auctor
1549 4750 1612 4806 libri
1631 4751 1666 4806 de
1683 4752 1859 4824 agonucbsi·

163 4837 236 4890 mone
256 4837 402 4889 mundana
419 4835 447 4889 in
466 4835 520 4890 hac
539 4837 605 4904 vita,
624 4854 675 4907 pro
690 4836 783 4902 rebus,
806 4854 877 4908 qnae
895 4837 924 4893 in
945 4839 997 4894 hoc
1009 4866 1013 4931 p
1024 4836 1074 4892 eti:
1092 4839 1161 4892 Non
1178 4838 1220 4893 eie
1235 4838 1367 4894 diabolas
1394 4846 1527 4905 caemar,
1556 4839 1625 4908 qeeia
1649 4839 1711 4908 ipre
1730 4847 1772 4894 eet
1788 4840 1860 4894 deas

162 4923 266 4978 mundo
285 4927 429 4993 geruntur.
458 4922 526 4977 Luc.
547 4928 588 4991 20,
606 4942 632 4978 v·
651 4928 698 4979 34:
716 4924 791 4979 Filii
808 4923 893 4995 hujus
910 4924 1000 4979 secali
1010 4942 1012 4955 ·
1024 4923 1108 4992 hujus
1129 4924 1235 4993 maadi,
1252 4927 1304 4979 aed
1316 4924 1453 4996 princepe
1472 4925 1658 4995 mpietatem
1676 4941 1783 4991 aarum,
1797 4925 1860 4996 qui·

162 5008 269 5063 nutam
288 5016 315 5063 st
331 5007 434 5079 nuptui
448 5009 608 5074 hadamar,
628 5007 647 5064 i.
667 5025 691 5064 e.
709 5009 758 5080 qni
775 5007 867 5065 adhuc
892 5009 996 5065 anima·
1024 5010 1073 5064 lue
1092 5010 1301 5080 concupiscitur·
1323 5028 1411 5081 omne,
1437 5014 1515 5083 qaod
1537 5011 1648 5077 mansi,
1672 5020 1703 5065 at
1725 5010 1860 5082 eimlljo·

163 5094 218 5149 lem
233 5100 262 5149 et
280 5093 435 5150 naturalem
448 5092 478 5148 in
493 5093 575 5148 terris
589 5092 676 5149 vitem
687 5100 784 5165 agunt,
797 5093 899 5166 quibua
912 5111 997 5166 oppo-
1024 5105 1113 5165 eeant,
1130 5096 1180 5166 qai
1195 5096 1339 5166 neplipant
1356 5105 1502 5152 ammam
1518 5099 1611 5152 Dalm
1630 5105 1657 5152 et
1674 5097 1799 5168 dilimmt
1816 5099 1860 5153 ia·

163 5183 267 5236 nuntur
283 5180 341 5247 filii
354 5180 571 5236 resurrectiones
590 5199 616 5236 v.
629 5184 670 5235 36.
691 5179 740 5252 qui
760 5180 843 5249 dipni
861 5182 998 5235 habentur
1023 5181 1139 5237 etalilia
1164 5198 1200 5235 ac
1222 5182 1378 5238 maetam.
1424 5182 1526 5240 Glossa
1547 5181 1688 5240 eminmir
1712 5183 1741 5237 in
1765 5198 1790 5238 c.
1819 5188 1859 5240 11.

162 5266 258 5322 recula
273 5268 374 5332 tietaro·
390 5271 420 5322 et
435 5266 637 5323 resurrectione
654 5281 689 5320 ex
707 5266 823 5320 mortuis
850 5265 889 5321 ud
912 5266 998 5320 ritum
1023 5267 1130 5340 Apoct
1154 5267 1210 5322 Eat
1232 5270 1368 5337 mandas,
1386 5269 1469 5339 cujas
1493 5270 1573 5324 Deae
1599 5277 1640 5323 ert
1664 5275 1795 5334 creator;
1819 5276 1860 5323 eet

162 5351 275 5407 beatam
291 5369 316 5408 r.
337 5358 379 5410 ³5.
425 5350 699 5418 statuerimus,
720 5356 863 5421 nuper
884 5352 998 5422 princi-
1024 5355 1155 5422 mandas,
1174 5353 1257 5423 cajus
1283 5355 1363 5409 Dens
1387 5363 1428 5409 est
1458 5355 1635 5424 redemptam
1665 5362 1708 5409 ert
1730 5355 1861 5423 mcum,

158 5453 213 5507 per
232 5437 315 5507 laetias
333 5438 423 5494 cearli
440 5437 633 5510 intelliguntur
651 5445 710 5493 tum
721 5436 857 5510 potentia,
876 5444 935 5492 tum
955 5455 998 5492 sa·
1010 5482 1014 5510 ,
1026 5440 1107 5510 apae
1127 5439 1218 5494 Satan
1238 5447 1278 5496 eet
1295 5443 1435 5496 reductor.
1453 5440 1603 5497 ‹lobllnaa
1619 5439 1668 5498 lib.
1688 5440 1723 5497 dc
1745 5439 1860 5497 Anticb.
