4050 6014
257 302 294 358 76
913 278 1146 339 TRACTATUS
1160 275 1325 334 TERTIUS

255 445 336 517 ginta
354 461 417 506 sex.
446 459 529 514 quem
547 456 692 498 numerum
712 439 781 495 dant
798 438 896 495 literae
913 443 993 494 aents
1012 441 1095 491 natu·
1122 435 1199 490 circa
1219 432 1320 488 Christi
1342 431 1515 486 nativitatem
1534 427 1603 495 luit,
1627 427 1748 481 rationes
1772 424 1910 497 quasdam
1931 423 1959 479 in

255 530 307 586 reli
325 529 463 601 positione
478 527 643 583 indictione
660 528 806 590 adamus,
825 530 855 580 et
870 531 1016 594 emergunt
1030 521 1096 578 anni
1122 518 1307 591 prognosticis
1326 517 1384 572 suis
1404 515 1470 571 anni
1486 512 1740 583 restringuunt,
1760 510 1835 566 diem
1846 508 1959 565 Domini

259 622 340 680 1551,
359 613 435 669 hisce
453 613 622 670 addiderunt
639 611 731 667 adhuc
752 615 794 677 21,
817 609 870 665 boc
889 616 931 664 est
950 624 1095 664 numerum
1122 605 1261 675 praesenti
1285 602 1370 658 aetati
1394 599 1633 672 appropinquare,
1654 596 1779 652 Bcdinus
1803 594 1855 651 lib.
1876 601 1899 652 1.
1925 593 1959 650 de

256 702 399 756 literarum
424 699 453 754 in
480 697 602 753 dictione
626 697 749 761 domini,
775 701 804 752 et
829 694 888 749 exit
912 711 1001 749 annus
1020 696 1095 750 1010.
1121 691 1294 747 daemonem.
1314 707 1337 744 e
1357 696 1380 744 0.
1418 688 1500 744 Circa
1517 685 1601 741 finem
1618 684 1706 740 seculi
1723 683 1847 755 proxime
1872 679 1960 752 elapsi

258 785 378 851 Quidem
395 783 476 840 annis
498 789 564 840 taes
588 799 622 838 ex
642 781 734 836 verbis
756 782 893 835 00000000
923 779 1044 835 Domini
1068 783 1097 833 et
1123 777 1228 833 editum
1246 784 1289 832 est
1306 775 1438 847 scriptum
1456 772 1572 844 aliquod
1590 770 1643 825 sub
1662 769 1728 827 ficto
1742 769 1856 826 nomine
1871 767 1960 823 aasz·

258 873 319 926 dies
347 870 583 926 abbreviabuntur
606 868 681 923 dicta
704 866 812 922 ratione
834 865 958 922 collectis
983 863 1096 919 addide·
1122 864 1195 917 bertr·
1211 861 1417 933 Therosopsda's',
1436 859 1486 931 qui
1503 856 1629 915 definivit
1645 861 1769 929 extremo
1787 854 1844 910 disi
1857 870 1961 910 annum

257 961 323 1012 runt
344 970 432 1011 annos
458 955 512 1011 100Ι
530 969 563 1010 en
583 952 675 1010 verbis
697 960 818 1024 propter
840 951 964 1007 eLectoa
993 956 1095 1012 erutos,
1125 951 1199 1005 1000.
1217 953 1240 1002 3.
1258 946 1372 1017 Aprilis.
1395 944 1516 1011 Quidem
1535 942 1609 1005 hune
1627 957 1772 997 numerum
1786 939 1961 1011 collegas-unt

258 1041 305 1111 qui
326 1039 506 1096 coniecerunt
523 1055 610 1094 annos
632 1043 707 1102 1010,
732 1053 822 1108 aquo
839 1052 954 1092 numero
972 1034 1095 1089 abstule·
1122 1034 1176 1090 hac
1188 1034 1303 1100 maone,
1323 1039 1356 1089 ιιι
1367 1031 1555 1103 quantitatem
1565 1026 1773 1092 decertationis,
1790 1041 1864 1095 quas
1875 1022 1960 1080 donst

258 1133 324 1180 runt
347 1134 439 1192 aents,
466 1124 519 1180 boo
544 1131 586 1180 est
609 1128 651 1181 00.
676 1139 759 1194 quem
782 1122 851 1178 dant
875 1120 928 1177 hae
952 1120 1049 1175 literae
1067 1119 1096 1173 in
1122 1119 1181 1175 lieri
1199 1125 1314 1190 propter
1333 1117 1446 1185 electos,
1470 1131 1553 1171 asex
1569 1113 1645 1170 mille
1664 1114 1745 1168 annis
1763 1111 1890 1168 iacerent
1904 1111 1960 1167 cir·

260 1211 383 1267 dictione
405 1212 556 1279 docatus,
580 1222 608 1264 et
632 1208 749 1279 emergit
773 1225 862 1263 annus
882 1212 963 1270 1001,
986 1205 1096 1260 initium
1123 1206 1192 1262 oiter
1209 1210 1259 1262 100
1279 1220 1382 1268 anuos,
1405 1210 1438 1258 ut
1459 1202 1513 1255 hac
1530 1200 1639 1256 uticus
1657 1199 1745 1256 exiret
1769 1213 1864 1252 annua
1884 1199 1960 1254 1000.

261 1297 327 1351 anni
349 1300 423 1364 1000,
443 1295 478 1352 de
497 1310 553 1366 qno
568 1296 629 1365 jam
649 1293 715 1349 olim
733 1294 773 1348 sio
794 1293 968 1348 cecinerunt:
1123 1291 1169 1346 rel
1192 1295 1266 1363 1012.
1302 1287 1412 1344 inventi
1438 1286 1530 1354 00000,
1559 1285 1607 1357 qui
1635 1283 1739 1340 Christi
1765 1281 1889 1341 reditum
1914 1296 1960 1336 er·

1123 1377 1304 1448 spectandum
1324 1374 1462 1441 dixeram,
1480 1371 1591 1445 quando
1605 1386 1735 1426 numerus
1747 1384 1885 1425 annornm
1897 1382 1961 1422 oon·

297 1449 382 1503 Mille
402 1449 485 1503 arinis
503 1465 606 1514 verum,
626 1447 792 1516 hujusmodi
810 1464 865 1501 nors
878 1447 942 1515 fuit
961 1446 1077 1500 coetum.
1122 1468 1207 1534 &Mi
1223 1465 1264 1516 aa
1282 1462 1403 1530 quim
1422 1459 1541 1514 mm
1564 1455 1716 1513 (10οὼ00ιο
1732 1470 1816 1510 cruce
1839 1452 1961 1525 pendeu-

302 1536 412 1589 Veteree
433 1535 540 1589 dudum
558 1534 662 1601 diuers,
682 1533 733 1587 boc
753 1549 827 1586 anuo
847 1532 942 1586 omnia
960 1530 1065 1599 lugere,
1124 1549 1169 1614 ὼ,
1189 1565 1262 1604 mm
1282 1544 1595 1604 30515002mundigggg¹
1615 1540 1787 1599 mutim
1799 1546 1961 1609 mmm.

297 1621 331 1675 Si
348 1620 448 1674 mundi
459 1621 547 1689 ficem
565 1636 621 1673 nors
641 1618 766 1685 babebis,
786 1618 1020 1687 permutationem
1040 1634 1097 1669 ma·
1125 1635 1178 1690 du,
1198 1633 1298 1688 fuine,
1316 1631 1412 1687 mundi
1432 1629 1495 1685 fini,
1512 1646 1587 1684 „mo
1607 1627 1711 1683 (mg
1729 1631 1804 1683 1505,
1840 1623 1960 1690 quidm

469 1722 554 1773 Μ’*
571 1704 685 1759 ”idm
1123 1738 1157 1777 ex
1178 1719 1262 1774 verbo
1281 1718 1427 1784 iudicim,
1443 1716 1473 1770 in
1493 1730 1549 1787 quo
1566 1729 1660 1769 omnes
1679 1712 1775 1767 literae
1787 1718 1854 1766 sunt
1868 1725 1961 1765 nume

398 1825 484 1882 ιιιιειιιι
501 1839 564 1879 uun
582 1822 685 1893 idreiht
704 1823 779 1890 1588,
1124 1806 1205 1873 rales,
1223 1804 1403 1874 collegerunt,
1419 1817 1492 1857 enno
1510 1805 1582 1856 1010.
1601 1805 1754 1855 extremum
1767 1795 1908 1867 judicium
1920 1794 1961 1849 in·

397 1909 455 1965 Sui
473 1909 504 1977 ιιι
521 1909 569 1964 but
586 1908 670 1977 ξιιιιιι,
687 1907 713 1975 ιο
731 1907 784 1963 tnui
802 1905 921 1975 tetradi.
1124 1890 1304 1947 affluendum·

397 1993 476 2064 010001
495 1994 566 2050 bonu
584 1993 622 2049 hir
640 1993 712 2052 Steti
730 1992 797 2063 ιιιιιιι
815 1993 899 2058 uuirt,
1159 1983 1199 2033 ts.
1236 1975 1291 2031 Sed
1309 1973 1409 2029 horum
1426 1972 1548 2027 omnium
1567 1970 1688 2025 calculos
1714 1972 1831 2024 eventus
1855 1973 1962 2023 contra·

398 2079 441 2136 6,
459 2078 570 2150 ΨΜ,
588 2079 645 2148 hod
661 2078 727 2146 50„st
744 2084 806 2148 qm
824 2077 946 2135 {pum
1125 2063 1183 2117 rius
1203 2062 1286 2133 piane
1308 2059 1494 2122 conturbavit,
1514 2057 1589 2130 quod
1603 2058 1692 2127 ipsum
1706 2054 1886 2111 metuendum
1898 2053 1963 2120 illis,

1125 2148 1172 2218 qui
1193 2151 1300 2202 certum
1317 2145 1438 2216 aliquem
1458 2144 1593 2199 currentis
1612 2141 1764 2197 centemrii
1787 2157 1893 2196 annum
1918 2156 1964 2195 ex·

261 2232 435 2290 Tribunatur
452 2239 546 2288 autem
571 2233 599 2288 hi
619 2232 750 2289 versiculi
774 2232 895 2288 ethaeo
917 2232 980 2302 ipsa
1004 2230 1098 2301 opinio
1125 2240 1213 2288 tremo
1227 2231 1335 2303 judicic
1353 2229 1476 2301 praecise
1502 2228 1653 2298 assignant.
1689 2225 1858 2281 Eustachius
1876 2224 1961 2295 Peyr-

261 2319 392 2373 Jotoam'
411 2320 632 2386 Bsosomoatuso
651 2318 860 2387 mathematico,
881 2319 930 2388 qui
954 2315 991 2373 ob
1013 2316 1098 2373 maai·
1125 2319 1209 2375 aelius
1233 2319 1263 2374 in
1286 2316 1357 2371 libro
1383 2314 1550 2371 Germanico
1574 2312 1780 2369 demutatione
1805 2318 1963 2382 temporum

263 2419 336 2457 mam
361 2403 583 2473 conjunctionem
606 2403 690 2458 trium
703 2429 708 2438 ·
721 2404 894 2473 superiorum
922 2402 1098 2473 planetarum
1126 2405 1177 2460 has
1195 2402 1300 2475 protere
1317 2401 1501 2470 coniecturas.
1534 2399 1618 2454 Anno
1637 2403 1679 2453 10.
1698 2403 1761 2467 post
1779 2397 1899 2467 primum
1915 2414 1962 2466 pa·

263 2488 385 2558 Saturni,
404 2488 492 2557 iovis,
505 2487 611 2556 Martis,
624 2487 713 2543 sinon
724 2487 845 2557 liudem,
856 2495 949 2544 nmen
962 2488 1100 2559 insignem
1126 2489 1193 2546 soba
1215 2488 1320 2544 interiit
1336 2487 1354 2542 J
1357 2485 1463 2556 ericho;
1491 2501 1565 2541 anno
1584 2490 1625 2542 10.
1649 2491 1713 2555 post
1730 2482 1837 2541 Christi
1859 2482 1965 2553 pascha

264 2573 405 2644 quandam
422 2574 605 2630 mutationem
624 2574 728 2631 mundo
742 2573 884 2630 imminere
895 2571 1100 2644 praesagiebat
1127 2577 1287 2631 devastatur
1315 2572 1522 2642 Hierosolyma3
1554 2586 1627 2625 anno
1653 2575 1694 2627 tt.
1720 2575 1784 2640 post
1809 2568 1963 2625 Nicaenum

264 2659 404 2730 Casparne
421 2659 572 2716 Bruscbius
592 2659 642 2716 hos
661 2659 808 2730 rhythmos
828 2658 869 2716 sic
885 2660 981 2715 vertit:
1128 2661 1283 2729 concilium,
1308 2660 1337 2714 iu
1356 2675 1412 2730 quo
1430 2657 1534 2728 paseha
1551 2657 1664 2711 tertium
1681 2666 1812 2725 respectu
1828 2654 1964 2709 festivita·

1128 2749 1165 2802 tia
1182 2745 1365 2802 celebrandae
1382 2744 1563 2800 constitutum
1581 2749 1638 2806 eat,
1664 2741 1730 2798 urbs
1747 2741 1856 2798 Nicaea
1874 2747 1967 2799 terras

298 2831 369 2884 Post
390 2829 468 2884 mille
488 2829 614 2898 expletos
634 2848 653 2884 o
668 2839 762 2898 partu
785 2831 911 2898 Virps'ss's
928 2848 1026 2898 oecos,
1128 2840 1204 2889 motu
1222 2848 1319 2888 eversa
1338 2838 1392 2894 θοις
1416 2845 1488 2886 auno
1505 2836 1547 2885 10.
1568 2835 1632 2899 post
1649 2827 1839 2884 001000001οω
1857 2825 1966 2897 (drage

333 2917 374 2970 Et
391 2924 457 2984 poti
476 2917 641 2984 qmspsrcos
654 2933 755 2971 rursm
772 2917 810 2971 ab
827 2916 893 2970 orbo
911 2919 1002 2983 delos,
1128 2921 1237 2975 riunum
1257 2935 1329 2973 auno
1350 2921 1425 2974 1081.
1445 2914 1559 2983 editum,
1586 2931 1641 2986 quo
1659 2914 1761 2969 iterum
1781 2911 1855 2968 aliua
1866 2912 1968 2969 'termi-

304 3001 495 3068 Octogsar'mas
513 3007 628 3057 octavus
645 3002 788 3057 mirabiia's
806 3019 898 3057 casua
1128 3022 1181 3060 nus
1199 3002 1337 3075 paschaiis
1355 3002 1462 3072 positus
1480 3006 1531 3068 est,
1550 2998 1674 3054 interibit
1690 3004 1765 3052 totus
1779 2998 1909 3064 muudus,
1927 2997 1967 3052 sic

335 3085 461 3155 ingruet,
478 3087 504 3141 s'a
524 3101 617 3143 secam
633 3087 729 3142 tristia
748 3089 837 3142 multo
855 3088 956 3142 trudet.
1129 3107 1197 3161 ergo
1221 3089 1284 3145 linis
1310 3087 1404 3145 muudi
1428 3088 1513 3157 juxta
1534 3085 1609 3142 hunc
1637 3090 1780 3139 auctorem
1806 3083 1912 3141 ineidat
1937 3083 1968 3137 in

303 3172 337 3225 Si
352 3189 408 3227 cors
427 3172 478 3227 hoc
496 3190 571 3228 cauo
588 3181 662 3228 totus
682 3174 774 3228 molus
794 3174 899 3228 occidet
919 3175 1003 3241 ordia,
1129 3193 1233 3231 annum
1265 3179 1339 3232 1021.
1375 3172 1496 3237 Quidam
1522 3177 1685 3240 computant
1708 3186 1796 3225 anuos
1824 3184 1842 3223 a
1867 3169 1970 3240 Moyse

337 3256 371 3312 Si
390 3275 446 3313 nors
464 3259 495 3312 irs
515 3259 636 3313 nihilum
654 3266 735 3312 terro
752 3261 911 3328 fretumque
930 3266 1027 3325 roesa-
1130 3277 1220 3333 usque
1237 3260 1274 3316 ad
1288 3259 1436 3326 Christum,
1455 3258 1503 3328 qui
1521 3257 1553 3313 iu
1567 3255 1665 3312 diebus
1683 3256 1774 3310 carnis
1793 3270 1862 3310 suae
1876 3261 1969 3312 tutum

306 3340 413 3397 Cuoetu
431 3351 523 3398 mnaso
543 3344 643 3399 mundi
660 3361 770 3397 surssm
783 3345 861 3399 ibant
874 3352 958 3414 atque
971 3346 1103 3399 deorsam
1130 3347 1236 3403 cultum
1259 3344 1410 3400 Mosaicum
1435 3341 1595 3413 abrogavit,
1622 3341 1670 3412 qui
1696 3340 1773 3396 luere
1801 3345 1882 3409 1000,
1912 3340 1973 3396 illia

335 3429 465 3498 Imperia
480 3439 508 3484 st
525 3430 618 3484 luctus
635 3431 759 3498 0000000
776 3432 897 3500 prandia
917 3431 979 3484 srr't.
1130 3434 1239 3490 addunt
1253 3447 1342 3486 annos
1359 3435 1408 3495 40,
1431 3428 1532 3501 quibus
1551 3427 1694 3483 institas
1718 3427 1814 3497 vagati
1838 3425 1920 3482 fuas
1940 3427 1971 3483 iu

1131 3520 1249 3585 deserto,
1266 3515 1341 3572 unde
1357 3515 1474 3585 emergit
1489 3529 1578 3569 annus
1598 3517 1672 3568 1030.
1693 3528 1748 3583 quc
1765 3511 1850 3567 finem
1870 3512 1972 3568 mundi

268 3600 324 3654 Alii
342 3616 375 3654 ex
399 3600 455 3657 alic
479 3600 617 3672 principio
638 3601 714 3656 huuc
736 3618 880 3657 numerum
905 3601 1028 3657 eliciunt
1065 3601 1105 3658 Ut
1131 3602 1346 3674 exspectandum
1365 3606 1487 3655 censent.
1514 3598 1633 3662 Quidam
1651 3615 1756 3653 annum
1767 3597 1870 3653 Christi
1891 3600 1970 3655 1000.

269 3687 343 3742 eninr
364 3686 401 3741 ab
423 3685 606 3757 emigratione
630 3687 821 3745 lsra'tlitarum
844 3705 878 3743 ex
901 3690 1034 3760 Aegypto
1066 3688 1104 3743 ed
1131 3689 1234 3746 mundo
1243 3687 1355 3743 fatalem
1372 3691 1402 3740 et
1415 3684 1602 3756 exsequialem
1620 3681 1680 3737 iore
1697 3683 1810 3738 incertia
1827 3683 1973 3753 conjectu·

270 3780 366 3826 natum
384 3770 526 3826 Christum
542 3773 744 3842 praeterierunt
757 3774 823 3828 anui
847 3778 921 3836 1010,
948 3773 988 3829 sic
1004 3790 1022 3829 a
1039 3780 1105 3828 nato
1131 3777 1169 3832 ria
1189 3773 1313 3845 persuad
1331 3770 1509 3827 arbitrantur.
1535 3770 1656 3836 Quidam
1671 3768 1810 3825 referente
1827 3769 1973 3841 Chytraeo

269 3855 382 3925 Christo
401 3856 438 3910 ad
456 3856 679 3914 reformationem
697 3857 877 3915 ecclesiarum
893 3876 912 3914 a
928 3859 1053 3917 Luthero
1076 3860 1105 3914 iu
1133 3862 1165 3916 in·
1189 3877 1287 3916 ccmm.
1313 3875 1336 3912 c.
1366 3863 1390 3913 0.
1426 3856 1529 3912 Canos.
1557 3855 1741 3926 hypotheseos
1770 3855 1831 3910 loco
1860 3855 1889 3910 iu
1919 3872 1975 3911 sua

271 3941 421 3999 Germania
451 3940 555 3999 iactam
584 3942 700 3999 totidem
726 3960 815 3999 anuos
841 3952 999 4011 recensent,
1030 3945 1105 4000 hisce
1133 3947 1337 4017 computatione
1355 3951 1501 3999 assumunt
1520 3941 1626 3996 dictum
1643 3940 1745 3996 Christi
1762 3941 1859 3998 Mattb.
1879 3947 1924 4011 24,
1944 3959 1972 3997 r.

271 4027 380 4083 addunt
398 4043 495 4097 anuos,
519 4029 567 4099 qui
586 4045 604 4084 a
623 4028 725 4085 Christi
745 4030 892 4087 nativitate
909 4031 947 4085 ad
963 4032 1037 4086 illius
1057 4030 1106 4086 ba·
1134 4039 1176 4090 31.
1212 4032 1280 4087 Luc.
1302 4037 1344 4096 11,
1361 4047 1388 4083 r.
1403 4033 1449 4085 2οι
1472 4029 1551 4082 Sicut
1569 4036 1632 4081 erut
1648 4028 1679 4080 in
1698 4027 1796 4080 dicim
1815 4028 1909 4098 Nono,
1930 4030 1976 4082 s‘tu

270 4113 402 4183 ptisruum
419 4120 615 4178 numerantur,
639 4114 769 4170 videlicet
786 4121 818 4173 00
835 4124 864 4171 01
882 4122 914 4173 12
934 4133 1033 4186 annos,
1058 4118 1107 4188 qui
1134 4128 1160 4173 et
1178 4121 1231 4173 srr't
1247 4119 1382 4171 aduentus
1403 4115 1477 4169 iilis·
1494 4114 1623 4178 hominis,
1641 4121 1671 4167 et
1686 4113 1753 4184 quia
1770 4130 1788 4167 a
1805 4112 1901 4168 mundi
1913 4129 1977 4169 cre-

271 4198 336 4254 inde
353 4213 441 4269 usque
465 4199 502 4254 ad
519 4199 733 4271 Hierosolymae
756 4201 892 4257 excidium
918 4209 1107 4269 numerantur,
1134 4207 1226 4261 atione
1250 4220 1338 4275 usque
1359 4202 1396 4257 ad
1421 4200 1556 4256 diluvium
1577 4201 1785 4255 intervenerunt
1806 4201 1874 4255 anui
1892 4205 1978 4267 1000,

273 4284 322 4352 qui
340 4285 423 4338 simul
440 4284 548 4342 collecti
566 4285 699 4342 exhibent
715 4303 819 4341 aunum
837 4286 939 4343 Christi
959 4292 1032 4345 1000.
1058 4289 1108 4343 Jo-
1134 4292 1197 4347 ideo
1216 4289 1332 4345 totidem
1348 4304 1435 4343 annos
1459 4287 1583 4357 aprimo
1600 4285 1704 4341 Christi
1730 4286 1853 4341 adventu
1878 4301 1977 4358 usque

272 4370 378 4429 haeum
395 4369 505 4427 Erum
525 4372 645 4426 Arianos
663 4372 692 4427 iu
709 4373 781 4427 libro
804 4372 840 4428 de
861 4374 1034 4429 Antichristo
1055 4372 1108 4429 hac
1134 4377 1171 4433 ad
1197 4375 1350 4432 secundum
1379 4374 1465 4444 ipsius
1491 4372 1641 4427 adventurn
1665 4371 1863 4426 intercessuros
1891 4373 1974 4428 arbi·

273 4455 380 4511 ratione
403 4457 588 4527 progreditur.
625 4458 717 4517 Sumit
741 4475 844 4514 annum
872 4460 976 4517 Christi
999 4461 1108 4517 320.ιο
1135 4469 1250 4518 trautur.
1286 4459 1383 4515 Eidem
1407 4457 1544 4530 principio
1568 4456 1672 4511 insistit
1690 4457 1823 4513 Nicolaus
1841 4457 1978 4515 Cusanns

274 4558 358 4611 quem
382 4541 481 4596 incidit
504 4542 652 4599 concilium
676 4543 840 4610 Nicaeuum,
863 4546 937 4616 quod
960 4547 1014 4616 ipsi
1033 4547 1109 4602 vide·
1137 4549 1165 4604 in
1183 4548 1231 4603 lib.
1248 4547 1284 4601 de
1303 4548 1452 4616 conjector.
1473 4544 1574 4599 noviss.
1594 4543 1658 4598 diei.
1686 4543 1741 4598 Sed
1755 4543 1873 4613 quilibet
1885 4544 1979 4611 videt,

275 4634 322 4682 tur
341 4626 455 4697 impium
477 4634 506 4682 et
524 4627 553 4683 in
571 4627 663 4684 Deum
680 4630 924 4699 contumeliosum,
947 4631 976 4685 in
1001 4649 1033 4687 ec
1056 4639 1109 4687 eta·
1137 4635 1277 4690 Christum
1300 4633 1376 4704 loqui
1404 4648 1458 4685 nou
1486 4630 1521 4685 de
1545 4646 1659 4684 numero
1686 4646 1835 4698 annorum,
1862 4631 1912 4686 sed
1939 4633 1981 4687 de

275 4712 330 4767 tuit
355 4711 466 4767 initium
489 4715 574 4782 regni
589 4714 693 4769 batiae
719 4716 777 4772 eise
803 4717 988 4786 Antichrists‘,
1010 4717 1111 4788 quihus
1138 4720 1331 4777 conformitate
1354 4718 1428 4773 vitae
1451 4734 1485 4771 ac
1509 4733 1624 4771 morum.
1661 4716 1751 4772 Jcbus
1769 4716 1926 4772 Fintseiiua
1948 4725 1982 4774 et

274 4797 355 4855 anuis
374 4815 408 4854 ex
428 4797 501 4855 Dara
523 4805 563 4868 12,
582 4818 608 4853 v.
633 4807 671 4857 11.
696 4800 776 4856 addit
799 4818 887 4857 annos
911 4802 1016 4858 bestiae
1037 4810 1112 4872 1200,
1138 4808 1278 4878 Casparne
1303 4804 1465 4860 Coldrrurm
1489 4803 1518 4857 in
1543 4802 1672 4874 catalogo
1697 4802 1887 4874 prodigiorum
1917 4820 1981 4860 me·

275 4883 324 4955 qui
350 4883 406 4940 duo
432 4886 538 4940 numeri
563 4887 656 4955 juncti
682 4889 856 4945 constituunt
882 4905 986 4945 annum
1008 4889 1112 4945 Christi
1137 4897 1261 4958 morant,
1287 4907 1360 4945 anno
1386 4892 1459 4945 1000.
1491 4890 1520 4943 ιιι
1545 4889 1766 4959 Transsylvania
1796 4889 1872 4944 coelo
1904 4890 1985 4946 sudo

278 4973 350 5066 1000Ί
380 4968 410 5025 iu
426 4985 511 5039 quem
533 4969 602 5027 dicit
623 4971 723 5029 cadem
744 4972 828 5029 finem
850 4974 930 5045 regui
953 4974 1059 5031 badae
1084 4989 1113 5031 et
1138 4976 1325 5049 comparuisse
1366 4974 1417 5030 bas
1452 4975 1548 5030 literas
1587 4981 1615 5030 et
1643 4974 1712 5030 base
1744 4974 1837 5030 verba
1881 4974 1980 5035 mar.

275 5055 387 5111 inrtruur
403 5053 509 5111 instare
527 5057 737 5113 restaurationis
748 5059 883 5116 eccloeiae
895 5067 925 5115 et
935 5061 1001 5115 ucri
1016 5060 1112 5116 mundi
1138 5061 1270 5119 MDLVI.
1312 5060 1410 5115 IAHR
1440 5060 1506 5116 EIN
1533 5060 1636 5117 ENDE
1666 5059 1797 5116 Dmsse
1826 5060 1982 5118 REICHS.

276 5139 424 5236 chiliastici
450 5155 484 5194 ac
508 5141 684 5210 phantastici
728 5143 785 5199 Sed
810 5144 897 5201 hauc«
912 5144 1111 5215 blasphemiam
1138 5151 1180 5204 Ex
1197 5148 1253 5203 iilis
1264 5147 1372 5218 colligit
1383 5147 1767 5203 AdamusNacheunoserus.
1785 5147 1859 5203 diem
1873 5149 1983 5220 judicii

147 5250 203 5292 m,
217 5247 263 5292 ate.
275 5223 405 5321 imerali
420 5226 488 5295 igne
505 5227 582 5283 Deus
601 5229 752 5300 aliquande
772 5230 800 5286 iu
819 5231 880 5300 ipso
901 5231 1062 5287 vendicabit
1084 5239 1113 5287 et
1138 5240 1285 5290 venturum
1298 5250 1373 5289 anuo
1390 5238 1464 5288 1000.
1487 5231 1535 5287 Sic
1553 5239 1646 5286 autem
1661 5233 1849 5303 progreditur:
1873 5234 1983 5297 Quem·

275 5326 336 5407 rpss
361 5320 478 5369 eventus
498 5311 552 5375 hoc
575 5315 710 5370 somnium
736 5315 868 5372 falsitatis
893 5318 1019 5372 convicit.
1057 5318 1110 5388 Cy·
1139 5320 1288 5375 admodum
1299 5319 1406 5374 indicta
1417 5333 1508 5389 poena
1519 5317 1617 5372 diluvii
1631 5317 1708 5373 Deus
1721 5319 1757 5372 ad
1774 5319 1983 5389 poeniteutiam

276 5411 389 5494 prranus
407 5397 550 5455 Leovitius
569 5406 598 5456 et
623 5399 671 5455 alii
698 5399 885 5456 mathematici
911 5411 1025 5472 propter
1047 5418 1111 5457 con·
1138 5405 1277 5477 agendam
1301 5405 1497 5478 peccatoribus
1527 5421 1614 5458 annos
1634 5411 1684 5461 120
1709 5404 1801 5473 dedit3
1830 5407 1872 5460 ita
1898 5406 1983 5464 haud

271 5488 442 5551 junctionem
461 5484 584 5539 omnium
602 5486 776 5555 planetarum
794 5488 927 5556 iuaricta,
946 5489 1111 5559 qualisolim
1138 5499 1246 5561 praeter
1271 5492 1405 5548 rationem
1428 5492 1496 5557 erit,
1528 5491 1550 5544 si
1576 5490 1739 5559 dixerimus,
1768 5491 1824 5545 hoc
1848 5493 1986 5566 prodigio
