4050 6014
212 266 272 326 126
853 256 1082 318 moturus
1099 256 1264 317 TERTIUS

209 413 316 470 cunctis
333 412 388 468 Dei
403 413 520 470 vocibus
539 411 623 480 surdi,
647 413 875 485 inspirationibus
892 413 1039 470 insensibi·
1067 415 1182 470 rendum
1200 431 1306 482 vocem,
1322 429 1395 484 quse
1413 411 1585 467 audientium
1599 426 1681 466 sures
1691 410 1794 467 tinnire
1806 409 1902 468 uniet

209 500 258 569 les,
276 500 415 557 mundetis
431 500 549 559 rebelles
569 500 714 570 omnibus,
739 500 859 573 denique
878 499 997 573 flagellis
1014 507 1042 557 et
1066 501 1157 556 Lubiu
1186 502 1246 573 ejus
1269 498 1374 572 (inquit
1395 497 1492 554 Fssiee
1511 515 1535 556 o.
1553 499 1607 568 30.)
1634 499 1741 570 replete
1767 503 1834 553 sunt
1859 497 1904 553 in·

208 585 351 642 benefieiis
370 586 432 642 duri
452 593 480 642 et
495 587 597 658 ingrati
616 585 798 643 exstiterunt?
834 586 908 651 Quid
927 603 1039 658 respon-
1067 587 1230 659 dignstione
1261 590 1289 643 et
1317 585 1414 658 lingue
1446 585 1507 656 ejus
1537 584 1617 656 qussi
1647 583 1722 657 ignis
1756 585 1903 641 devorans.

210 670 327 742 debunt,
347 673 394 746 qni
412 673 452 728 ite
468 673 609 743 vixerunt,
629 688 661 728 so
680 674 704 728 si
722 689 780 729 non
797 689 858 728 esse
874 672 966 728 Deum
984 689 1040 728 ore·
1067 673 1134 740 Quis
1152 672 1226 745 ignis
1243 674 1284 727 its
1300 671 1444 728 comburet
1460 671 1533 727 siout
1549 666 1636 727 serbe
1660 670 1723 727 ills:
1758 669 1905 728 Discedite

209 756 361 815 didiseent‘?
380 757 427 830 qui
445 758 549 814 nullius
563 759 678 814 ulterius
696 759 735 815 rei
754 775 837 832 quem
849 759 955 830 proprii
967 775 1041 816 com·
1066 776 1143 814 eme
1161 758 1304 814 maledicti
1322 758 1463 830 inignem
1481 764 1633 827 oeternum,
1660 757 1708 829 qui
1724 763 1841 829 perstm
1859 763 1905 813 est

209 844 285 900 modi
310 850 338 900 et
363 844 514 915 voluptatis
539 844 675 902 retionem
701 844 876 901 habuerunt?
911 843 985 910 Quid
1002 845 1041 901 fu
1067 844 1179 903 diabolo
1205 850 1234 902 et
1252 845 1359 916 angelis
1383 843 1462 915 ejus?
1497 842 1521 899 0
1547 842 1686 898 infelicem
1711 842 1903 916 peccatorem!

208 929 288 985 oletis
306 930 357 998 (eit
373 929 471 985 'demes
489 946 512 985 e
534 931 586 997 10.)
609 930 640 985 in
663 930 708 986 die
735 930 902 988 visitationis
919 938 948 987 et
969 932 1041 988 cule-
1067 932 1098 986 Si
1119 932 1196 988 Deus
1222 930 1369 987 maledicet
1388 930 1455 997 tibi,
1480 930 1543 1002 quis
1564 929 1731 986 benedicet?
1758 928 1782 985 si
1805 929 1902 986 sDeo

208 1014 314 1070 mitstis
338 1015 373 1071 de
397 1016 481 1089 longe
504 1016 659 1074 venientis?
694 1015 741 1072 Ad
768 1019 848 1089 cujus
874 1016 1041 1087 confugietis
1067 1016 1266 1073 discedendum
1290 1015 1343 1070 tibi
1365 1018 1430 1086 erit,
1458 1014 1495 1070 sd
1519 1032 1603 1088 quem
1630 1014 1795 1087 confugies?
1822 1015 1848 1070 si
1872 1015 1903 1070 in

209 1100 342 1157 auxilium
360 1106 389 1156 et
404 1101 454 1157 ubi
482 1101 679 1174 derelinquetis
703 1102 820 1174 glorium
843 1107 977 1168 centnm,
1005 1119 1041 1160 ne
1066 1105 1161 1177 ignem
1179 1108 1330 1170 ueternum,
1349 1101 1461 1173 quando
1479 1101 1533 1158 erit
1551 1099 1634 1157 finis?
1658 1103 1688 1156 in
1706 1101 1834 1172 quolibet
1852 1101 1900 1158 bo·

210 1188 389 1245 incurvemini
409 1187 461 1243 sub
479 1189 590 1245 vinculo
611 1194 718 1245 etcum
735 1189 886 1247 interfectis
913 1189 1041 1245 cedatis?
1066 1208 1127 1246 rum
1153 1189 1300 1247 verborum
1323 1188 1410 1244 habes
1436 1188 1600 1259 plurimum,
1628 1189 1703 1260 quod
1726 1188 1850 1244 mmines
1874 1194 1902 1244 et

243 1274 389 1331 Postremo
417 1274 562 1331 considere
589 1274 738 1332 terribilem
764 1276 840 1331 illum
866 1276 1039 1343 sententium,
1067 1277 1178 1344 sentius,
1197 1277 1227 1331 in
1246 1277 1377 1345 discessu,
1394 1276 1423 1330 in
1441 1274 1643 1341 meledictione,
1665 1274 1695 1330 in
1713 1275 1788 1346 igne,
1810 1274 1840 1329 in
1858 1290 1901 1331 so·

210 1376 294 1432 quem
310 1359 399 1431 judex
417 1366 514 1418 contre
531 1361 620 1418 mulos
638 1360 812 1429 fulminabit,
836 1367 864 1418 et
882 1361 958 1419 illem
975 1361 1040 1420 hor·
1065 1363 1175 1434 eistete,
1194 1363 1244 1418 sed
1261 1378 1329 1435 prus
1346 1360 1474 1419 omnibns
1492 1362 1522 1417 in
1539 1360 1600 1434 ipsu
1617 1361 1788 1418 esternitute
