4050 6014
262 252 323 311 216
920 242 1149 303 messurus
1169 242 1338 312 QUINTUS
1359 249 1367 311 ἒ,

261 400 393 467 sonores,
413 402 444 455 in
461 401 529 455 illos
548 401 688 465 hommes,
711 400 743 454 in
759 401 827 456 illos
844 401 957 455 ameni
972 401 1097 456 incendii
1123 400 1189 455 dam
1208 404 1319 472 expetat
1336 416 1370 454 ec
1387 399 1518 468 devoret3
1544 399 1593 454 sed
1616 398 1684 470 quia
1707 398 1745 454 de
1761 413 1856 470 poena
1882 399 1968 470 impi-

261 486 412 556 erucialas,
431 489 461 540 in
471 488 540 541 illas
550 487 669 559 denique
681 487 850 541 immortalis
857 489 957 541 nortis
966 489 1096 542 nemas
1124 504 1202 542 orum
1220 488 1260 541 ihi
1275 486 1375 557 egitir,
1393 486 1456 541 ideo
1474 485 1669 556 potestatium
1690 485 1726 543 de
1740 485 1850 541 inferno
1864 486 1967 557 accipi,

260 582 400 640 ponerent
417 591 475 629 esse
493 576 665 628 muetos!
685 580 736 628 etc.
1122 573 1152 628 in
1172 590 1255 645 quem
1272 573 1351 644 impii
1363 578 1427 642 post
1439 578 1556 628 mortem
1569 570 1751 629 descendunt.
1768 571 1964 644 Hieronymus

129 669 149 708 4·
169 667 204 706 ex
219 667 247 706 ¹¹·
297 665 335 715 15.
371 667 395 717 4.
413 662 460 714 Ee
478 661 635 716 Salomone.
653 660 784 716 Proverb.
804 666 829 724 9,
847 677 873 714 v.
892 661 954 715 ult:
973 662 1097 716 Adulter
1123 660 1151 713 in
1177 676 1274 714 comm.
1299 658 1373 713 illius
1395 659 1463 715 loci:
1491 659 1631 728 infernus
1647 658 1774 711 enimam
1791 659 1897 713 ladem
1919 660 1965 714 ds·-

129 719 238 811 ffissoffi
260 749 381 814 isserat,
407 748 541 816 quodibi
558 748 616 801 sint
633 748 737 801 mortui
755 754 782 799 et
799 748 877 815 quod
895 749 926 800 s'n
938 749 1096 817 profundis
1122 746 1204 811 citur,
1228 763 1284 800 non
1309 748 1388 815 qrsod
1409 743 1519 799 animal
1544 745 1591 810 sit,
1621 745 1673 797 sed
1699 746 1777 813 quod
1800 745 1896 799 verbm
1914 747 1964 800 ta-

158 868 162 873 ·
260 835 371 898 inferni
387 835 519 888 concinas
538 835 600 904 ejus
621 835 688 900 (non
716 832 831 903 cogitat,
852 833 928 905 quod
955 850 1045 905 vagae
1067 841 1097 889 et
1122 848 1222 886 manae
1245 832 1456 885 eonsumudinis
1478 846 1574 885 rerum
1598 830 1803 884 insumitiliam
1823 830 1966 901 enpmma·

261 919 373 975 illicitae
392 919 522 975 libidines
540 919 706 989 temporales
730 923 759 974 et
778 926 905 975 aeternas
925 936 1030 992 poenes
1047 921 1096 976 ho·
1123 936 1183 972 mus
1209 920 1352 989 affectum,
1383 919 1461 986 qssod
1490 917 1663 971 insatiabilis
1690 916 1729 971 sil
1760 925 1787 972 st
1818 935 1965 988 smnquam

260 1007 327 1060 mini
346 1008 509 1074 accersant).
546 1006 628 1062 Prov.
650 1012 688 1071 15,
708 1023 734 1060 r.
756 1011 802 1062 11:
828 1008 967 1071 Infernas
990 1015 1016 1061 et
1030 1024 1095 1079 per·
1122 1012 1295 1059 montuosum
1317 1003 1498 1058 multitudine
1527 1005 1694 1073 eapientem.)
1729 1003 1794 1060 lisa
1822 1010 1864 1076 14,
1890 1022 1918 1061 v.
1934 1012 1964 1062 9:

261 1093 333 1145 ditio
356 1109 452 1146 coram
464 1094 596 1147 Domino
621 1089 729 1161 (confer
747 1107 820 1162 quae
838 1091 915 1147 dicte
934 1099 999 1147 sunt
1017 1093 1039 1158 ξ.
1060 1095 1095 1160 8).
1122 1089 1260 1154 Infernas
1277 1092 1408 1144 deorsum
1427 1091 1607 1144 conturbatus
1627 1099 1668 1144 est
1680 1099 1801 1161 propter
1819 1099 1847 1146 te
1864 1092 1898 1145 s'n
1919 1110 1964 1147 oe·

260 1197 285 1233 v.
306 1183 347 1234 24.
384 1180 435 1232 Via
457 1179 532 1233 ultae
556 1188 595 1232 est
616 1180 737 1247 desuper
755 1177 965 1248 intellipsnten,
990 1188 1022 1233 ut
1048 1182 1096 1233 de·
1123 1192 1235 1230 cursum
1252 1179 1389 1230 aduentus
1408 1177 1459 1243 tui,
1478 1177 1624 1231 metavit
1642 1177 1696 1232 tibi
1714 1185 1849 1246 mosmos,
1867 1195 1966 1233 omnes

260 1266 344 1319 clinet
362 1267 398 1318 ab
416 1267 532 1330 inferno
549 1265 693 1329 interiori.
721 1280 781 1334 cap.
805 1270 844 1332 19,
864 1269 955 1323 ura:
983 1267 1095 1320 Parate
1122 1263 1215 1316 lassos
1240 1272 1333 1317 terrae
1360 1279 1476 1332 surpere
1495 1264 1571 1332 jecit
1599 1266 1636 1318 de
1662 1263 1746 1339 sols'is
1768 1263 1838 1333 suis,
1866 1283 1966 1321 omnes

259 1360 323 1405 eunt
351 1352 525 1405 derisoribus
556 1352 674 1420 judicia
707 1358 733 1405 et
754 1349 952 1419 permissiones
982 1353 1097 1421 corpori
1121 1349 1576 1419 reserpentium.v.10.0mnes
1594 1352 1643 1405 s'sti
1659 1351 1767 1405 dehent
1782 1361 1964 1423 monensi

258 1438 416 1494 stultorum.
436 1438 578 1507 (Epicurei
593 1443 622 1492 et
635 1443 803 1507 empaectee,
822 1454 893 1510 quos
906 1437 1038 1494 Salomon
1050 1438 1096 1494 hic
1122 1436 1216 1490 diesne
1234 1439 1276 1490 ad
1288 1446 1327 1490 te:
1350 1437 1449 1490 Etiam
1466 1444 1498 1490 tu
1517 1436 1682 1490 uulneratus
1699 1453 1730 1490 es
1744 1437 1818 1492 siem
1835 1456 1897 1505 nos,
1914 1456 1964 1494 no·

258 1523 382 1594 appellet
401 1509 505 1587 Ε’Σξ,
532 1537 593 1579 sero
619 1523 733 1578 tandem
751 1523 890 1578 infernum
910 1539 971 1578 esse
989 1524 1094 1593 experi·
1121 1523 1163 1575 bis
1181 1523 1354 1578 asdmilatus
1371 1540 1409 1592 es,
1432 1539 1458 1577 a.
1478 1528 1517 1579 11.
1545 1526 1683 1604 murense
1702 1530 1743 1577 est
1759 1526 1801 1578 ad
1814 1525 1965 1591 infensum

141 1610 184 1651 XX·
200 1610 244 1651 15⁸·
258 1616 352 1663 mento
364 1610 485 1677 credent,
505 1608 552 1679 qui
561 1609 647 1663 vitem
659 1614 804 1664 aeternam
814 1609 928 1664 credere
937 1609 1093 1664 noluerunt
1120 1609 1254 1678 superbia
1284 1617 1348 1678 tua,
1385 1610 1510 1663 concidit
1537 1611 1662 1663 eadmer
1691 1618 1781 1674 tuum,
1809 1611 1908 1666 subter
1935 1620 1964 1668 te

258 1694 436 1749 Innocentius
456 1695 505 1750 lib.
525 1700 549 1751 3.
568 1695 604 1750 de
623 1701 766 1750 contemtu
779 1694 876 1750 mundi
892 1711 954 1766 cap.
967 1701 993 1750 4.
1019 1697 1094 1748 inter
1119 1703 1259 1748 sternetur
1273 1697 1349 1748 tenea
1360 1704 1387 1749 et
1399 1696 1599 1764 operimentum
1607 1703 1683 1749 tuum
1692 1704 1774 1750 esunt
1785 1714 1894 1752 ommes
1905 1703 1964 1755 etc.

256 1798 364 1850 poenas
373 1781 533 1845 infernales
545 1786 671 1837 recenset
682 1783 800 1837 melleos
808 1782 1006 1851 percutientes,
1017 1782 1093 1852 qnod
1120 1781 1328 1851 (Quidamhenc
1333 1780 1560 1852 prosopopoeiam
1567 1781 1602 1836 de
1608 1783 1723 1837 mortuis
1728 1789 1880 1853 exponunt,
1891 1801 1964 1856 quos

261 1868 362 1936 probet
379 1884 413 1922 ex
428 1867 482 1922 hoc
500 1868 576 1923 dicto
596 1866 760 1933 Salomonis,
788 1868 864 1939 quod
888 1867 965 1923 hisce
990 1868 1095 1940 alleget
1120 1883 1168 1922 rer
1185 1866 1337 1937 Babylonis
1355 1875 1405 1923 aut
1424 1885 1439 1923 e
1461 1884 1548 1939 reguo
1566 1868 1720 1938 depulerat,
1743 1876 1794 1923 aut
1818 1870 1878 1925 rita
1898 1888 1962 1940 spo

260 1954 365 2010 verbis:
400 1955 512 2010 Parata
532 1963 596 2008 nost
620 1955 816 2009 damnationis
825 1956 943 2023 judicia
968 1954 1093 2022 blaephe-
1121 1952 1246 2022 liuverat,
1266 1953 1315 2024 qui
1332 1951 1476 2025 finguntur
1488 1952 1648 2025 Babylonio
1659 1961 1854 2026 postmortem
1869 1948 1963 2011 assm-

260 2041 414 2094 matoribas
432 2049 459 2094 et
479 2040 665 2110 permuimtee
684 2041 783 2094 mallei
799 2040 949 2094 mutuum
967 2041 1094 2110 corpori-
1122 2055 1188 2110 gere
1214 2044 1242 2094 et
1267 2055 1331 2095 eum
1359 2041 1389 2094 in
1416 2040 1586 2096 consortium
1611 2039 1655 2095 sui
1681 2057 1737 2097 non
1755 2042 1815 2097 sine
1836 2043 1963 2114 quodam

260 2127 330 2195 oss.)
347 2141 407 2197 cap.
427 2130 469 2192 23,
485 2142 510 2180 v.
533 2131 579 2181 14:
600 2125 634 2180 ss·
650 2126 742 2188 filium
758 2125 933 2195 persuasores
949 2126 1040 2194 olipa,
1060 2125 1095 2178 od
1122 2142 1260 2182 sarcasmo
1279 2125 1413 2196 recipere,
1441 2126 1587 2193 Vetablus,
1605 2126 1688 2181 Aries
1707 2126 1869 2192 Montanus,
1891 2129 1962 2185 San·

259 2212 374 2275 inferno
392 2229 473 2265 erues
493 2212 617 2264 animam
637 2213 699 2280 ejus
719 2211 798 2282 (dum
816 2212 852 2267 ab
870 2211 1013 2283 impietate
1033 2228 1095 2268 eum
1122 2211 1193 2267 obus
1212 2217 1264 2268 etc.
1283 2212 1331 2266 sed
1350 2211 1535 2282 Hieronymus
1555 2212 1584 2265 in
1602 2218 1749 2269 comment.
1767 2214 1871 2268 rectius
1887 2217 1962 2272 ecci·

260 2299 309 2368 pia
326 2297 497 2354 correctione
512 2296 650 2352 abstrahis
668 2306 696 2353 et
713 2315 808 2353 verum
828 2298 880 2353 Dei
896 2299 1023 2353 timorem
1043 2297 1096 2368 ipsi
1122 2298 1165 2368 pit
1181 2298 1217 2351 de
1235 2296 1348 2369 regibus
1373 2298 1465 2368 impiis
1490 2297 1635 2369 gehennae
1659 2298 1764 2354 cercesi
1784 2300 1961 2372 mancipatis,
1974 2320 2014 2363 n

261 2384 386 2451 instillas,
414 2383 554 2454 prohibes,
579 2400 615 2439 ne
640 2384 670 2437 in
690 2388 825 2440 tartarum
846 2384 1009 2439 infernalem
1029 2384 1096 2439 inci·
1123 2383 1170 2454 qui
1190 2383 1404 2438 introducuntur
1424 2383 1486 2454 regi
1497 2383 1657 2455 Babylonio
1671 2401 1827 2457 mergere,
1842 2405 1878 2443 ac
1897 2405 1963 2444 cum

262 2470 334 2538 dat).
371 2486 395 2526 c.
425 2475 466 2537 27,
492 2485 518 2522 r.
537 2474 584 2524 20:
616 2470 755 2533 Infernas
781 2478 807 2524 et
822 2471 949 2540 perditio
977 2488 1032 2524 non
1052 2488 1096 2523 so·
1122 2468 1176 2540 ipsi
1195 2469 1317 2539 graviter
1336 2474 1526 2541 torqueantur,
1549 2471 1609 2540 regi
1632 2476 1726 2526 tamen
1752 2471 1910 2544 Babylonis
1933 2475 1963 2530 in

261 2563 402 2614 tueantur.
441 2572 501 2625 cap.
524 2561 565 2624 30,
590 2573 616 2609 r.
636 2560 682 2610 16:
712 2557 783 2609 Tria
805 2564 869 2610 sunl
886 2557 1097 2620 insaturabilia,
1122 2554 1266 2610 tormentis
1290 2555 1410 2626 primum
1437 2557 1531 2611 locum
1555 2556 1716 2626 concedere,
1743 2558 1858 2614 additur
1887 2562 1961 2616 enim

261 2643 399 2710 infernus,
430 2642 535 2695 matria
562 2641 670 2695 seren
688 2645 742 2696 etc.
782 2643 913 2710 (Perseus
940 2640 969 2695 in
999 2659 1096 2698 comm.
1123 2659 1148 2696 v.
1167 2646 1207 2696 13.
1227 2641 1370 2696 aliundis
1384 2645 1536 2712 cordetuo,
1555 2643 1663 2698 eoelum
1676 2646 1860 2715 adscendens,
1879 2663 1907 2703 r.
1922 2654 1962 2706 lt.

262 2728 363 2783 Gener.
383 2733 423 2784 st.
449 2730 483 2781 de
510 2728 641 2796 sepulcro
664 2726 770 2782 mavult
793 2743 940 2799 exponere,
964 2745 997 2785 eo
1022 2729 1097 2801 quod
1121 2735 1302 2782 oeumumen
1321 2731 1363 2782 ad
1381 2729 1524 2799 infernum
1541 2730 1709 2798 deprimeres
1733 2733 1764 2786 in
1780 2735 1961 2803 musandum

261 2817 394 2879 infernus
413 2815 541 2881 satietrn,
561 2831 623 2868 cum
641 2831 696 2868 non
716 2830 811 2867 omnes
827 2815 960 2883 homines,
980 2817 1032 2869 ssd
1042 2816 1099 2870 soli
1123 2815 1188 2882 loci,
1212 2813 1266 2870 hoc
1284 2819 1328 2869 est
1346 2814 1475 2885 putabas,
1492 2831 1576 2885 super
1596 2822 1671 2871 astra
1690 2816 1719 2871 in
1737 2817 1817 2874 coelo
1835 2818 1890 2874 tibi
1909 2818 1960 2875 de·

262 2902 344 2971 impii
360 2902 391 2954 in
406 2902 521 2965 inferno
540 2901 749 2964 absorbeantur,
768 2907 846 2953 terro
863 2908 955 2954 eutem
974 2919 1031 2956 non
1050 2920 1096 2956 so·
1122 2900 1182 2956 beri
1200 2899 1300 2966 locam,
1329 2902 1378 2956 sed
1402 2901 1439 2956 ed
1457 2900 1582 2956 infimum
1598 2918 1686 2974 usque
1712 2902 1853 2960 infernum
1869 2905 1961 2961 detra·

262 2988 354 3051 tintus,
378 3005 440 3041 cum
464 3003 559 3040 omnes
586 2987 710 3040 tornines
737 2987 802 3041 beni
823 2995 851 3040 et
868 2987 941 3042 mali
960 2995 1097 3054 sepontus
1122 2986 1204 3052 heris,
1232 2986 1281 3056 qui
1308 2993 1451 3042 aeternum
1481 2993 1524 3043 est
1554 2987 1748 3044 damnstorum
1780 2991 1960 3047 domicilium.

262 3074 337 3127 mori
360 3082 387 3127 et
411 3074 536 3143 sepeliri
570 3073 660 3145 Atqui
687 3073 818 3129 Salomon
841 3090 897 3129 non
920 3073 1044 3144 loquitur
1062 3074 1097 3128 de
1125 3073 1228 3128 Periret
1252 3088 1319 3127 vero
1345 3073 1394 3128 illa
1419 3075 1556 3145 oppositio
1585 3092 1709 3131 summas
1735 3076 1843 3148 gloriae
1869 3084 1899 3133 et
1917 3096 1961 3134 ea-

263 3163 362 3228 effeotu
379 3176 428 3215 seu
445 3167 554 3224 eventu,
579 3160 629 3214 sed
646 3158 681 3213 de
698 3162 810 3230 affeetu,
837 3176 919 3230 quem
945 3176 1096 3234 npooorro-
1123 3165 1228 3214 uernae
1248 3159 1427 3229 ignominiae,
1452 3160 1477 3214 si
1500 3177 1550 3230 per
1573 3161 1668 3216 scheol
1691 3160 1896 3233 intelligeretur
1919 3182 1960 3220 se

263 3251 377 3308 ποιϊκῶς
392 3246 500 3301 inferno
517 3245 622 3301 tribuit.
641 3245 774 3310 Quamvis
792 3247 865 3301 enim
883 3247 963 3301 multi
984 3248 1096 3303 descen·
1123 3245 1258 3315 pulcrum.
1280 3244 1363 3298 Adde
1380 3245 1455 3315 quod
1476 3262 1524 3300 rex
1536 3245 1690 3311 Balthasau
1708 3246 1744 3303 de
1759 3264 1817 3320 quo
1832 3250 1959 3320 potiores

262 3335 331 3389 deut
348 3334 377 3387 in
395 3333 541 3400 infernum,
567 3339 660 3388 tamen
679 3333 804 3389 infernus
823 3333 878 3388 illis
896 3352 952 3390 non
971 3335 1097 3402 estiatur,
1123 3332 1287 3402 interpretes
1299 3330 1374 3385 hunc
1388 3331 1480 3387 locum
1498 3332 1646 3402 accipiunt,
1663 3333 1813 3390 conmorit
1823 3335 1961 3406 sepultas,

263 3421 310 3476 sed
340 3437 447 3488 semper
471 3420 563 3490 plures
589 3425 700 3490 expetit,
735 3421 801 3491 quia
827 3420 964 3489 diabolus,
998 3421 1097 3477 inferni
1123 3417 1173 3472 sed
1190 3418 1262 3473 inter
1281 3418 1434 3474 occisorum
1455 3417 1826 3489 cadeverecomputruerit.)
1845 3421 1961 3492 Emer,

262 3508 400 3578 princeps,
411 3507 504 3576 plures
517 3507 545 3560 in
555 3506 741 3562 damnationis
754 3507 922 3562 consortium
936 3508 1098 3577 pertrahere
1124 3520 1147 3560 v.
1165 3509 1210 3559 22:
1235 3505 1365 3559 Visitabit
1381 3506 1523 3559 Dominus
1542 3507 1627 3558 edam
1645 3523 1730 3577 super
1747 3524 1838 3578 repes,
1856 3516 1884 3562 el
1897 3527 1961 3564 eon·

263 3610 372 3662 semper
384 3592 523 3647 desiderat
535 3599 564 3646 et
582 3599 708 3647 conetur.
727 3592 756 3648 Si
778 3593 813 3647 de
828 3600 928 3648 eventu
939 3593 1098 3664 loqueretur
1123 3592 1314 3660 prepotentes·
1332 3593 1363 3645 s'u
1383 3593 1599 3660 conpressione
1611 3593 1696 3647 undu
1711 3595 1804 3656 farm
1814 3595 1847 3649 in
1860 3596 1960 3653 mum

264 3696 311 3732 rer
326 3678 443 3749 sapiens,
459 3679 542 3733 etiam
562 3678 597 3733 de
611 3678 737 3747 sepulcro
752 3677 806 3732 dici
824 3686 926 3747 posset,
947 3680 1022 3750 quod
1037 3688 1096 3735 tan-
1123 3675 1228 3742 (Videri
1253 3681 1383 3748 poterant
1406 3678 1484 3748 impii
1505 3694 1585 3749 reges
1606 3678 1708 3748 judicii
1732 3687 1761 3736 et
1783 3696 1894 3752 poenae
1917 3699 1961 3739 ex·

264 3766 325 3819 dem
344 3765 468 3829 satietur,
495 3765 562 3835 quia
585 3765 614 3818 in
639 3765 684 3818 die
702 3763 851 3820 novissimo
876 3781 951 3820 mors
981 3766 1097 3822 novissi·
1123 3769 1224 3832 perles,
1248 3779 1311 3818 cum
1331 3764 1360 3818 in
1383 3764 1436 3819 hac
1458 3765 1516 3820 vita
1538 3765 1707 3835 superiorem
1728 3767 1854 3834 judicem
1874 3785 1960 3841 egne-

264 3869 326 3904 mus
343 3851 392 3905 ille
417 3851 504 3905 hostis
530 3850 689 3905 destruetur
714 3857 736 3906 1.
756 3850 817 3906 Cor.
837 3856 877 3920 15,
898 3869 923 3907 s.
942 3858 984 3908 26.
1021 3853 1098 3908 Beda
1123 3864 1200 3902 scere
1221 3849 1318 3917 nolint,
1348 3849 1425 3904 Deus
1449 3851 1535 3922 igitur
1558 3867 1609 3921 per
1636 3852 1802 3924 prophetam
1830 3855 1961 3927 minatur,

264 3938 294 3990 in
307 3954 404 3992 comm.
422 3935 556 3992 Proverb.
572 3942 614 3992 30.
630 3943 732 4006 monet,
750 3939 885 4008 quosdam
900 3956 951 4009 per
960 3939 1096 3994 infernum
1124 3935 1200 4005 quod
1222 3935 1299 3989 nulle
1319 3934 1417 3990 habita
1439 3937 1534 4008 regiae
1563 3940 1709 4007 potestatis
1740 3957 1774 3995 ac
1802 3940 1960 4010 splendoris

265 4024 367 4078 ibidem
385 4022 539 4092 intelligere
559 4024 713 4094 modulum,
739 4024 786 4095 qui
811 4023 977 4079 insatiabilis
1003 4033 1046 4081 est
1064 4027 1098 4081 de
1124 4022 1230 4077 ratione
1258 4022 1342 4076 etism
1367 4022 1421 4091 ipsi
1447 4022 1477 4077 in
1499 4022 1545 4076 die
1563 4024 1663 4093 judicii
1686 4025 1743 4081 sint
1763 4026 1914 4096 judicandi
1933 4038 1961 4085 et

265 4109 426 4165 seductione
450 4107 590 4179 humana.)
627 4109 707 4165 Cant
732 4116 757 4178 8,
780 4128 805 4163 v.
824 4115 850 4165 t:
876 4111 975 4164 Fortis
1001 4120 1043 4165 est
1068 4121 1098 4166 ut
1124 4107 1266 4177 puniendi,
1286 4107 1411 4178 adeoque
1430 4124 1492 4162 cum
1513 4107 1610 4163 humili
1630 4108 1777 4178 plebecula
1795 4112 1824 4167 iu
1842 4114 1960 4171 eundem

265 4214 341 4248 mors
359 4195 479 4258 dilectio,
498 4197 573 4249 detra
590 4196 663 4249 sieut
680 4197 812 4258 infernus
829 4197 988 4252 aemulatio.
1009 4197 1098 4269 (Zelo
1124 4192 1254 4263 lupplicii
1274 4193 1365 4248 locum
1385 4193 1557 4249 detrudendi·
1594 4196 1739 4267 Ptrihtml,
1758 4196 1858 4269 inquit,
1879 4217 1960 4270 reuse

265 4282 345 4351 typia
362 4280 459 4334 similis
477 4285 518 4335 est
537 4280 653 4346 inferno,
679 4281 751 4336 sicut
775 4281 848 4336 enim
875 4283 999 4336 infernus
1028 4301 1099 4352 eum,
1126 4287 1217 4332 terrae
1247 4287 1274 4333 et
1299 4281 1340 4332 ad
1365 4280 1471 4344 falcem
1497 4281 1555 4333 eloe
1581 4281 1721 4337 aemulum
1748 4283 1880 4350 aliorum,
1912 4287 1963 4356 qai

265 4385 347 4438 quem
364 4366 446 4420 semel
462 4366 585 4436 corripit,
602 4372 871 4438 perpetuotorquet3
891 4368 930 4422 sic
943 4369 1098 4439 zelotypiae
1124 4373 1188 4419 sunt
1213 4367 1243 4420 in
1272 4367 1337 4420 lacu
1362 4375 1389 4420 et
1419 4376 1535 4423 oeterrw
1560 4385 1683 4436 eorem,
1710 4372 1959 4441 conmutantur.

264 4453 350 4517 furor,
367 4452 677 4522 ubielicujusan'imum
693 4455 879 4525 occupaverit,
898 4473 1041 4526 nunquam
1054 4473 1098 4510 er·
1126 4452 1234 4522 Heymo
1261 4453 1290 4507 in
1316 4469 1427 4509 comm:
1451 4455 1716 4523 ‚Conprepabuatur
1744 4462 1960 4528 eonerepuls'one

265 4539 417 4609 stinguitur
434 4545 484 4593 aut
501 4538 659 4594 remittitur.
679 4538 782 4595 Glossa
796 4541 824 4594 in
837 4540 864 4594 h.
876 4539 905 4595 l.:
924 4547 1007 4595 Dura
1026 4544 1099 4596 sicot
1125 4542 1208 4593 senius
1220 4539 1324 4607 sarcis,
1343 4540 1442 4608 utqui
1457 4557 1545 4610 pares
1564 4550 1629 4596 sunt
1653 4543 1684 4595 s'n
1703 4533 1804 4614 culpis,
1824 4546 1960 4602 mnes

265 4627 397 4689 infernus
416 4625 577 4692 aemulatio,
597 4626 665 4695 qrsia
685 4627 745 4680 Dei
763 4644 843 4681 amor
862 4627 970 4682 nullius
981 4629 1099 4683 hoedum
1125 4632 1171 4678 tur
1185 4626 1300 4694 puriter
1318 4633 1344 4678 et
1362 4627 1509 4694 inpoenis,
1523 4627 1606 4681 asari
1615 4642 1679 4681 oum
1693 4631 1800 4694 acaria
1819 4631 1961 4688 herniosi

266 4711 440 4764 tentamentis
460 4729 479 4763 o
497 4719 612 4764 nonnae
635 4712 736 4765 salutis
759 4729 830 4765 eura
853 4713 985 4768 reuocari
997 4716 1099 4786 potuit,
1125 4727 1186 4763 cum
1209 4711 1363 4766 luserim
1380 4714 1445 4774 etc.)
1483 4711 1549 4784 Cap.
1576 4719 1618 4784 25,
1640 4733 1667 4770 v·
1688 4721 1731 4772 10:
1767 4702 1961 4773 Trituraditas·

265 4799 336 4850 sieut
365 4797 496 4861 infernus
521 4798 610 4851 nullis
635 4799 799 4853 miserorum
830 4801 1000 4854 ommistibue
1026 4801 1098 4856 miti-
1128 4798 1215 4851 Mons
1233 4798 1283 4850 sub
1302 4814 1342 4864 eo,
1369 4799 1441 4852 mesu
1460 4808 1589 4856 teruntur
1604 4803 1710 4871 paleae
1729 4803 1759 4857 in
1772 4803 1960 4876 piaculumst

265 4893 358 4953 pater,
384 4900 435 4938 nee
464 4902 483 4936 a
511 4885 660 4939 seueritate
688 4902 757 4939 suae
787 4887 939 4942 sentcntiae
965 4896 1099 4953 mutatur,
1125 4886 1252 4938 extendet
1271 4902 1371 4939 manus
1390 4903 1457 4940 suos
1474 4887 1505 4940 in
1523 4889 1617 4944 medio
1634 4890 1700 4956 siue
1713 4891 1785 4946 sieut
1801 4899 1908 4947 netem
1921 4895 1961 4949 ad

266 4979 370 5040 quomo
389 4972 532 5025 austerior
551 4974 735 5040 comparatio,
753 4989 785 5026 eo
804 4975 900 5027 aerim·
918 4975 1035 5030 suauis
1053 4993 1099 5029 eos
1124 4972 1290 5039 natandum,
1312 4979 1338 5025 et
1362 4973 1522 5028 humiliabit
1544 4976 1705 5044 superbiam
1729 4979 1791 5047 ejus
1815 4995 1879 5039 tum
1897 4980 1960 5035 bro·

267 5058 387 5111 Domini
405 5061 617 5112 eonemendatur
637 5059 773 5127 affectus.)
1125 5057 1196 5110 aliis
1212 5075 1343 5111 manuum
1367 5060 1436 5128 ejus.
1472 5060 1602 5129 (Quidam
1627 5062 1661 5116 de
1686 5063 1832 5134 temporali
1850 5064 1960 5121 Moabi·

336 5146 469 5199 ..E
630 5143 765 5200 iaEsa.
827 5162 916 5199 u:
1073 5171 1079 5182 ι
1188 5143 1317 5198 mexc'di
1658 5148 1694 5163 ··
1823 5149 1829 5162 ·
1940 5153 1958 5194 ·.

129 5191 252 5296 duddan.
266 5150 397 5294 inddrnui
417 5146 692 5284 άὲἰῖιαῖἔιοᾜηαηι
712 5147 1099 5301 εααφνξέιαέὲὶαὲἷὲἰρζῖιᾟ
1124 5152 1214 5286 ddrruv.
1234 5145 1959 5295 1l.lelomdsdsdndddddndddlbldirdddddndsnutdodsudatdddddn

262 5322 380 5382 prostes·
403 5333 514 5383 rnorem,
538 5321 564 5368 el
590 5317 740 5368 descendet
765 5317 883 5368 decorus
906 5323 933 5370 et
950 5317 1099 5374 multitudo
1125 5319 1288 5387 concident,-
1318 5320 1367 5376 sed
1392 5321 1459 5392 quia
1485 5322 1515 5376 in
1538 5322 1771 5392 praecedentibus
1793 5324 1830 5379 de
1847 5332 1959 5383 selerne

266 5400 328 5467 ejas
345 5409 370 5453 et
390 5401 472 5454 turba
492 5402 554 5469 ejus
571 5409 596 5455 et
616 5410 710 5456 coetera
729 5402 791 5472 ejus
808 5405 849 5456 ad
869 5417 937 5456 eum.
970 5402 1099 5469 (Quidam
1124 5406 1269 5462 beaterum
1289 5406 1424 5463 felicitate
1451 5415 1480 5463 et
1501 5409 1593 5482 glorie
1614 5409 1752 5481 propheta
1767 5417 1872 5481 egerat,
1896 5411 1958 5468 ideo

267 5485 408 5555 accipiunt
427 5489 462 5540 sle
482 5487 621 5557 sepulcro,
648 5489 722 5560 quod
740 5487 836 5543 hiante
857 5487 936 5559 qnasi
955 5505 1001 5544 ore
1019 5508 1095 5563 prae·
1110 5538 1113 5556 ‚
1129 5492 1196 5547 lraec
1214 5492 1299 5548 verbe
1317 5511 1372 5550 non
1392 5493 1511 5550 absurde
1531 5495 1566 5548 ad
1586 5501 1728 5550 aeternum
1742 5495 1891 5567 impiorum
1906 5499 1958 5553 exi·
