4050 6014
696 336 1257 412 reconsuausmorissncunr.
1765 361 1823 419 ror

135 520 169 558 ex
187 503 248 560 aliis
267 504 496 577 historiographis
516 525 550 563 ac
565 509 638 563 inter
653 508 775 580 reliquos
787 509 903 564 adducit
916 509 969 564 iio·
996 509 1096 582 inquit,
1118 510 1170 563 las
1188 527 1306 578 mapnae
1328 509 1548 578 aedificationes,
1571 507 1679 563 emieat
1703 509 1773 576 elias,
1796 507 1828 561 in

134 589 232 660 tinam,
251 591 299 663 qui
314 591 343 646 iu
354 591 525 664 polyhistore
538 593 580 650 sic
587 594 698 650 scribit:
717 597 785 649 Duo
797 596 839 650 tes·
852 597 970 666 oppida,
996 597 1095 664 caitae
1111 596 1351 665 nonrelinqactar
1364 595 1440 664 lops'e
1455 610 1541 663 saper
1552 594 1686 664 lapidem
1708 593 1759 664 qai
1771 610 1828 647 non

137 677 290 732 Sodomam
304 680 476 734 nominatam
486 681 616 746 oacrum
634 683 756 736 olterm
773 683 969 750 Gomorram,
995 684 1169 736 destruatur.
1182 681 1246 738 Pari
1257 682 1362 736 ratione
1375 680 1483 751 quoties
1495 679 1707 750 pulcherrimam
1719 686 1747 734 et
1758 678 1827 735 alis-

135 766 217 833 opud
236 782 308 835 qaae
327 784 443 836 pomam
466 768 601 838 pipnitar,
624 772 702 839 qaod
723 771 825 824 lateat
848 771 969 839 specim
995 768 1044 823 bre
1061 776 1226 825 exstructam
1250 768 1318 824 coeli
1338 775 1482 839 terraeque
1504 766 1661 821 machinam
1680 767 1829 831 intuemur,

134 851 201 905 licet
219 853 401 922 remandatis,
417 856 518 908 mandi
537 863 629 908 tomen
647 873 704 908 non
720 865 821 925 potest,
841 859 967 924 namsa·
994 856 1086 910 stetim
1114 854 1214 911 subeat
1240 856 1362 910 animum
1395 862 1518 909 nocuum
1551 853 1683 925 cogiatio
1708 853 1743 908 de
1771 852 1828 908 fine

134 937 249 1005 lipinem
266 938 435 993 intrinsecae
451 941 635 1002 focillaceam
655 943 769 997 measa
788 951 896 997 tantam
912 945 967 996 eci·
995 942 1097 1009 mundi,
1117 941 1145 995 in
1164 958 1219 1012 quo
1239 940 1331 996 omnia
1348 940 1534 994 dissolventur
1551 956 1584 994 ac
1601 945 1738 995 conuent.
1769 939 1828 994 Me·

135 1024 209 1077 miae
236 1023 375 1094 [extimae]
398 1028 470 1080 cutis
498 1028 612 1096 collibet,
641 1046 712 1098 miae
737 1029 783 1083 oei
808 1030 865 1082 ieci
891 1038 969 1084 tacta
995 1028 1160 1095 miserimus,
1185 1026 1325 1083 Christum
1347 1031 1483 1097 perpetuo
1508 1025 1622 1081 auribus
1646 1030 1675 1082 et
1698 1026 1827 1082 cordibus

132 1127 235 1180 pressu
261 1113 372 1176 frenans
398 1115 512 1169 ululat
536 1123 563 1168 ct
584 1117 697 1182 fatiscit
722 1116 753 1171 in
785 1133 886 1185 sapum
903 1117 968 1188 pnl-
994 1115 1093 1170 nostris
1122 1113 1191 1167 illud
1221 1111 1368 1167 instillare:
1404 1111 1511 1166 Videtis
1536 1113 1605 1167 laec
1628 1114 1732 1182 omnia,
1761 1113 1827 1167 dico

134 1214 235 1255 ocrem.
271 1197 319 1252 Sic
341 1215 408 1269 ergo
433 1207 596 1270 perpetuum
623 1203 709 1272 hujus
736 1202 858 1257 incendii
884 1209 969 1273 etque
994 1202 1080 1268 vobis,
1096 1202 1187 1253 sarriet
1204 1201 1273 1268 dies,
1293 1200 1322 1252 in
1336 1215 1391 1267 qao
1403 1216 1458 1253 non
1468 1199 1643 1268 relinquetur
1656 1200 1732 1268 lapis
1742 1215 1828 1268 saper

135 1282 238 1338 excidii
246 1280 431 1358 amplicator
442 1285 601 1341 hominibus
613 1287 687 1342 Deus
707 1287 743 1342 ob
758 1287 853 1342 oculos
867 1304 970 1358 ponere
994 1289 1130 1356 lapidem,
1150 1286 1200 1355 qai
1218 1304 1273 1340 non
1295 1287 1466 1355 destruatur,
1491 1285 1546 1339 inro
1564 1284 1592 1339 in
1610 1284 1721 1339 favillas
1745 1290 1773 1340 et
1790 1284 1827 1340 ci·

135 1369 231 1425 soluit
267 1369 349 1434 Quod
368 1376 461 1424 autem
482 1371 510 1424 in
528 1387 561 1425 eo
586 1372 811 1444 conflagrationis
828 1373 918 1428 finalis
937 1390 969 1427 ac
995 1389 1074 1427 neres
1097 1373 1248 1442 redigatur.
1275 1371 1305 1426 Si
1329 1370 1398 1440 quid
1421 1369 1543 1441 pretiosi,
1566 1371 1589 1423 si
1616 1371 1684 1442 quid
1710 1370 1827 1440 speciosi

135 1455 228 1510 totalis
248 1456 333 1511 totins
351 1456 458 1512 scilicet
477 1458 600 1513 universi
616 1459 697 1514 nobis
718 1466 894 1530 proponatur,
912 1461 969 1514 col·
995 1458 1024 1513 in
1048 1458 1152 1513 mundo
1176 1458 1262 1523 videa
1291 1459 1423 1525 caudam,
1450 1454 1502 1510 hoc
1525 1464 1568 1511 cst
1591 1455 1683 1519 finem,
1709 1455 1826 1526 respice,

135 1542 185 1613 ligi
202 1547 296 1614 potest
309 1560 342 1598 ex
361 1543 453 1598 verbis
471 1544 575 1600 Christi
592 1545 659 1602 Luc.
682 1553 722 1615 l'l,
739 1565 765 1602 v.
784 1552 824 1605 28.
841 1555 870 1602 et
890 1563 968 1618 seqq.
996 1545 1108 1599 tendam
1122 1543 1195 1600 enim
1212 1544 1240 1598 iu
1261 1542 1376 1597 nihilum
1396 1541 1493 1597 abibit.

134 1634 221 1700 atque
236 1629 432 1699 apostolorum,
452 1630 528 1686 Petri
550 1638 573 1687 2.
593 1633 674 1703 epist.
689 1638 714 1697 2,
726 1650 751 1686 r.
762 1638 785 1689 3.
803 1632 895 1688 dudae
907 1651 932 1687 r.
944 1640 968 1690 t.
1033 1635 1088 1688 132.
1107 1630 1361 1699 associationem
1376 1636 1419 1685 est
1432 1625 1671 1693 salmaticensis,
1686 1629 1825 1693 informa·
1840 1637 1861 1680 2
1879 1636 1934 1685 ter

135 1713 968 1794 ubiSodomaetilomorrhaexpresseappellsutnrdsiypa.
994 1719 1086 1771 torisa
1107 1717 1152 1771 rel
1171 1713 1412 1792 napcpotmsso'r,
1437 1715 1652 1770 consolatorias.
1678 1717 1828 1772 rrsstsou·
1841 1687 1948 1783 ffli'oe.

135 1806 158 1857 3.
180 1802 282 1855 Omnes
301 1802 498 1871 particulares
527 1805 674 1874 replentem
692 1805 899 1860 devastationes
919 1821 969 1874 per
994 1801 1042 1866 κός
1059 1808 1101 1860 est
1119 1802 1163 1858 vel
1181 1798 1415 1876 ἐπανορθωτικός,
1440 1800 1634 1864 correctorias,
1663 1800 1706 1856 val
1732 1790 1958 1855 mmm

1842 1842 1863 1884 1.
1879 1851 1955 1884 cerre-

135 1887 273 1957 incendie,
296 1888 439 1945 eluviones
462 1907 606 1962 aquarum,
630 1898 720 1948 terrae
743 1898 833 1947 motus
856 1908 891 1945 ac
909 1890 966 1946 his·
993 1890 1123 1957 totorias,
1145 1895 1167 1946 1.
1181 1884 1424 1962 Ἐπανορθωτικός
1437 1887 1585 1942 neusineo
1600 1886 1732 1953 consistit,
1754 1886 1829 1960 quod
1844 1893 1938 1938 essem.

135 1979 180 2028 tus
209 1980 260 2030 etc.
286 1991 403 2045 querum
434 1977 559 2048 exempla
587 1977 717 2037 historias
742 1985 771 2033 et
799 1977 968 2049 experientia
995 1975 1095 2047 piade
1115 1977 1238 2048 proxime
1257 1975 1379 2030 instante
1403 1973 1639 2030 consummatione
1662 1973 1747 2028 seculi
1773 1947 1972 2039 ωξξῖῗῖᾗι.

135 2060 315 2131 suppeditent
331 2062 415 2135 longe
434 2062 562 2134 plurima.
995 2063 1094 2119 ditntio
1116 2068 1229 2119 revocet
1254 2078 1304 2115 nos
1327 2068 1348 2117 ι.
1379 2062 1415 2114 at
1440 2062 1607 2115 inordinato
1633 2061 1733 2114 man&
1756 2048 1952 2142 dih'iffiogr‘-

995 2150 1093 2218 ctione,
1113 2156 1135 2206 1.
1153 2149 1216 2205 Cor.
1234 2156 1258 2217 7,
1276 2167 1306 2202 v.⁴
1318 2153 1364 2206 292
1386 2151 1509 2218 Tempus
1522 2149 1601 2202 &coe
1615 2155 1661 2204 est.
1680 2148 1831 2217 Reliqmem
1845 2153 1947 2195 neuen·

995 2246 1043 2304 sn,
1058 2246 1090 2292 os
1099 2237 1260 2306 amisisse
1277 2251 1388 2299 occsa
1405 2237 1461 2289 ant
1474 2244 1608 2304 anquam
1625 2251 1681 2289 non
1692 2235 1832 2305 memor,
1842 2202 1972 2298 ἷῗξῖιι...

995 2343 1019 2380 s.
1041 2329 1082 2380 311.
1114 2331 1140 2377 ct
1163 2325 1215 2392 qai
1231 2324 1316 2393 fimi,
1346 2328 1481 2392 ”tim
1509 2338 1566 2375 '⁸⁰²³
1582 2323 1699 2391 ΜΨ,
1733 2329 1760 2378 ⁶⁸
1782 2307 1968 2400 vimu-

422 2372 564 2433 ΜΠ
578 2372 616 2434 ΤΔ
632 2373 690 2436 Ix·
994 2411 1126 2480 pandent,
1154 2417 1289 2479 torqueam
1317 2426 1374 2463 non
1401 2410 1565 2479 pandentes,
1599 2416 1627 2462 et
1652 2408 1704 2479 qui
1730 2416 1831 2475 mnont,
1845 2411 1951 2453 10011020·

299 2526 361 2583 ΒΕ
391 2526 415 2582 p
430 2527 457 2586 U
471 2528 498 2584 G
512 2527 539 2585 N
552 2529 578 2584 Α
591 2527 618 2585 N
630 2526 656 2580 Τ
669 2527 721 2583 I·B
733 2527 761 2585 U
774 2526 799 2584 Β.
995 2505 1129 2566 tcnprsnm
1152 2512 1209 2548 non
1222 2495 1409 2567 possidentes,
1435 2513 1459 2548 v.
1479 2498 1521 2551 31.
1539 2503 1564 2548 et
1588 2495 1638 2564 orsi
1656 2496 1762 2548 mando
1779 2495 1831 2548 loc

993 2590 1126 2650 mantas,
1155 2591 1289 2651 tanqrsam
1321 2599 1378 2636 non
1405 2582 1560 2650 abeuntes,
1590 2582 1731 2652 praeterit
1758 2582 1830 2635 enim

10 2725 119 2774 mm,
167 2707 224 2759 100¹
261 2701 424 2769 limam„
447 2707 513 2756 ,ung
534 2707 555 2756 1·
593 2700 756 2768 Epgmm
784 2702 969 2773 comm,
994 2672 1088 2739 sipara
1106 2669 1191 2766 lajas
1208 2669 1314 2722 mandi.
1334 2668 1487 2768 arces-us
1504 2668 1681 2767 tempeasire
1695 2666 1730 2721 ad
1744 2667 1831 2767 ritum

10 2779 52 2819 ²¹⁵·
132 2788 168 2844 da
194 2785 250 2842 fine
277 2786 373 2842 mnudi
401 2802 543 2858 nunquam
568 2793 707 2856 secuturo,
739 2804 809 2858 quas
833 2786 967 2844 describit
993 2759 1125 2823 noem‘
1142 2769 1201 2809 ¹¹⁷⁰
1218 2754 1255 2808 ‘d
1272 2754 1359 2810 κω]
1388 2753 1471 2824 huin·
1498 2753 1672 2810 duf⁸i¹⁰¹¹⁰m
1697 2751 1831 2825 militi*

133 2873 234 2931 Petrus
261 2879 285 2930 2.
307 2871 386 2943 epist.
405 2878 429 2940 3,
449 2889 474 2926 v.
503 2877 536 2941 3;
564 2877 589 2929 2.
616 2873 786 2928 &lonicorum
810 2875 846 2928 de
870 2875 971 2929 mandi
994 2858 1063 2906 Μ’
1090 2841 1139 2912 qui
1163 2856 1229 2911 ⁸¹80
1254 2856 1354 2939 lutire·
1379 2840 1492 2938 hebent,
1521 2841 1577 2940 sint
1609 2847 1745 2910 tanquam
1774 2856 1830 2895 m

994 2929 1133 2994 tabentes,
1157 2943 1214 2982 non
1239 2943 1391 2997 nrmropere
1413 2943 1453 2982 rer
1480 2944 1594 2982 monae
1620 2927 1830 2995 adhaerescunt,

132 3047 163 3103 in
179 3046 278 3103 eodem
294 3049 369 3100 statu
382 3048 518 3116 perpetuo
527 3061 656 3101 mmsuro
668 3045 824 3116 excitatam
845 3053 869 3103 t.
884 3065 967 3118 qaae·
994 3015 1041 3070 ⁸⁶⁶
1059 3014 1190 3114 amnium,
1213 3018 1333 3113 {mntem
1357 3019 1386 3068 ⁰²
1409 3028 1531 3112 *ΜΨ
1553 3012 1582 3067 ῑῑῑ
1600 3013 1663 3068 Βθθ
1682 3013 1764 3113 ἱξῡξθθ
1781 3012 1830 3069 ἅθ’

14 3152 58 3193 ιι,
74 3151 119 3193 raa
133 3134 177 3187 os'e
208 3133 398 3202 corruptelae,
430 3131 531 3204 quibus
560 3129 712 3208 ὄρθοδοξία
744 3132 829 3204 huju„
860 3134 969 3189 micul,
993 3100 1089 3174 figant,
1107 3117 1136 3155 ru
1149 3106 1269 3171 ςιιιιιιιιιι
1282 3116 1398 3154 uxorum
1412 3116 1468 3154 non
1484 3098 1631 3154 discedant
1643 3115 1661 3154 a
1673 3098 1828 3154 dranornm

135 3219 240 3273 directe
247 3216 293 3272 rel
303 3218 413 3288 oblique
421 3216 614 3283 labefactatur,
632 3234 702 3288 quas
718 3235 769 3273 suo
780 3218 885 3274 loco'in
898 3219 967 3274 anti-
995 3188 1187 3288 m²f¹d⁸⁸⁰¹¹¹m
1212 3186 1416 3254 ⁰b⁸⁶mfi⁰¹¹⁸r
1446 3201 1497 3241 ¹¹⁰⁰
1520 3192 1633 3256 P¹⁰Pi⁰¹
1657 3201 1756 3240 ¹¹¹⁰*
1779 3202 1828 3241 ’θ’
1839 3202 1884 3246 Χῑ
1897 3201 1942 3243 183

993 3281 1129 3330 canonem
1147 3273 1183 3328 ad
1203 3273 1352 3328 coelestem
1368 3287 1482 3328 menam
1498 3276 1677 3327 contemnant
1693 3270 1761 3328 Lac.
1785 3275 1826 3339 14,

993 3378 1019 3417 ι.
1040 3365 1082 3417 23.
1099 3360 1144 3416 rel
1164 3364 1197 3415 ιιι
1214 3360 1273 3430 ipse
1289 3358 1429 3430 apostolus
1443 3376 1467 3414 v.
1481 3363 1524 3414 33.
1537 3358 1658 3427 exponit,
1676 3376 1733 3411 non
1744 3357 1829 3412 nimis

993 3449 1103 3503 solics’te
1130 3448 1250 3515 repitent
1277 3448 1313 3500 de
1336 3445 1404 3513 s'iiie,
1427 3462 1498 3515 onae
1522 3453 1586 3498 sant
1610 3445 1695 3513 lajas
1719 3444 1828 3511 mnndi,

994 3535 1133 3606 quomodo
1149 3533 1285 3603 placeant
1297 3532 1440 3601 meatus,
1457 3529 1507 3585 sed
1527 3529 1628 3585 soliciti
1647 3530 1702 3583 sint
1719 3529 1754 3585 do
1773 3528 1828 3595 his,

448 3664 656 3674 ...-
995 3638 1067 3690 qaae
1083 3628 1147 3674 sont
1165 3619 1292 3686 Domini,
1314 3618 1452 3688 quomodo
1464 3617 1602 3685 placeant
1620 3616 1753 3670 Domino.
1773 3614 1831 3678 Qui

990 3709 1069 3777 flans,
1082 3706 1138 3761 sim
1148 3713 1283 3775 empnam
1295 3721 1351 3759 Μ’·
1364 3704 1471 3772 fleon,
1486 3703 1538 3772 qut
1546 3701 1679 3770 caudens,
1694 3709 1830 3771 mnenon

439 3801 460 3864 ο
468 3802 600 3864 ΛΡΜ
629 3801 666 3863 χ,
995 3810 1052 3846 non
1069 3795 1232 3863 pandentes,
1260 3790 1277 3844 i.
1298 3807 1321 3846 e.
1338 3806 1392 3845 nec
1414 3789 1444 3844 in
1462 3788 1586 3845 adversis
1603 3787 1697 3843 animo
1716 3788 1772 3843 sint
1788 3787 1830 3843 ni·

995 3878 1080 3933 mium
1100 3877 1228 3943 demisso,
1252 3892 1303 3930 nec
1321 3875 1351 3930 in
1371 3874 1509 3946 prosperis
1529 3874 1644 3929 nimium
1669 3875 1751 3941 elato,
1773 3891 1829 3930 non

289 3959 352 4014 DE
383 3958 475 4016 USU
505 3958 665 4016 HUJUS
694 3959 817 4017 Locl.
993 3964 1144 4036 patiantrrr,
1165 3980 1197 4019 se
1215 3963 1310 4018 dolore
1336 3968 1364 4017 et
1379 3961 1538 4017 tristitiwb
1557 3961 1660 4017 amissa
1676 3961 1831 4033 velerepta
1865 4022 1871 4034 ,

993 4050 1091 4106 mundi
1106 4049 1181 4105 bone
1198 4047 1328 4119 opprimi,
1345 4064 1399 4103 nec
1416 4046 1500 4103 finam
1518 4047 1646 4104 desiderii
1660 4054 1689 4102 et
1701 4046 1829 4102 substan·

10 4160 120 4210 asnuru
169 4137 228 4188 101.
268 4131 338 4187 Ueste
357 4132 442 4203 buius
461 4132 514 4188 loci
534 4135 577 4186 at
606 4139 626 4189 l.
646 4129 823 4209 amassetis,
848 4139 873 4191 2.
894 4156 968 4207 rspo-
993 4138 1062 4193 tiam
1078 4136 1175 4208 gaudii
1192 4136 1223 4190 in
1239 4135 1354 4191 mamis
1372 4137 1551 4191 constituant.
1580 4135 1634 4198 Qui
1652 4141 1754 4202 emunt,
1773 4133 1830 4187 sisu

10 4212 120 4305 ’,πε
133 4214 235 4281 κτικὸς.
259 4217 438 4273 llseoreticas
450 4223 494 4273 est
504 4225 525 4274 1.
549 4216 754 4290 detractorie,
770 4225 804 4274 ut
819 4220 967 4276 confessio·
993 4232 1130 4294 tanqaom
1147 4241 1204 4278 non
1218 4222 1406 4295 possidentes,
1434 4221 1500 4292 quia
1523 4221 1640 4291 praedia
1655 4224 1685 4274 et
1701 4218 1762 4290 egri
1774 4233 1830 4272 nnn

10 4315 71 4356 reos.
132 4304 177 4359 nis
194 4309 305 4361 noemae
322 4303 358 4359 de
377 4303 493 4359 interitu
513 4305 609 4360 mnndi
628 4323 679 4360 suo
699 4313 823 4377 tempore
840 4315 967 4362 secuturo
994 4310 1096 4364 dantur
1114 4308 1183 4379 ipsis
1200 4308 1230 4362 in
1245 4308 1448 4378 pomessionem
1460 4311 1633 4377 perpetuam,
1651 4303 1700 4359 sed
1714 4304 1743 4358 iu
1756 4319 1829 4358 oom-

133 4388 316 4446 fundamenta
332 4406 367 4445 ex
381 4388 532 4461 Scriptum
553 4398 697 4447 teneamus
712 4390 832 4447 attidem
845 4398 967 4447 nostram
993 4395 1208 4451 manicationem
1227 4394 1476 4459 usufructuariam
1494 4392 1541 4463 qui
1561 4391 1748 4463 negotiantur,
1766 4406 1829 4460 pos

132 4475 265 4530 sdrereus
280 4475 393 4546 quosvis
410 4492 516 4533 moras
533 4477 621 4547 probe
634 4476 808 4547 muniamus,
828 4483 853 4535 2.
873 4482 966 4550 tlsys·
993 4483 1106 4536 adeant
1121 4497 1166 4536 res
1183 4485 1317 4546 tarenos,
1336 4478 1385 4534 sed
1403 4484 1528 4546 caream,
1548 4495 1583 4532 nc
1600 4477 1636 4531 ab
1653 4477 1721 4548 ipsis
1737 4475 1830 4546 posei-

135 4558 217 4627 τικός,
236 4566 268 4616 ιιι
287 4559 439 4630 Epicureas
456 4568 486 4617 et
502 4561 627 4619 ethnices
648 4564 792 4634 opiniones
813 4565 848 4618 de
871 4565 967 4619 mundi
994 4570 1126 4631 deantur,
1149 4567 1167 4622 i
1188 4582 1211 4621 e.
1237 4583 1273 4622 ne
1296 4582 1345 4621 cor
1367 4565 1451 4620 rebus
1475 4564 1529 4619 illis
1555 4564 1637 4619 fluxis
1661 4570 1689 4619 et
1709 4579 1830 4623 momen·

131 4647 967 4719 aeternitatedetestemuriisquescutumimmobilecxverbo
993 4653 1084 4709 tunsis
1102 4658 1253 4724 apponant.
1286 4653 1340 4715 Qui
1359 4659 1473 4705 mantas
1490 4652 1603 4720 mando,
1624 4657 1757 4719 tonorum
1773 4666 1830 4704 non

11 4736 118 4777 ‚rmu-
131 4731 186 4788 Dei
202 4748 381 4803 opponamus.
400 4735 550 4789 Practicas
560 4743 603 4791 est
620 4735 665 4790 vel
681 4737 833 4805 amaretis,
845 4738 891 4792 rel
905 4755 966 4806 spc-
994 4740 1142 4807 chosroes,
1159 4739 1290 4795 videlicet
1307 4737 1465 4793 inordinato
1483 4743 1513 4795 et
1529 4738 1615 4792 nimio
1633 4754 1726 4793 mora
1740 4736 1830 4793 eidem

10 4799 118 4882 ,Ἕω
132 4817 223 4873 asts.
246 4823 269 4875 1.
281 4816 435 4885 Generalis,
452 4824 484 4874 nt
503 4819 586 4893 hnjm
603 4821 745 4876 novimimi
760 4829 893 4893 perpetuo
912 4841 967 4880 me·
993 4824 1179 4880 adhaerendo.
1217 4824 1308 4880 Vama
1327 4823 1368 4878 rei
1385 4841 1453 4878 usus
1473 4824 1502 4879 in
1519 4841 1552 4880 eo
1573 4823 1707 4892 consistit,
1727 4827 1760 4877 ut
1780 4821 1831 4877 illa

10 4893 63 4934 '¹¹¹‘
132 4920 222 4961 moros
245 4904 339 4960 omnia
363 4903 485 4961 risibilia
508 4905 632 4978 ingenia,
663 4907 740 4964 fluxa
763 4914 791 4962 et
809 4910 968 4967 trimitaria
994 4920 1106 4967 utamur
1129 4910 1228 4977 taliter,
1254 4909 1345 4982 qualis
1363 4913 1413 4965 est
1451 4911 1517 4967 darn
1542 4926 1607 4965 sero
1632 4909 1751 4963 mundus
1774 4925 1830 4964 non

132 5007 192 5046 esse
212 4991 366 5063 cogitemus
392 5007 426 5046 ac
448 4991 485 5047 ad
511 4992 645 5063 pietatem
668 4993 765 5051 sedulo
786 5012 836 5050 nos
859 4995 968 5053 confor-
994 5004 1037 5055 est
1049 4996 1165 5059 stabilis,
1179 4996 1285 5065 firmus,
1301 5002 1462 5067 perpetuas,
1480 4996 1530 5052 sed
1544 4995 1644 5061 fluxus,
1656 4995 1830 5050 consitorine

134 2960 301 3016 somniate
317 2959 432 3029 opinio,·
451 2964 475 3016 3.
493 2959 622 3013 Maesa
640 2958 669 3014 in
687 2960 805 3016 ecclesie
818 2959 853 3016 de
865 2960 968 3016 mundo

134 3302 208 3359 thesi
227 3306 363 3376 quusque
382 3302 482 3374 capitis
505 3304 693 3358 recensuimus
713 3305 853 3375 superium
879 3311 902 3361 t.
922 3322 967 3360 ca·

134 3391 251 3445 riositas
273 3406 377 3459 eorum,
403 3389 453 3462 qui
481 3394 588 3444 certum
611 3389 686 3445 diem
708 3389 753 3445 rel
777 3407 880 3446 annum
904 3408 967 3447 con·

135 3476 312 3533 summationi
329 3475 414 3533 seculi
433 3475 581 3547 praefinire
599 3476 659 3532 ausi
680 3475 766 3533 fuere.

132 5094 245 5136 memus.
264 5082 289 5134 2.
307 5077 382 5135 Patr.
404 5083 428 5144 3,
442 5096 467 5133 v.
493 5085 539 5136 ιιι
558 5079 708 5138 Camism
725 5084 821 5137 omnin
840 5083 967 5154 (coelum,
994 5093 1023 5140 et
1034 5089 1250 5139 momentaneus.
1273 5083 1349 5154 Ergo
1365 5083 1450 5138 οιιιιιιι
1463 5101 1496 5138 eo
1510 5087 1686 5136 nonutsmnr
1697 5088 1829 5153 tanquam

131 5168 206 5221 terre
224 5171 254 5220 et
272 5165 418 5231 clementa)
444 5166 628 5221 diseotmda
648 5168 714 5238 sint,
736 5170 838 5238 qanta
858 5178 968 5239 oportet
993 5189 1023 5227 re
1043 5176 1179 5242 perpetua
1197 5169 1246 5223 sed
1265 5168 1342 5225 fluxa
1362 5169 1452 5225 obiter
1476 5175 1505 5224 et
1525 5169 1555 5223 in
1572 5173 1740 5222 umcursu.
1772 5168 1830 5223 Διι-

130 5267 179 5304 sos
198 5267 257 5307 sese
277 5252 307 5305 in
325 5254 433 5307 sanctes
457 5254 711 5310 convasations'tas
737 5273 772 5310 ac
793 5257 968 5326 pietatibast
993 5257 1123 5329 gostinus
1140 5262 1222 5313 aaut
1235 5261 1276 5311 13.
1296 5256 1326 5310 in
1340 5255 1457 5312 slohun:
1480 5255 1831 5323 ceremonensem-

131 5336 233 5394 Matth.
252 5343 296 5407 24,
315 5355 343 5394 r.
362 5344 388 5394 2.
407 5339 494 5393 Marc.
515 5345 556 5410 13,
574 5358 599 5394 ι.
618 5344 642 5394 2.
659 5341 727 5396 Luc
741 5348 784 5406 21,
801 5360 827 5397 v.
842 5348 866 5399 c.
887 5342 967 5398 disci·
993 5347 1108 5399 modam
1131 5343 1226 5397 uiator
1246 5344 1277 5396 in
1294 5343 1406 5398 mabam
1433 5341 1502 5412 (sive
1527 5340 1677 5396 diversorio
1698 5340 1770 5396 Luc.
1790 5347 1831 5410 ru,

129 5424 212 5494 pulos
230 5424 446 5494 pulcherrimam
466 5431 495 5481 et
507 5426 734 5498 angustissimam
752 5429 849 5500 templi
871 5431 969 5487 Hiero·
994 5450 1020 5487 r.
1039 5433 1092 5499 35.)
1110 5431 1200 5485 omar
1219 5446 1324 5493 menso,
1348 5429 1447 5497 aalma
1470 5445 1563 5497 arceo,
1589 5428 1758 5482 dimissuros
1774 5444 1832 5482 non

130 5509 291 5580 solymitani
308 5515 475 5565 maturam
487 5510 658 5567 manta
669 5511 797 5572 Christus
813 5515 852 5570 ed
866 5515 967 5571 excidii
989 5533 1204 5587 pmmoasorae.
1222 5515 1301 5571 ldarn
1316 5514 1364 5571 lib.
1385 5519 1425 5572 tt.
1444 5514 1544 5570 denir.
1564 5513 1619 5570 Dei
1632 5530 1691 5582 cap.
1706 5520 1736 5571 'tt
1753 5513 1833 5569 Boni

128 5595 828 5668 propedieminstentisooneidssetiouenrreeooat.
851 5601 968 5674 Videtis,
993 5606 1036 5659 ad
1053 5604 1107 5660 lsoo
1134 5609 1252 5663 iteam
1274 5603 1391 5667 mdo»
1413 5608 1447 5656 “i
1466 5602 1612 5670 stum
1631 5603 1707 5664 0⁶02
1730 5607 1838 5655 mm
