4050 6014
189 342 251 400 412
850 334 1082 392 TRAC'PATUS
1100 333 1248 391 SEXTUS

188 504 238 555 epo
265 503 313 541 ero
339 496 446 543 scutum
469 496 548 543 tuum
569 499 595 542 et
612 505 718 543 merces
743 498 791 543 tna
810 508 913 558 mapna
932 490 1024 543 valde.
1052 490 1132 542 lectis
1145 489 1287 544 aulaeatis
1304 496 1354 546 etc.
1373 489 1597 544 beatiiruantur.
1621 488 1656 542 In
1673 487 1721 542 lib.
1745 494 1764 541 1.
1785 486 1892 541 Corani

188 574 237 627 Ea
253 584 371 644 propter
386 577 448 645 ipsc
468 576 679 631 5151115111).
698 592 826 645 eperum
846 577 955 639 ostium,
970 591 1025 643 per
1051 592 1069 628 5
1090 574 1191 629 Salem.
1212 576 1353 645 Sweigero
1376 575 1443 629 editi
1469 593 1494 629 c.
1516 578 1556 630 13.
1581 592 1607 644 p.
1627 579 1669 629 111.
1710 571 1892 628 Μ5155555155

187 679 230 716 me
255 663 283 714 si
304 663 368 730 quis
394 663 550 729 introierit,
567 663 741 734 salvabitur,
762 670 788 716 et
805 663 980 729 inpredietur
1000 668 1024 712 et
1051 661 1090 714 sic
1109 661 1240 716 describit
1257 660 1426 732 paradisum,
1445 661 1520 730 quod
1533 677 1566 713 ec
1584 660 1746 726 mnarapdis
1773 659 1890 727 51155-

187 749 360 817 epreciietur,
389 755 415 801 et
437 765 548 817 pascua
566 749 703 810 1115555151.
744 749 868 814 Pascua,
895 755 1025 801 aeternae
1051 747 1153 800 cintbis
1170 756 1243 801 totus
1256 749 1293 801 sit
1305 755 1469 818 eustracius,
1482 749 1559 817 quod
1570 748 1665 810 fontes
1682 745 1784 814 mellis,
1803 744 1891 799 lactis

186 831 295 886 55111551
314 833 507 901 beatitudinis,
527 832 644 887 inueniet
663 834 762 897 inme,
785 833 887 902 srspple
905 834 1024 886 1515551
1051 841 1077 884 51
1094 834 1154 886 cini
1171 834 1200 886 in
1220 850 1252 887 55
1267 834 1370 902 fluant,
1390 834 1467 902 quod
1485 833 1567 886 unius
1589 832 1651 885 diei
1666 832 1791 900 spatium
1807 830 1890 884 mille

179 919 271 983 soris.
314 920 398 972 Intus
418 936 472 987 per
497 919 606 973 claram
631 919 789 972 diuinitatis
807 919 943 972 51515555
958 934 1024 986 per·
1051 936 1141 972 annos
1160 927 1294 987 exaequet
1319 925 1370 974 515.
1392 920 1469 986 quod
1486 918 1597 972 incolae
1613 917 1752 986 paradisi
1770 924 1890 969 utantur

185 1004 346 1074 fectamque
363 1005 548 1070 fruitionem
560 1005 642 1072 soris
657 1021 713 1072 per
733 1005 875 1071 ploriosae
894 1004 1023 1056 bomani·
1049 1005 1168 1058 55511155
1178 1007 1267 1058 omnis
1279 1005 1390 1073 pencris
1400 1004 1551 1072 coloribus,
1570 1011 1683 1072 5555515
1693 1007 1765 1070 atro,
1783 1002 1889 1067 tinctis,

130 1090 131 1093 ’
186 1092 255 1144 15115
272 1090 457 1142 intuitionem.
489 1090 570 1154 Quod
588 1106 653 1144 vero
668 1091 695 1143 in
709 1089 860 1160 Scripturis
878 1087 1023 1144 beatitudo
1050 1093 1127 1158 qnod
1144 1107 1236 1144 omnes
1256 1091 1313 1143 sint
1330 1091 1358 1141 in
1377 1097 1486 1142 statura
1498 1090 1582 1141 Adae
1602 1097 1629 1143 et
1638 1089 1743 1156 forma
1761 1085 1889 1151 misisti,

187 1181 300 1230 aeterna
319 1181 496 1244 eomparatur
514 1177 639 1229 concivio
658 1194 693 1229 ac
710 1177 818 1244 nuptiis
830 1176 894 1230 Esa.
907 1179 948 1240 25,
961 1192 987 1227 5.
998 1178 1022 1228 b.
1050 1177 1127 1246 55551
1145 1176 1270 1244 prinmm
1294 1176 1407 1244 5551555
1424 1176 1455 1227 15
1475 1175 1648 1243 paradisum
1669 1172 1889 1227 adventantibus

186 1279 245 1331 cap.
264 1267 306 1325 65,
327 1265 409 1317 v.13.
427 1261 527 1317 1151115.
547 1266 571 1326 8,
588 1279 614 1315 5.
633 1267 671 1316 11.
691 1261 813 1323 15522,
834 1279 860 1314 5.
874 1268 914 1317 to.
934 1260 1022 1329 Apso.
1049 1263 1175 1315 exbiberi
1189 1261 1302 1315 solitum
1311 1268 1433 1330 paretur
1447 1277 1480 1313 55
1491 1261 1592 1328 hepate
1607 1260 1699 1331 piscat
1708 1259 1832 1312 Albebut
1843 1258 1888 1311 acl

188 1355 227 1414 18,
246 1354 311 1403 511.
337 1347 365 1400 id
392 1346 607 1418 intelligendum
627 1348 709 1417 juxte
726 1347 869 1417 vulgatam
888 1347 1022 1416 regulam,
1048 1347 1211 1416 Alimpeput
1235 1349 1319 1414 dicti,
1344 1348 1405 1400 cibo
1427 1349 1582 1400 admodum
1600 1346 1680 1400 dulci
1696 1363 1730 1400 55
1750 1345 1886 1408 delicato,

185 1435 260 1508 quod
280 1434 368 1489 sancti
381 1431 434 1487 Dei
455 1433 580 1487 homines
598 1434 703 1504 gaudia
720 1432 808 1486 futuri
826 1431 912 1486 555511
924 1448 1022 1505 paors·
1049 1435 1126 1504 qnod
1146 1433 1287 1486 abundent
1301 1435 1434 1487 carnibus
1448 1434 1538 1486 omnis
1555 1433 1666 1500 5555515
1683 1432 1747 1484 5515
1762 1430 1887 1499 porcina

184 1523 239 1582 scic
255 1525 303 1574 551
323 1523 517 1594 napopolssoic
529 1519 689 1573 describant
706 1517 798 1573 verbis
816 1518 970 1588 praesentis
982 1534 1022 1571 se·
1050 1527 1182 1589 escepta;
1211 1537 1238 1588 p.
1260 1525 1301 1574 12.
1326 1521 1404 1588 quod
1431 1519 1649 1573 concubinarum
1676 1524 1703 1570 et
1729 1524 1886 1569 scortorum

185 1606 250 1674 5511,
269 1605 341 1659 51551
353 1603 489 1659 beneficia
502 1604 566 1658 novi
581 1604 739 1659 testamenti
753 1604 906 1675 prophetae
921 1603 1021 1657 descri-
1050 1605 1263 1659 innumerabilis
1280 1605 1363 1675 copia
1375 1604 1473 1673 cuique
1492 1612 1608 1674 praeno
1625 1605 1784 1672 sitfutura.
1798 1601 1847 1656 lib.
1862 1605 1886 1656 2.

184 1692 256 1748 bunt
279 1691 372 1745 verbis
395 1707 429 1745 ex
449 1690 527 1745 55115
547 1698 575 1744 51
599 1689 799 1744 consuetudine
817 1689 920 1744 veteris
938 1694 1022 1743 testu·
1049 1706 1072 1744 5.
1092 1695 1134 1746 28.
1159 1708 1186 1760 p.
1209 1694 1270 1746 tte:
1299 1690 1416 1744 ,Fideles
1440 1689 1605 1743 babitabant
1628 1689 1658 1742 in
1679 1689 1825 1757 paradiso
1856 1687 1886 1738 in

184 1778 269 1833 menti
300 1777 442 1831 desumtis.
476 1777 506 1830 Si
535 1779 575 1846 551
599 1779 671 1852 ῥητῷ
694 1776 818 1845 praecise
841 1775 887 1830 1515
905 1775 1022 1829 velimus
1049 1776 1554 1842 medicumoeniesimorumsontium,
1567 1775 1664 1827 ornati
1675 1782 1756 1827 aunt
1770 1772 1887 1826 annnls's

184 1864 325 1931 insistere,
349 1879 520 1934 consequens
544 1862 631 1931 foret,
657 1860 799 1915 Christum
822 1861 1021 1923 1555555555,
1048 1871 1074 1914 et
1095 1864 1239 1931 torquibus
1258 1863 1368 1929 aurcis,
1387 1862 1482 1916 induti
1500 1861 1591 1916 serico
1612 1867 1664 1915 etc.
1684 1859 1732 1913 lib.
1752 1864 1776 1916 3.
1796 1876 1817 1913 c.
1843 1862 1884 1913 la.

184 1950 230 2005 551
249 1949 323 2003 beati
341 1949 473 2015 assident,
492 1955 520 2002 et
536 1947 656 2001 laetitiae
670 1945 797 2001 coelestis
816 1946 1020 2002 administrum.
1048 1965 1074 2017 p.
1094 1953 1159 2002 21³:
1183 1949 1272 2000 Beati
1296 1949 1327 2000 in
1346 1949 1490 2016 paradiso
1516 1948 1707 2015 uoluptatibus
1727 1945 1887 2013 omniparis

66 2035 252 2094 15555155.
276 2040 315 2098 12,
334 2051 360 2087 v.
380 2040 421 2091 37.
458 2032 556 2087 Potest
574 2031 627 2085 1555
648 2038 745 2085 555155
762 2031 887 2086 ludaeos
909 2031 1020 2101 probari
1047 2035 1254 2102 circumfluent,
1282 2034 1417 2096 fruentur
1432 2034 1691 2102 pulcherrimarum
1710 2031 1885 2097 seminarum

183 2138 216 2176 ex
239 2122 321 2179 Pror.
332 2128 356 2184 9,
376 2140 401 2175 r.
420 2125 443 2175 2.
463 2119 511 2174 ubi
531 2119 669 2189 sapientia
686 2117 852 2172 describitur
866 2116 1020 2186 boemodo,
1048 2119 1203 2181 consortio,
1228 2136 1347 2187 piorum
1366 2120 1444 2172 oculi
1460 2126 1524 2172 sunt
1541 2118 1633 2172 lucidi
1652 2126 1677 2172 et
1697 2118 1756 2171 5515
1776 2117 1886 2183 mopni·

184 2208 258 2279 quod
284 2208 427 2259 5515555511
452 2208 547 2258 uinum
569 2212 596 2257 et
619 2220 743 2257 mensam
767 2204 939 2271 apposuerit.
978 2202 1020 2256 Ea
1047 2206 1144 2259 tudine
1167 2207 1346 2274 respondent.
1372 2222 1396 2260 5.
1422 2211 1462 2260 20.
1486 2222 1511 2274 p.
1532 2210 1591 2260 215.
1626 2203 1775 2256 Vescentur
1790 2204 1886 2271 pomis

181 2309 249 2348 5555
275 2293 304 2344 15
329 2307 412 2345 55555
431 2290 532 2343 literali
551 2294 579 2342 et
596 2288 710 2357 proprio
728 2292 845 2356 accepta
866 2287 1020 2357 sapientiae
1046 2292 1153 2360 caries,
1178 2292 1270 2344 bibent
1292 2290 1474 2345 5555551555
1497 2308 1626 2359 spmspoe,
1649 2290 1784 2359 conjupes
1801 2289 1885 2341 babe-

183 2377 333 2433 cauvenire
352 2383 507 2446 nequeunt,
526 2375 630 2444 quippe
650 2374 730 2443 cujus
748 2382 847 2427 natura
868 2373 1020 2444 spiritualis
1048 2376 1114 2430 bunt
1123 2379 1341 2446 psdcberrimas,
1359 2392 1431 2445 quae
1451 2377 1626 2430 5551555555
1645 2394 1702 2430 non
1719 2375 1780 2428 alio
1799 2391 1885 2443 quam

182 2468 239 2533 est3
263 2462 318 2516 cibi
338 2478 405 2532 ergo
424 2478 457 2514 ac
477 2467 560 2531 potus
580 2459 691 2513 nomine
711 2458 877 2530 intelligitur
893 2476 950 2513 555
966 2458 1019 2514 ali·
1047 2463 1077 2514 in
1098 2464 1175 2532 ipsos
1189 2463 1321 2530 diripent.
1342 2479 1367 2518 c.
1381 2467 1421 2519 25.
1441 2479 1468 2532 p.
1489 2467 1548 2517 225.
1576 2461 1695 2514 Palatia
1716 2467 1797 2513 erunt
1810 2467 1886 2512 tecta

182 2549 276 2604 monia
299 2547 452 2619 corporalis
469 2547 517 2602 sed
541 2546 594 2601 Dei
613 2545 727 2610 5511115,
755 2544 878 2600 sincerus
897 2562 974 2599 amor
992 2553 1020 2601 51
1048 2557 1172 2617 arpenta,
1190 2549 1221 2601 in
1235 2548 1374 2601 subilibus
1386 2555 1467 2601 crum
1484 2547 1583 2601 lectuli
1595 2548 1685 2601 aurei.
1703 2551 1885 2615 52115221.

183 2635 317 2707 gandium
343 2650 377 2689 ex
402 2633 499 2688 divina
518 2631 676 2704 praesentia
703 2632 732 2685 in
749 2637 864 2686 aeterna
880 2631 939 2685 5115
955 2648 1018 2700 pro·
1052 2632 1178 2688 Vestibus
1198 2634 1352 2687 induentur
1369 2651 1441 2688 auro
1461 2633 1632 2698 intertextis,
1659 2634 1751 2686 bibam
1769 2648 1802 2686 ee
1817 2633 1886 2696 fon-
1900 2653 1949 2696 11,
1962 2653 2013 2699 sm,

181 2720 281 2787 fluens,
311 2721 413 2790 quibus
437 2720 517 2774 bonis
542 2719 636 2773 anima
661 2735 716 2772 uon
743 2718 833 2771 minus
863 2716 1017 2776 5511511155,
1047 2719 1120 2771 tibus
1131 2719 1314 2783 dulcissimis,
1326 2726 1505 2773 consuescent
1514 2737 1577 2772 cum
1587 2719 1753 2786 airpinsbns,
1761 2735 1883 2787 quarum

182 2823 267 2878 quam
285 2801 1018 2876 555555151555511551155555515551155151515-
1046 2803 1124 2856 oculi
1149 2804 1323 2857 lucidissime
1353 2804 1478 2872 fulpent,
1503 2805 1662 2875 supercilio
1695 2812 1789 2859 autem
1818 2812 1885 2856 ssent

181 2892 279 2947 lectari
298 2891 452 2958 555555511,
470 2890 511 2944 515
529 2889 602 2944 enim
615 2888 759 2956 exponitur
772 2888 876 2942 Psaim.
889 2895 929 2951 31,
947 2906 973 2942 r.
988 2894 1018 2943 9:
1046 2890 1226 2957 nipricantia.
1247 2907 1270 2943 5.
1281 2897 1324 2946 tt.
1344 2908 1370 2960 p.
1384 2893 1444 2946 238.
1465 2891 1579 2959 tapetiis
1599 2891 1759 2944 insidebant
1776 2891 1883 2953 aureis,

181 2978 403 3032 inebriabantur
425 2977 550 3029 abertate
566 2976 666 3028 (155155
682 2982 762 3043 tuae,
788 2983 814 3029 et
832 2982 955 3028 torrente
973 2992 1017 3028 uo·
1045 2977 1180 3040 fruentur
1211 2976 1353 3029 consortio
1383 2976 1525 3045 os‘rpinam
1558 2977 1671 3029 maritis
1699 2976 1881 3031 intactarum.

181 3064 377 3132 heptatistuae
390 3062 502 3130 potabis
517 3078 571 3114 555.
601 3059 691 3127 Adde,
710 3060 784 3130 qnod
798 3060 914 3129 reeipsa
928 3066 1018 3114 osten·
1046 3078 1069 3115 5.
1089 3066 1131 3117 58.
1152 3079 1178 3131 p.
1197 3067 1254 3118 251.
1280 3062 1371 3115 bibent
1392 3079 1426 3114 55
1439 3061 1553 3130 poculo,
1575 3063 1827 3129 quodjformatum
1851 3079 1885 3116 55

182 3146 238 3213 dat,
257 3147 397 3215 nescibi,
423 3163 474 3201 555
493 3151 587 3216 potus,
600 3162 663 3222 *nec
686 3144 873 3215 generationis
890 3163 971 3200 usum
988 3146 1018 3199 in
1047 3149 1179 3212 consero,
1190 3147 1419 3200 habitabuntsub
1431 3148 1570 3200 umbrosis
1584 3148 1747 3213 arboribus,
1773 3164 1883 3201 555555-

180 3233 239 3288 5115
257 3239 371 3288 aeterna
390 3233 530 3300 futurum,
551 3232 617 3303 5515
636 3230 709 3285 enim
725 3248 844 3301 corpora
861 3238 942 3285 erunt
959 3233 1017 3300 spi·
1046 3240 1093 3286 tur
1114 3232 1329 3302 pretiosissimis
1347 3234 1509 3301 fructibus,
1539 3234 1631 3287 bibent
1655 3250 1688 3287 55
1702 3235 1817 3301 poculis
1836 3251 1883 3288 ar-

181 3320 304 3374 ritualia
317 3325 346 3374 51
363 3335 418 3373 555
431 3317 548 3389 amplius
567 3316 706 3378 animalia,
725 3316 788 3370 ideo
807 3317 841 3370 de
860 3317 1018 3371 substantia
1046 3320 1151 3388 penteis
1179 3327 1206 3373 et
1233 3320 1416 3388 crystallinis.
1444 3336 1468 3373 5.
1494 3325 1536 3375 61.
1567 3338 1593 3391 p.
1612 3326 1670 3376 251.
1699 3321 1884 3375 abundabunt

181 3422 276 3461 eorum
302 3405 371 3459 nihil
390 3405 545 3471 deteratur,
564 3402 638 3473 quod
660 3403 835 3471 reparatione
855 3403 1017 3472 percibum
1042 3405 1150 3473 palmis
1168 3422 1202 3457 oc
1220 3405 1329 3468 oitibsts,
1349 3405 1547 3458 sobabitabunt
1564 3405 1635 3473 ipsis
1648 3407 1773 3474 rirqines
1792 3407 1883 3461 oculis

181 3507 215 3545 ac
232 3498 330 3561 potum
348 3490 490 3560 indigeat,
511 3489 671 3558 qniaerunt
686 3488 871 3557 immortalia,
888 3488 952 3542 ideo
968 3504 1018 3558 per
1046 3491 1231 3543 lucidissimis
1251 3499 1278 3543 et
1301 3491 1484 3558 amplissimis
1509 3507 1543 3543 ac
1561 3492 1690 3544 mammis
1714 3494 1882 3560 compressis

181 3577 389 3648 generationem
409 3593 465 3630 non
483 3579 565 3629 erunt
580 3572 773 3627 aliiinlocum
792 3573 1017 3642 praecedentium
1045 3594 1080 3629 ae
1098 3577 1229 3631 rotundis
1255 3584 1371 3629 ornatae
1395 3581 1447 3629 515.
1485 3575 1578 3644 Hujus
1605 3577 1715 3647 generis
1740 3578 1822 3647 plura
1852 3578 1882 3631 in

181 3662 356 3733 surrogandi.
392 3660 459 3715 Otto
476 3658 663 3729 Frisingeneis
688 3658 749 3714 libr.
773 3664 796 3716 8.
823 3658 1016 3716 5155515555.
1044 3661 1154 3716 Corano
1172 3661 1264 3715 ubivis
1283 3667 1441 3724 occurrunt,
1460 3660 1496 3713 de
1512 3662 1614 3731 quibus
1630 3661 1707 3716 hand
1725 3661 1881 3731 injuriosis

181 3753 228 3802 ib:
248 3749 315 3800 Non
333 3748 505 3800 medendum
524 3754 572 3808 est,
592 3747 703 3798 animas
722 3753 819 3797 ecutae
836 3762 955 3814 corpore
972 3749 1018 3800 551
1044 3747 1205 3818 pronuntiat
1217 3745 1368 3800 Gemonias
1379 3753 1451 3817 part.
1464 3753 1489 3801 t.
1507 3763 1587 3805 serm.
1607 3748 1641 3802 de
1657 3748 1760 3802 omnib.
1777 3748 1881 3802 5555115

178 3842 244 3903 poet
270 3833 503 3885 resurrectionem
526 3832 693 3898 spiritualia
719 3848 855 3899 corpora,
878 3832 1017 3900 anpeliois
1045 3850 1070 3904 q.
1091 3838 1119 3889 1:
1139 3832 1301 3884 Paradisus
1315 3831 1529 3898 Saracenorum,
1547 3834 1597 3901 qui
1613 3833 1739 3888 consistit
1758 3835 1787 3887 in
1806 3851 1879 3888 com·

180 3918 328 3990 spiritibus
335 3917 462 3985 puritate
475 3933 510 3969 ec
522 3918 663 3985 dipnitate
680 3933 735 3969 non
753 3917 915 3985 inferiores,
933 3917 1017 3970 rebsss
1043 3920 1161 3984 edendo,
1175 3917 1302 3982 bibendo,
1315 3918 1497 3984 luxuriando,
1504 3919 1601 3987 potius
1610 3921 1651 3972 ad
1659 3927 1752 3972 mutas
1764 3921 1878 3985 bestias,

181 4002 374 4070 eetmioribns,
393 4002 464 4055 51551
490 4002 520 4053 15
540 4002 592 4053 bac
615 4003 681 4068 cita,
702 4002 849 4055 delectari.
889 4002 1016 4058 Proinde
1043 4003 1317 4075 qnamadbomines
1332 4012 1448 4074 spectat.
1484 4004 1630 4060 Aricenna
1642 4005 1755 4075 quidem
1773 4006 1802 4059 in
1821 4023 1879 4061 me-

180 4089 271 4143 sicubi
288 4106 372 4142 sacra
388 4086 548 4155 Scriptura,
562 4087 680 4155 floridis
693 4094 718 4138 et
734 4086 887 4140 uirentibus
899 4089 1017 4157 eampis,
1042 4091 1119 4160 taph.
1140 4089 1244 4154 scribit,
1263 4105 1404 4142 sermones
1419 4089 1486 4143 illos
1498 4105 1558 4143 esse
1570 4092 1783 4159 metaphoricos,
1801 4093 1880 4159 quod

181 4176 306 4229 amoenis
325 4175 406 4241 locis,
429 4174 544 4241 parritu
562 4174 665 4236 auium,
685 4172 843 4236 odoriferis
862 4174 954 4241 rebus,
971 4182 1016 4227 ut·
1043 4195 1100 4230 non
1120 4175 1266 4244 potuerint
1284 4175 1418 4243 caprina,
1436 4181 1469 4228 ut
1488 4175 1633 4244 opinatur,
1653 4177 1811 4248 uoluptates
1829 4178 1879 4231 bo·

178 4269 245 4330 pote
262 4262 438 4314 cinnamomo
459 4267 484 4312 et
500 4258 642 4327 balsamo,
663 4274 761 4310 sensus
780 4273 875 4311 eorum
894 4260 975 4321 reici
991 4269 1016 4313 51
1042 4269 1138 4316 nestas
1156 4261 1276 4314 51155155
1297 4261 1371 4314 uitae
1390 4263 1558 4331 praesertim
1578 4263 1700 4316 rudibsss
1723 4263 1880 4317 bominibus

179 4343 746 4417 5115151511,5515115511155155551155
759 4360 842 4411 qsiam
860 4345 1016 4398 carnaliter
1043 4350 1101 4401 nisi
1116 4347 1258 4401 uocabulis
1279 4346 1496 4401 delectationum
1513 4347 1883 4417 5515551555555515155

179 4433 377 4501 accipiendum
391 4433 510 4484 ridetur.
541 4429 677 4491 Quamvis
690 4437 716 4482 ct
729 4437 851 4497 propter
863 4430 1016 4498 simplices,
1043 4436 1148 4487 mundo
1169 4433 1377 4502 percipiuntur.
1414 4432 1469 4486 Sed
1492 4432 1577 4503 hujus
1597 4434 1706 4505 glossae
1726 4435 1834 4490 nullum
1853 4437 1882 4489 in

180 4518 231 4586 qui
240 4518 322 4581 lacte,
334 4534 391 4569 non
403 4517 497 4569 solido
512 4517 573 4569 cibo
588 4515 689 4568 5155511
698 4523 770 4580 eunt,
788 4532 907 4583 quomam
919 4531 1016 4569 sensra
1042 4526 1122 4575 textu
1140 4523 1230 4573 exstat
1248 4517 1405 4587 vestigium.

178 4605 303 4656 nondum
332 4601 480 4654 exercitati
508 4601 688 4668 spiritualem
713 4601 922 4667 jucunditatem
943 4618 1015 4654 eom·
1081 4610 1135 4661 158.
1173 4609 1196 4658 3.
1222 4602 1395 4668 0111155155,
1430 4604 1619 4672 Cerintbiani,
1647 4607 1805 4674 Nepotiani
1826 4614 2016 4673 51555555..

174 4689 353 4758 prehendere
365 4694 512 4754 nequeunt,
524 4687 593 4739 baec
598 4686 769 4754 frequenter
777 4686 1016 4754 etoquibusdam
1043 4707 1160 4761 regnum
1182 4688 1288 4743 Christi
1311 4689 1339 4742 in
1366 4689 1410 4742 his
1431 4690 1510 4743 terris
1530 4692 1604 4746 mille
1624 4693 1759 4752 5555515
1780 4686 1993 4764 ουτω-ΜΨ·

179 4774 340 4828 doctoribus
358 4780 516 4840 ponantur,
535 4779 565 4824 ut
583 4773 625 4824 sic
638 4787 693 4840 per
712 4771 839 4825 risibilia
859 4774 901 4824 ad
918 4772 1014 4825 inuisi·
1042 4777 1096 4830 reis
1124 4774 1315 4844 voluptatibus
1345 4775 1509 4829 duraturum
1536 4777 1686 4843 docebant,
1716 4778 1751 4832 de
1776 4780 1878 4849 quibus

179 4861 251 4914 bilia
270 4859 465 4929 copnosoonda
483 4863 509 4909 et
529 4857 702 4926 inquirenda
722 4857 876 4912 mittantur.
1041 4862 1070 4914 in
1085 4867 1165 4915 15551.
1187 4860 1222 4914 de
1237 4877 1388 4913 consumm.
1408 4860 1494 4915 555511
1514 4867 1537 4926 g.
1556 4866 1597 4916 61.
1618 4869 1646 4916 51
1664 4880 1742 4934 seqq.
1773 4865 2024 4936 1051555555

49 4955 162 4996 511555-
218 4953 272 5002 151,
309 4950 332 5000 2.
363 4945 543 4998 Maiumctus
569 4944 599 4997 in
629 4943 738 4998 Corano
767 4949 795 4997 51
824 4944 912 5012 Ζι555,
937 4943 1014 4998 libris
1041 4964 1123 5016 penes
1141 4945 1213 5000 bom.
1230 4951 1269 5000 11.
1289 4946 1317 4998 15
1337 4943 1419 4999 Num.
1439 4952 1528 5016 putat,
1548 4947 1578 5000 in
1597 4949 1655 5001 5115
1674 4950 1778 5012 futura
1796 4968 1878 5018 quos-

46 5006 110 5046 m'
178 5033 253 5103 apud
272 5033 360 5103 ipsius
378 5036 527 5086 sectatores
546 5029 612 5084 fidei
631 5029 807 5084 authenticae
826 5035 855 5085 et
871 5030 1013 5086 indubita-
1042 5036 1108 5086 dam
1121 5033 1246 5085 domines
1260 5049 1317 5084 non
1330 5033 1430 5096 Deum,
1448 5034 1501 5086 sed
1518 5034 1754 5103 anqelostuntum
1767 5037 1880 5091 risuros

177 5125 231 5182 tae,
251 5117 483 5187 splendidissima
493 5117 616 5185 palatia,
636 5117 747 5184 repales
767 5117 877 5184 epulas,
895 5118 1013 5170 choreas
1040 5135 1108 5184 esee,
1128 5126 1155 5170 et
1172 5121 1264 5170 Deum
1284 5116 1408 5171 tornines
1426 5120 1501 5172 alios
1520 5120 1589 5172 51115
1609 5121 1720 5189 anpelis
1739 5121 1878 5189 subjeetu-

177 5213 203 5257 et
219 5205 361 5271 vispinum
380 5203 526 5271 amplexus
544 5200 635 5256 beatis
660 5202 688 5254 in
712 5202 843 5270 paradiso
865 5202 1013 5272 pollicetur
1039 5223 1103 5258 rum
1128 5221 1196 5259 esse.
1233 5203 1312 5257 Idem
1337 5203 1354 5256 1.
1386 5211 1406 5259 1.
1424 5210 1489 5278 περὶ
1509 5202 1605 5278 ἀρχῶν
1622 5223 1646 5260 5.
1665 5213 1690 5262 8.
1711 5216 1878 5278 perpetuam

178 5305 211 5344 ac
230 5289 313 5343 talem
333 5297 397 5360 post
416 5289 643 5344 resurrectionem
656 5286 800 5341 beatorum
818 5288 903 5341 511555
922 5287 1012 5359 tingit,
1039 5293 1181 5359 quendam
1189 5290 1337 5353 felicitatis
1348 5298 1374 5343 et
1384 5291 1513 5344 miseriae
1526 5292 1662 5344 circulum
1674 5292 1816 5363 contingit,
1826 5294 1874 5347 cui

176 5392 233 5448 qua
245 5377 418 5428 515151551τηί5
432 5377 524 5446 aquis,
542 5376 695 5440 salutifero
710 5383 788 5444 potu,
804 5376 899 5443 pomis
917 5377 1011 5428 malti·
1038 5377 1202 5448 opponimus
1221 5375 1291 5429 illud
1308 5376 1459 5447 Augustini
1478 5376 1497 5432 1.
1508 5382 1549 5432 22.
1569 5377 1872 5449 (155151151555215

175 5463 282 5531 modis,
307 5463 449 5525 fructibus
474 5464 576 5528 variis,
602 5460 807 5515 decentissimis
830 5469 914 5530 51555
934 5481 1011 5516 mun·
1041 5465 1118 5527 Quid
1135 5481 1170 5516 ea
1191 5463 1363 5516 beatitudine
1382 5463 1530 5530 fallacius,
1554 5464 1604 5517 ubi
1619 5482 1670 5517 nos
1682 5466 1804 5532 futuros
1822 5467 1873 5519 mi·

176 5549 302 5604 diesimis
321 5548 493 5617 mulieribus,
512 5549 626 5602 annalis
643 5548 747 5616 aureis,
763 5546 884 5602 aestibus
902 5549 1010 5614 sericis,
1037 5567 1116 5605 seros
1135 5555 1186 5603 aut
1210 5549 1240 5601 in
1257 5556 1337 5600 tantu
1355 5549 1482 5602 ueritatis
1500 5549 1561 5603 luce
1579 5551 1750 5617 5555155555,
1773 5557 1823 5604 ant
1842 5552 1873 5606 in
