4050 6014
248 169 309 230 258
895 159 1127 218 amuranus
1145 159 1313 229 QUINTUS

246 317 339 372 nenati
354 315 476 371 laminis
493 317 619 371 emditio
637 331 747 385 semper
762 315 873 370 doloris
887 316 1035 372 maesiam
1053 324 1080 371 et
1107 317 1197 371 niuem
1214 316 1338 386 eupiunt,
1356 313 1406 384 qui
1420 330 1563 383 nunquam
1582 312 1714 366 desinunt
1728 326 1856 380 peecare,
1876 311 1947 364 &sss

247 404 345 458 mortis
363 411 494 457 aetmnae
509 403 645 474 palidum
662 402 803 456 recidivet.
1105 405 1207 457 uiuum.
1241 402 1291 456 Aa
1307 418 1438 471 mapsam
1455 416 1522 468 erpo
1540 399 1680 468 justiliam
1691 396 1854 467 judsearstis
1876 409 1946 466 pes·-

112 498 233 548 oussnro-
315 495 357 545 60.
396 488 545 554 Quaeritur
577 488 652 543 circa
684 489 876 543 aeternuatem
904 487 1078 543 infernalium
1106 490 1182 554 tinet,
1203 497 1234 542 ut
1251 485 1680 556 nunquameareantsupplicio,
1694 486 1745 554 qui
1763 485 1792 537 in
1810 483 1867 538 lae
1885 482 1946 536 uita

108 550 233 641 ”illiga
248 575 456 645 suppliciorum,
484 578 508 630 1.
534 592 572 628 an
598 576 743 629 conueniat
769 576 882 630 diuinae
900 575 1080 644 justitiaene
1106 593 1248 644 nunquam
1284 575 1434 628 valuerunt
1466 588 1564 627 carere
1586 580 1712 641 peceato.
1761 568 1945 625 Bernhardus

106 653 476 752 „ffffiffjmiserieordiam
497 670 618 732 peecata
642 662 811 731 temporalia
837 662 960 715 aeterrn's
980 661 1080 730 poenis
1105 661 1185 729 epist.
1205 664 1265 717 253.
1290 658 1324 714 ad
1343 659 1510 714 Guarinum:
1534 658 1576 712 ol
1599 658 1650 710 boe
1671 656 1777 726 procul
1794 657 1882 709 druto
1903 654 1944 706 in-

120 766 177 796 run.
247 749 368 818 afflipil
394 747 576 817 Respondent
604 747 642 818 pii
668 755 776 802 veteres
800 746 924 801 unanimi
946 745 1080 818 suffragio
1100 746 1235 815 flexibilis
1261 755 1287 799 et
1313 747 1468 800 obstinatae
1493 746 1592 798 mentia
1615 745 1736 812 punitur
1759 741 1944 796 aeternaliter

107 806 233 898 illisi*
248 833 395 897 stimate,
418 835 573 890 rationibus
599 852 632 889 ex
656 834 801 904 Scriptura
824 834 966 904 productis
985 832 1080 902 hujus·
1106 835 1223 903 malum,
1248 835 1312 887 lieet
1335 834 1528 902 temporaliter
1544 839 1752 904 perpetratum,
1776 830 1846 899 quia
1864 830 1944 898 quoa

115 909 220 1010 JJJJffi
246 920 336 975 modi:
360 923 384 989 1)
400 919 549 976 Peccatum
566 921 745 976 committitur
757 929 854 976 eontra
872 918 1009 975 infinitum
1028 919 1080 973 bo·
1106 921 1184 974 mere
1204 921 1262 982 fait
1279 927 1401 989 tempore
1420 919 1464 973 uel
1477 936 1570 988 apere,
1586 918 1698 987 lanpum
1718 933 1777 971 esse
1794 915 1943 969 constatis

106 1016 129 1053 n
142 1014 230 1052 misen.
244 1023 326 1073 num,
353 1006 485 1062 videlieet
502 1008 607 1071 Deum,
632 1023 697 1075 ergo
724 1007 806 1062 etiam
829 1013 1000 1077 promeretur
1018 1002 1079 1059 iufi-
1101 1007 1247 1077 pertinaci
1264 1006 1425 1072 voluntate,
1450 1007 1490 1058 ita
1508 1013 1539 1058 ut
1564 1005 1590 1056 si
1611 1022 1753 1073 nunquam
1778 1008 1943 1069 moreretur,

117 1065 219 1165 lllllll'
245 1092 331 1147 uitam
349 1108 475 1162 poenam,
495 1093 627 1147 videlicet
652 1100 800 1148 aeternam.
836 1093 1013 1164 Augustinus
1031 1091 1079 1146 lib.
1106 1110 1246 1161 suaptim
1259 1092 1340 1145 uellet
1360 1109 1477 1160 peecare
1497 1091 1635 1159 desinere,
1646 1091 1702 1144 imo
1720 1105 1831 1159 semper
1849 1088 1943 1172 visere

116 1171 231 1258 {ffiffi
246 1182 286 1233 21.
310 1178 345 1232 de
366 1178 443 1235 civit.
462 1177 515 1234 Dei
536 1195 596 1249 cap.
621 1184 658 1234 ll.
680 1179 708 1232 in
726 1178 829 1251 prinam
848 1178 946 1232 Poena
964 1186 1079 1231 aeterna
1106 1179 1195 1246 uellet,
1214 1186 1244 1231 ut
1262 1195 1371 1250 semper
1385 1194 1506 1247 peecare
1523 1185 1625 1248 posset.
1655 1174 1792 1229 Taalerns
1812 1175 1841 1227 in
1855 1173 1943 1231 homi

116 1271 188 1310 serat·
245 1263 311 1318 ideo
330 1266 405 1318 dura
426 1273 452 1319 et
470 1266 582 1334 injusta
595 1266 722 1318 sensibus
733 1263 994 1330 uideturlsumanis,
1012 1264 1079 1334 quia
1109 1265 1181 1328 Quia
1205 1265 1320 1318 diabolo
1346 1282 1450 1318 morem
1475 1272 1620 1334 perserunt
1642 1262 1673 1317 in
1692 1262 1784 1330 oitis's,
1801 1269 1833 1314 ut
1852 1261 1942 1314 sidua

116 1323 200 1424 ldllgll
246 1350 276 1404 in
305 1352 359 1406 tae
391 1352 554 1414 infirmitate
585 1351 814 1407 moribundorum
848 1368 978 1406 sensuum
1004 1353 1080 1404 deest
1107 1352 1190 1404 etiam
1202 1351 1232 1405 irs
1246 1352 1347 1421 poenis
1357 1351 1465 1404 subditi
1480 1351 1545 1413 sint,
1564 1350 1761 1418 aequissimum
1778 1348 1868 1418 plane
1886 1354 1964 1412 est,··

247 1437 298 1491 ille
329 1455 427 1492 sensus
465 1439 620 1492 altissimae
651 1439 878 1507 purissimaeque
915 1437 1080 1508 sapientiae,
1107 1437 1148 1491 sie
1159 1445 1185 1491 et
1199 1435 1426 1506 pundoqutuem
1444 1453 1563 1505 semper,
1579 1436 1781 1504 sipotuissent,
1798 1439 1942 1503 optassent

247 1540 301 1592 pua
327 1524 430 1578 sentiri
448 1524 553 1595 possit,
579 1533 712 1594 wantum
739 1526 822 1588 nefas
848 1524 878 1578 in
905 1524 959 1578 illa
982 1522 1081 1592 prima
1106 1524 1197 1577 visere
1222 1531 1247 1576 et
1264 1539 1417 1591 perseuare
1436 1522 1607 1592 inpeccatis
1631 1522 1662 1575 in
1689 1537 1777 1590 eaque
1800 1521 1942 1575 notamus

243 1610 492 1680 pramarieaticne
509 1611 685 1665 commissum
701 1610 747 1663 sit.
773 1610 911 1665 Taulerus
931 1610 959 1663 in
972 1608 1081 1665 homil:
1108 1611 1212 1663 mortui
1227 1617 1299 1675 ssent,
1318 1611 1403 1663 uelint
1422 1610 1523 1676 nolint,
1541 1626 1650 1679 semper
1666 1626 1777 1678 quoque
1795 1609 1826 1661 in
1841 1608 1942 1677 poesis

248 1694 318 1750 Cum
337 1699 467 1751 damnmi
483 1700 619 1753 ademeris
634 1698 733 1751 bonum
752 1697 897 1766 infinitum,
914 1698 992 1767 quod
1001 1698 1081 1751 Deus
1107 1699 1215 1750 durare
1244 1705 1385 1767 eopentur.
1441 1698 1468 1761 4)
1497 1693 1623 1749 Hominis
1648 1695 1790 1749 morientis
1815 1693 1941 1748 voluutas

247 1789 296 1852 est,
314 1783 508 1852 peccauerint,
528 1785 593 1852 iure
612 1799 720 1855 quoqne
738 1784 835 1837 diuina
853 1784 956 1837 malum
970 1797 1081 1852 poenae
1108 1782 1284 1838 confirmatur
1307 1783 1335 1837 in
1356 1799 1389 1837 eo
1409 1787 1497 1848 statu,
1523 1782 1552 1836 in
1573 1797 1628 1853 qao
1647 1781 1771 1846 moritur,
1793 1778 1867 1834 sicut
1886 1778 1941 1833 dis·

249 1871 365 1924 deletrn
387 1871 428 1925 es's
456 1872 603 1936 infinitum.
642 1871 802 1941 Dionysius·
822 1869 1021 1926 carthusianus
1046 1870 1081 1924 de
1109 1869 1164 1923 boli
1182 1886 1201 1924 a
1218 1869 1281 1924 Deo
1299 1868 1483 1939 apostatantis
1502 1867 1630 1923 voluntas
1656 1867 1749 1921 statim
1770 1865 1827 1920 fnit
1843 1864 1940 1921 confir·

248 1961 369 2029 quatuor
385 1956 542 2012 novissimis
560 1963 611 2014 art.
628 1963 674 2014 ὅθι
697 1957 753 2020 Qui
765 1958 893 2022 miratur,
912 1958 989 2026 quod
1000 1959 1081 2011 Deus
1108 1964 1183 2010 mata
1207 1955 1236 2009 in
1258 1954 1306 2010 illo
1328 1955 1409 2010 malo.
1455 1947 1586 2009 Albertus
1609 1954 1639 2009 ia
1662 1971 1761 2009 comm.
1786 1952 1885 2007 Mattb.
1912 1957 1941 2006 'lt

247 2044 418 2097 naturaliter
443 2045 531 2099 bonus
552 2052 579 2098 et
600 2045 666 2113 pius
688 2052 745 2098 tam
765 2045 829 2099 dire
847 2061 881 2099 ae
899 2044 1080 2099 aeternaliter
1109 2041 1178 2096 Cum
1186 2042 1292 2111 aliquis
1301 2043 1330 2095 s'n
1340 2059 1427 2095 eausa
1438 2041 1534 2106 finales
1549 2039 1776 2110 impoenitentiae
1787 2040 1817 2093 in
1823 2047 1941 2109 peccato

243 2130 328 2199 punit
353 2146 388 2182 aa
410 2130 538 2184 medient
552 2139 700 2199 peecatum
720 2131 800 2184 breue
818 2130 947 2185 celeriter
972 2131 1081 2195 sadum
1109 2129 1236 2195 moritur,
1254 2130 1385 2182 uoluntas
1404 2129 1466 2196 ejus
1488 2128 1518 2179 in
1539 2127 1613 2182 mala
1629 2126 1787 2181 obstinatur
1804 2135 1831 2182 et
1848 2128 1879 2180 in
1896 2143 1940 2181 ae·

247 2222 274 2269 et
291 2216 410 2285 finitum,
427 2216 578 2284 dilipenter
596 2217 762 2283 consideret,
783 2233 866 2285 psam
874 2234 981 2269 summa
997 2223 1023 2270 et
1039 2218 1081 2270 in·
1108 2224 1217 2269 ternum
1230 2223 1351 2287 propter
1369 2215 1420 2268 isne
1440 2214 1659 2283 innueeptibr'lis
1675 2213 1813 2284 efficitur,
1833 2223 1859 2268 et
1877 2214 1941 2268 idea

142 2315 148 2333 *
245 2301 329 2366 finita
351 2309 376 2354 et
401 2301 664 2373 incomparabiliter
692 2319 795 2370 mapna
825 2309 851 2356 et
879 2302 1016 2356 sacellam
1045 2303 1081 2356 sit
1107 2319 1248 2371 nunquam
1266 2301 1302 2356 ab
1324 2318 1356 2355 eo
1374 2307 1521 2371 peecatum
1540 2300 1659 2370 aliquod
1675 2300 1807 2366 soluitur,
1834 2307 1860 2354 et
1882 2317 1941 2354 suns

247 2388 373 2458 dipnitae
395 2396 421 2441 et
437 2386 604 2458 auctoritas,
625 2388 767 2458 sapientia
792 2396 817 2442 et
834 2388 961 2457 justitia,
982 2389 1081 2457 benefi·
1104 2405 1197 2458 poena
1218 2395 1398 2460 peecatorum
1423 2387 1600 2456 insequatur,
1634 2402 1805 2454 consequens
1824 2395 1879 2457 eet,
1911 2393 1942 2441 ut

247 2473 348 2537 centia,
366 2473 477 2527 senuas
496 2482 579 2543 atque
598 2474 729 2544 dipnam
746 2475 812 2539 Dei,
832 2475 926 2544 sicque
943 2475 1081 2545 intellipet
1109 2477 1137 2528 in
1154 2483 1298 2530 aeternum
1314 2475 1460 2543 puniatur.
1502 2473 1530 2544 5)
1549 2471 1666 2527 Materia
1690 2472 1764 2544 ignis
1796 2472 1940 2528 infernalis

247 2559 438 2613 enormitatem
458 2560 573 2628 peceati
595 2568 621 2614 et
639 2561 715 2627 sciet,
740 2562 818 2629 quad
833 2561 912 2614 Deus
922 2561 1081 2630 justissime
1107 2562 1213 2632 peccati
1228 2560 1336 2616 scilicet
1354 2559 1464 2613 macula
1480 2567 1522 2614 est
1538 2566 1659 2629 aeterna,
1676 2559 1739 2613 ideo
1754 2576 1866 2631 quoque
1876 2576 1939 2631 poe·

241 2653 410 2718 perpetuam
424 2654 532 2700 unser
549 2645 684 2701 ultionem
696 2663 752 2715 pro
765 2647 866 2714 arripis,
881 2646 937 2700 imo
951 2650 1029 2718 quod
1041 2656 1081 2701 et·
1108 2665 1171 2702 nam
1189 2652 1299 2718 oportet
1313 2663 1373 2701 esse
1396 2651 1546 2700 aeternam.
1576 2644 1671 2715 Comp.
1689 2645 1811 2718 theolog.
1831 2646 1940 2702 veritat

246 2732 305 2786 iam
324 2734 398 2786 eitra
418 2734 587 2801 eandipnum
605 2733 709 2802 puniat
730 2741 893 2803 peccatores
909 2733 938 2786 in
959 2735 1081 2803 inferno,
1108 2733 1155 2788 lib.
1169 2740 1192 2789 t.
1205 2750 1267 2801 cap.
1281 2738 1327 2789 21:
1349 2733 1430 2800 Ipsis
1448 2733 1603 2796 infernalis
1615 2751 1672 2785 non
1686 2733 1739 2786 erit
1751 2735 1940 2802 purpatorius

245 2817 298 2871 bae
318 2826 360 2872 est
376 2819 468 2872 minus
486 2835 569 2888 psam
581 2826 748 2874 meruerunt.
772 2819 895 2888 Insuper
910 2818 982 2872 sicut
998 2821 1075 2873 terri·
1107 2822 1160 2874 sed
1171 2819 1344 2890 punitorias,
1362 2818 1428 2871 ideo
1442 2819 1581 2872 maculmn
1591 2819 1704 2889 peecati
1722 2836 1777 2872 non
1792 2819 1941 2888 usurpes,

246 2903 342 2959 bilitas
359 2921 395 2958 ae
413 2905 555 2959 districtio
574 2905 666 2958 diuini
682 2905 788 2972 judieii
802 2912 881 2959 tante
897 2913 978 2958 erunt
992 2907 1078 2974 majo·
1106 2909 1158 2959 sed
1176 2908 1284 2960 aduret.
1319 2903 1423 2959 Debita
1441 2912 1616 2973 peecatorum
1642 2911 1707 2958 suut
1725 2911 1847 2971 aeterna,
1874 2904 1940 2977 quia

245 3008 305 3055 res,
332 3008 386 3060 pue
411 2992 505 3061 major
530 3000 572 3045 est
590 2992 746 3061 sapientia,
769 2992 897 3060 justitia,
915 2993 1079 3054 auctoritas,
1106 2991 1228 3046 damnati
1255 2991 1304 3045 illa
1331 3008 1387 3046 non
1413 2998 1529 3062 possunt
1557 2991 1727 3061 persolvere,
1763 3007 1830 3060 ergo
1857 2991 1940 3046 etiam

129 3075 175 3121 ¹¹·
188 3077 233 3122 2⁸¹·
248 3078 367 3147 bonitas,
378 3078 541 3132 liberalitas
559 3086 585 3132 et
602 3079 801 3133 mssmmardiu
814 3078 873 3132 Dei
883 3079 912 3131 in
923 3080 983 3133 sita
994 3096 1078 3149 prae·
1107 3095 1200 3134 sarem
1219 3084 1247 3132 et
1265 3078 1404 3148 supplicia
1429 3084 1543 3133 manent
1563 3085 1682 3134 aeterna.
1714 3076 1743 3132 si
1763 3077 1791 3131 in
1812 3078 1865 3132 bac
1883 3077 1940 3132 vita

244 3170 337 3229 eentc,·
353 3163 499 3232 siculique
513 3171 590 3218 tanto
608 3164 745 3218 intensior
763 3182 797 3218 ac
812 3164 1022 3219 intolerabilior
1039 3173 1079 3218 est
1106 3173 1214 3236 tempus
1228 3165 1549 3220 solutioniconstitutum
1562 3163 1791 3234 praeterlapsum,
1819 3162 1939 3235 fitpost·

240 3265 337 3319 poena
347 3250 458 3315 inferni
468 3257 494 3305 et
505 3250 578 3305 ultio
590 3252 656 3320 Dei,
674 3269 729 3320 pue
746 3251 871 3320 dipnior,
891 3252 1079 3314 excellentior,
1107 3253 1217 3306 modum
1233 3251 1356 3305 debitum
1370 3250 1522 3306 insolubile.
1542 3250 1663 3305 Thomas
1680 3259 1703 3309 1.
1714 3257 1738 3306 2.
1752 3269 1778 3323 q.
1795 3255 1836 3307 87.
1849 3256 1899 3304 art.
1912 3257 1940 3305 ir

244 3335 412 3406 sapientior,
424 3335 544 3404 justior,
562 3336 661 3393 melior
676 3354 712 3390 ae
723 3338 929 3403 munificentior
939 3345 979 3391 eet
992 3340 1079 3406 Dens,
1107 3339 1268 3392 Aeternitas
1275 3355 1386 3406 poenae
1399 3339 1552 3407 respondet
1568 3337 1816 3392 irremissibilitati
1828 3337 1939 3407 eselpae.

245 3439 324 3492 prtem
339 3424 485 3493 offendunt
496 3423 593 3491 iniqui
622 3422 961 3493 2)Perpeccatumbomo
979 3423 1080 3477 amittit
1107 3424 1145 3477 m
1171 3425 1256 3495 eulpa
1284 3427 1462 3478 dumetorum
1489 3423 1702 3478 irremissibilis.
1748 3425 1830 3492 Erpa
1855 3424 1940 3476 etiam

245 3515 389 3563 aeternum
415 3513 444 3563 et
462 3505 601 3561 inlinitum
620 3508 736 3575 bouum,
763 3509 825 3563 ideo
844 3509 926 3563 etiam
943 3526 993 3580 per
1010 3509 1078 3563 illud
1107 3528 1196 3579 poena
1222 3529 1315 3566 eorum
1343 3519 1384 3563 est
1410 3510 1635 3565 interminabilis.
1670 3513 1698 3575 t)
1723 3508 1808 3563 Nulla
1835 3509 1890 3564 erit
1915 3509 1943 3563 ia

246 3593 344 3648 incidit
364 3594 394 3648 in
412 3592 515 3647 malum
530 3599 679 3649 aeternum.
722 3594 775 3648 Per
799 3594 917 3664 quodvis
935 3602 1079 3666 peccatum
1109 3596 1248 3652 damnatis
1264 3613 1331 3651 vera
1350 3602 1378 3650 et
1398 3595 1470 3651 seria
1486 3595 1666 3666 poenitentia,
1685 3611 1754 3666 ergo
1772 3611 1824 3649 nec
1843 3595 1872 3649 ia
1891 3595 1944 3649 illis

244 3680 360 3735 mortale
386 3687 482 3734 eontra
509 3679 708 3734 conscientiam
739 3681 913 3735 commissum
946 3682 1081 3736 amittitur
1109 3684 1198 3738 locum
1214 3681 1518 3753 babebitpecoatornm
1536 3682 1624 3736 senia.
1657 3679 1810 3753 Gregorius
1823 3679 1944 3735 Nazian-

243 3764 298 3820 Dei
310 3765 409 3838 gratia,
429 3764 549 3835 Spiritus
563 3765 652 3820 saneti
667 3764 831 3821 inhabitatio
845 3767 942 3822 etrite
957 3774 1078 3836 aeterna,
1109 3787 1192 3824 uenus
1210 3774 1278 3824 orat.
1295 3773 1333 3824 15.
1350 3786 1422 3839 quae
1440 3775 1481 3824 est
1493 3767 1522 3821 in
1535 3766 1643 3837 plagam
1663 3766 1823 3839 grandinisr
1846 3766 1942 3829 Quern-

245 3850 314 3906 baec
333 3867 398 3906 vero
410 3852 503 3907 omnia
515 3851 666 3907 suutboaa
680 3851 893 3906 inaestimabilia
913 3863 941 3908 et
958 3862 1078 3919 aeterua,
1107 3859 1261 3911 admodum
1286 3857 1336 3925 qni
1360 3856 1419 3911 Dei
1442 3871 1546 3908 memor
1569 3855 1614 3907 bic
1631 3861 1679 3920 est,
1703 3861 1790 3909 morte
1808 3855 1941 3924 superior

244 3954 311 4010 ergo
330 3938 413 3993 etism
432 3938 515 3993 homo
533 3955 583 4008 per
600 3944 744 4008 peccatum
759 3940 836 4009 juste
854 3938 952 3994 insidit
968 3941 997 3994 in
1014 3958 1078 4009 sup·
1107 3951 1164 4011 est,·
1190 3944 1232 3997 ita
1252 3944 1310 4006 lis,
1330 3943 1407 4014 quie
1424 3943 1482 3996 uita
1501 3941 1679 4004 excesserint,
1705 3957 1761 3994 non
1784 3947 1825 3993 est
1849 3941 1879 3993 in
1898 3942 1940 3994 in-
1951 3952 2015 4001 rna

244 4023 329 4093 plicia
346 4023 560 4079 inaestimabilia
579 4031 741 4083 etaeteraa.
771 4023 880 4079 Christi
894 4027 1023 4080 meritum
1038 4031 1080 4080 est
1098 4030 1188 4096 seruo
1216 4029 1358 4096 confessio
1386 4044 1436 4080 nec
1466 4045 1572 4081 marum
1597 4027 1741 4082 eorrectio.
1785 4026 1843 4080 Hie
1867 4029 1939 4082 esim

244 4108 346 4165 infiniti
364 4110 467 4165 valoris
486 4127 520 4164 sc
538 4110 636 4180 pretii,
659 4109 729 4164 illud
755 4127 807 4164 sua
824 4111 1018 4167 incredulitate
1038 4127 1078 4165 re·
1108 4117 1187 4168 Deus
1204 4116 1290 4169 uitam
1310 4122 1335 4168 et
1354 4114 1500 4182 actionem,
1524 4113 1587 4166 illia
1604 4129 1699 4167 rerum
1716 4120 1859 4183 pertarum
1879 4130 1939 4168 een·

243 4197 396 4267 pudiarunt
421 4195 560 4259 damnati,
589 4195 652 4248 ideo
677 4197 713 4249 ob
732 4195 834 4250 infiniti
863 4197 927 4252 boni
957 4199 1077 4252 amissio·
1106 4219 1200 4254 suram
1224 4201 1368 4254 conclusit.
1404 4199 1577 4270 Ephraemus
1601 4215 1679 4253 serm.
1704 4199 1739 4252 de
1763 4206 1877 4254 extum.
1894 4201 1938 4270 ju·

244 4299 307 4338 aem
337 4291 464 4339 aeternas
491 4290 520 4336 et
545 4280 667 4336 infinitas
691 4298 796 4355 poenas
824 4285 920 4340 merito
949 4285 1078 4339 sentiunt.
1106 4288 1158 4342 dic.
1176 4305 1236 4359 cap.
1261 4294 1290 4344 4:
1316 4289 1383 4341 Non
1401 4294 1441 4339 est
1464 4285 1626 4353 ininferna
1648 4286 1796 4352 consessio,
1819 4304 1876 4339 uon
1894 4301 1939 4354 pe·

243 4368 380 4425 Taulerus
398 4369 427 4422 in
445 4368 550 4423 homil:
577 4367 646 4422 Cum
675 4371 808 4423 minuati
829 4380 972 4424 aeternam
996 4391 1079 4440 repu·
1107 4376 1202 4441 mitra,
1223 4392 1279 4427 non
1299 4373 1448 4439 lacrimae,
1472 4388 1543 4441 quae
1555 4371 1667 4439 judicis
1686 4379 1816 4425 auertant
1833 4380 1939 4426 senten·

245 4456 388 4510 dianerim
405 4456 595 4524 dedendinem,
613 4455 691 4524 juste
711 4459 751 4509 ad
769 4465 912 4511 aeternam
931 4459 1079 4511 deuoluun·
1105 4463 1183 4520 tiam,
1218 4462 1284 4515 Non
1308 4468 1348 4514 est
1374 4460 1478 4513 dilatio
1500 4458 1563 4511 ulla
1587 4459 1720 4526 temporis
1740 4460 1783 4511 ad
1800 4461 1939 4527 apendarn

243 4550 291 4596 tur
307 4542 532 4597 amaritudinem.
563 4545 590 4604 3)
609 4540 701 4595 Homo
718 4559 828 4612 semper
845 4544 972 4612 peccavit
986 4543 1015 4597 in
1030 4561 1079 4599 suo
1104 4548 1320 4618 poenitentiam,
1344 4563 1401 4598 nors
1425 4545 1563 4613 repressio
1583 4552 1650 4613 post
1667 4545 1769 4597 exitum
1788 4546 1829 4598 ad
1845 4546 1939 4614 siun,

244 4635 365 4696 aeterno,
382 4630 490 4699 justum
504 4628 653 4699 igiturest,
675 4635 706 4684 ut
722 4629 805 4683 etiam
824 4645 932 4698 semper
948 4630 1080 4699 puniatur
1106 4636 1158 4688 sed
1168 4634 1263 4687 omnia
1281 4635 1365 4699 diere,
1386 4649 1489 4701 aspera
1508 4639 1532 4685 et
1551 4648 1661 4690 amara,
1682 4628 1816 4685 Paulinus
1836 4631 1938 4701 episco-

244 4716 273 4772 ia
293 4716 347 4772 Dei
364 4725 486 4772 aeterno.
520 4715 673 4787 Gregorius
692 4716 755 4771 libr.
778 4722 819 4773 ³4.
845 4715 938 4770 moral.
957 4732 1016 4788 cap.
1040 4722 1080 4773 16.
1107 4737 1157 4791 pus
1176 4717 1300 4774 Nolanus
1317 4718 1352 4773 de
1370 4716 1507 4771 damnatis
1525 4716 1565 4771 sic
1582 4716 1670 4770 canit:

244 4820 277 4858 sc
292 4802 355 4858 libr.
374 4809 398 4860 4.
422 4801 556 4874 dialogor.
581 4820 642 4874 cap.
665 4806 707 4857 44.
733 4802 771 4859 ad
793 4801 989 4873 quaestionem,
1014 4822 1079 4874 quo·
1174 4806 1340 4860 Nullaillis
1358 4803 1657 4874 reperiremomnia
1676 4802 1758 4855 nulla
1775 4804 1854 4868 fides.

245 4890 445 4958 modojustum
457 4890 502 4956 sit,
518 4890 652 4959 uteulpa,
670 4906 742 4957 quae
759 4905 819 4941 curn
841 4890 897 4953 tine
914 4899 1080 4962 perpetrata
1107 4895 1132 4959 t)
1150 4891 1241 4946 Error,
1252 4894 1302 4946 τοῦ
1321 4893 1480 4962 λογιστικοῦ
1498 4891 1526 4944 in
1541 4888 1677 4944 damnatis
1697 4888 1727 4941 ia
1746 4888 1798 4943 bae
1809 4889 1869 4943 vita
1886 4887 1939 4944 init

244 4983 292 5034 eet.
311 4976 372 5028 sine
385 4977 440 5040 tine
452 4977 610 5043 puniatur?
630 4974 671 5028 sio
682 4972 847 5043 respondet:
867 4973 931 5027 Hac
948 4984 1023 5030 recte
1037 4975 1079 5030 di·
1106 4976 1323 5047 iufiaitus„quia
1341 4975 1449 5031 finitum
1470 4978 1573 5033 bonum
1591 4975 1620 5029 ia
1634 4975 1788 5047 judicando
1801 4975 1939 5031 antetule-

244 5062 401 5127 eeretur,si
419 5062 669 5130 districtuejudeu
688 5077 745 5113 non
763 5062 853 5114 corda
870 5061 1010 5115 lominum
1030 5063 1081 5115 sed
1105 5073 1169 5121 runt
1188 5064 1260 5119 bono
1275 5061 1397 5132 infinit03
1432 5081 1508 5119 error
1521 5066 1571 5119 τοῦ
1587 5057 1795 5137 ἔπιθύμητικοι·
1810 5061 1841 5116 in
1855 5079 1938 5134 appe·

242 5150 324 5214 saeta
340 5157 481 5219 pensaret.
518 5148 618 5217 Iniqui
628 5147 701 5202 enim
717 5146 782 5200 ideo
801 5164 861 5200 eum
881 5149 937 5212 fine
955 5148 1079 5218 delique·
1104 5151 1189 5206 tendo
1207 5167 1240 5205 ae
1258 5153 1384 5225 θυμικοῦ
1399 5151 1427 5204 in
1438 5150 1615 5206 adhaerendo
1628 5149 1724 5203 itidem
1737 5147 1863 5203 infinitus
1877 5148 1937 5217 luit,

241 5244 317 5299 runt,
330 5237 399 5307 qaia
416 5254 476 5291 cum
488 5236 689 5300 inerinurunt.
720 5234 796 5288 Nam
814 5235 1079 5304 raiuusentutipue,
1104 5237 1170 5308 quia
1194 5236 1350 5291 maluerunt
1371 5236 1529 5291 inordinato
1553 5252 1646 5292 amors
1671 5242 1803 5306 appetere
1836 5234 1938 5291 bonum

239 5323 267 5376 si
280 5325 448 5393 potuissent,
466 5324 528 5378 sine
546 5323 600 5383 tine
615 5322 716 5391 sione,
734 5328 765 5374 ut
774 5324 933 5393 potuissent
949 5323 1010 5375 sine
1017 5322 1078 5389 fine
1103 5321 1211 5378 finitum
1231 5339 1314 5394 quam
1338 5322 1489 5390 inlinitum,
1514 5330 1543 5378 et
1569 5322 1719 5377 adhaerere
1743 5320 1816 5376 bono
1836 5328 1939 5394 tempo

235 5425 368 5478 peecare.
412 5410 569 5465 Ostendent
586 5409 674 5474 emm,
699 5409 768 5478 puio
786 5410 816 5463 in
829 5417 949 5479 peceato
966 5424 1077 5477 semper
1103 5409 1154 5465 rali
1176 5409 1367 5466 desiderarunt
1384 5426 1468 5482 quam
1487 5415 1607 5466 oeterno.
1642 5408 1724 5466 June
1741 5425 1809 5480 ergo
1822 5424 1939 5466 amorem
