4050 6014
292 259 350 315 XII
850 256 905 316 JO.
924 257 1025 313 PRID.
1046 255 1198 314 COTTAE
1220 257 1437 315 PRAEFATIO

421 413 475 494 Iis,
498 434 581 497 quae
603 412 756 477 hactenus
779 412 997 489 disseruimus,
1019 413 1080 478 hoc
1103 435 1231 499 quoque
1251 413 1326 477 addi
1349 423 1504 495 meretur,
1527 413 1615 497 quod
1638 412 1824 478 (lethardus
1847 423 1955 477 noster
1978 438 1998 478 a

293 515 503 601 Principibus
527 515 559 579 in
588 514 682 580 variis
714 514 851 591 caussis,
885 515 988 598 iisque
1018 515 1153 580 subinde
1183 515 1396 601 gravissimis,
1429 517 1469 580 de
1500 514 1633 580 consilio
1654 538 1712 581 suo
1736 517 1831 582 fuerit
1854 529 1997 602 rogatus.

296 616 472 683 Consultus
496 627 581 681 certe
602 615 664 679 fuit
685 617 726 680 ab
753 615 897 681 [11111111
922 617 1082 683 Saxouiae
1103 616 1156 682 Jo.
1180 616 1363 703 Georgiol.
1387 618 1420 682 in
1441 640 1552 683 caussa
1574 618 1713 684 maxime
1732 619 1833 683 ardua
1855 641 1893 683 eo
1916 630 1998 683 tem-

296 743 385 806 pore,
409 742 472 803 quo
495 718 592 782 ferale
614 716 693 780 illud
717 717 836 782 bellum
856 719 938 784 inter
954 719 1194 785 Perdinandum
1217 720 1260 788 11.
1283 720 1510 804 Imperatorem
1532 731 1563 783 et
1583 719 1743 785 Bohemos
1765 720 1996 787 exardesceret.

294 821 469 888 Consultus
493 822 589 885 etiam
609 820 670 885 fuit
701 843 719 884 a
744 820 917 886 Wilhelmo
941 821 1033 885 Duce
1056 821 1240 885 Vinariensi
1273 821 1306 885 in
1332 822 1425 885 variis
1447 822 1568 886 caussis
1599 821 1757 905 veniaque
1786 822 1995 908 temporibus,

293 924 478 1010 cumprimis
512 924 568 987 ubi
599 922 808 986 deliberatum
843 923 914 999 fuit,
949 937 1056 987 utrum
1089 923 1267 1008 pacificatio
1288 923 1459 1008 Pragensis
1489 945 1509 989 a
1538 924 1740 988 serenissimo
1763 922 1935 991 Wilhelmo
1954 923 1997 988 sit

292 1027 510 1111 acceptanda?
531 1049 627 1110 quam
650 1025 780 1108 quidem
803 1024 978 1090 celsissimo
996 1024 1142 1110 Principi
1165 1025 1251 1089 omni
1274 1025 1397 1089 ratione
1418 1024 1517 1089 suasit
1540 1023 1725 1090 Gerhardus
1745 1037 1864 1091 noster.
1909 1025 1997 1091 Con·

291 1129 393 1193 saltus
426 1152 520 1214 porro
555 1127 616 1190 fuit
637 1152 657 1192 a
678 1128 730 1193 Jo.
753 1126 921 1212 Philippo,
942 1127 1035 1192 Duce
1056 1126 1319 1210 altenburgensi,
1345 1128 1499 1204 Ernesto,
1521 1127 1614 1192 Duce
1637 1125 1910 1208 Saxo-Gothauo,
1943 1128 1996 1193 cui

290 1231 523 1316 spectatissima
557 1230 656 1293 virtus
689 1229 738 1294 Pii
781 1251 958 1314 cognomen
1001 1231 1139 1315 peperit,
1185 1230 1325 1312 itemque
1358 1251 1377 1292 a
1412 1227 1573 1314 Georgi0,
1605 1229 1743 1294 Hassiae
1776 1228 1994 1314 Landgravio,

294 1332 439 1417 aliisque,
470 1331 526 1415 qui
548 1346 580 1395 et
602 1332 785 1415 frequentes
807 1332 848 1395 ad
870 1353 942 1395 eum
962 1331 1085 1397 litteras
1107 1331 1263 1396 dederunt
1287 1340 1319 1394 et
1349 1329 1518 1395 familiaria
1540 1352 1635 1415 saepe
1660 1352 1733 1395 cum
1755 1353 1793 1396 eo
1816 1331 1997 1397 habuerunt

292 1432 461 1517 colloquia.

422 1568 578 1649 Quamvis
601 1593 640 1634 ex
664 1580 710 1634 tot
724 1568 908 1654 Heldburgi
929 1570 1033 1633 adhuc
1052 1569 1134 1633 datis
1156 1566 1289 1652 repulsis
1311 1577 1380 1630 tum
1396 1567 1577 1633 academiae
1594 1567 1627 1630 in
1642 1566 1818 1633 Germania
1831 1570 1991 1655 florentes,

294 1686 362 1736 tum
387 1671 539 1736 ecclesiae
561 1671 749 1736 celebriores
773 1670 864 1735 facile
896 1671 1073 1757 intelligere
1103 1678 1296 1756 potuissent,
1325 1668 1528 1734 Gerhardum
1553 1667 1670 1734 lenam
1701 1671 1763 1733 sibi
1796 1671 1993 1736 carissimam

291 1774 422 1838 tandem
444 1772 637 1858 translatum,
661 1773 734 1837 inde
755 1772 843 1837 nullo
866 1774 961 1837 modo
983 1784 1149 1839 evocatum
1171 1772 1226 1854 iri;
1255 1787 1361 1836 tamen
1382 1770 1498 1836 eximio
1522 1770 1680 1836 (lethardi
1703 1772 1861 1836 desiderio
1882 1789 1994 1858 captae

291 1876 430 1960 experiri
463 1875 495 1938 id
529 1876 706 1941 voluerunt.
759 1875 857 1938 Anno
879 1877 970 1940 1616.
998 1875 1038 1938 ad
1072 1873 1361 1959 superintendentis
1394 1874 1428 1937 in
1462 1874 1613 1938 comitatu
1650 1873 1926 1960 Schaumburgico
1963 1887 1995 1940 et

295 1977 487 2063 professoris
517 1977 550 2041 iu
580 1977 748 2063 gymnasio
779 1975 1006 2061 Stadthageusi
1035 1975 1177 2061 primarii
1205 1974 1394 2060 dignitatem
1424 1976 1453 2039 ei
1476 1976 1578 2061 patuit
1608 1975 1722 2039 aditus.
1773 1978 1872 2040 Anno
1900 1979 1994 2043 1617.

292 2080 428 2144 consilia
450 2080 482 2141 in
506 2079 659 2141 Borussia
681 2078 885 2162 agitabantur
913 2078 953 2141 de
976 2077 1148 2142 deferendo
1171 2077 1200 2140 ei
1221 2077 1409 2161 episcopatu
1425 2077 1681 2143 Pomezaniensi.
1718 2077 1822 2141 Annis
1846 2081 1938 2145 1620.
1961 2091 1994 2143 11

294 2184 388 2247 1623.
405 2179 579 2265 Lipsiensis
594 2179 765 2258 academia,
788 2203 872 2243 auno
888 2183 979 2248 1621.
995 2179 1286 2264 Argentoratensis,
1308 2182 1500 2244 11111622.
1520 2179 1767 2257 11111111111111,
1789 2203 1873 2245 1111
1896 2184 1992 2247 1624.

295 2281 507 2367 Upsaliensis,
533 2283 625 2348 1626.
648 2266 903 2366 Marpurgensis,
925 2281 1031 2344 denuo
1048 2281 1252 2366 Evangelicis
1275 2281 1427 2354 restituta,
1450 2293 1481 2346 et
1501 2304 1585 2346 anno
1609 2285 1700 2348 1627.
1717 2282 1993 2369 Vitembergensis

290 2382 496 2448 Gerhardum
528 2405 620 2446 suum
642 2404 710 2447 esse
733 2383 907 2448 voluerunt.
952 2383 1123 2448 Praeterea
1143 2396 1174 2447 et
1192 2382 1399 2448 Imbecenses
1422 2393 1454 2448 et
1478 2381 1779 2448 llalberstarlienses
1800 2394 1832 2448 et
1853 2384 1904 2449 111
1923 2385 1993 2471 ipse

292 2484 418 2549 Daniae
441 2484 512 2548 Rex
534 2483 785 2569 Fridericusll,
807 2484 861 2568 qui
883 2484 1042 2550 Soranum
1072 2485 1275 2570 gymnasium
1304 2507 1417 2550 ornare
1449 2486 1590 2562 volebat,
1620 2486 1756 2550 eundem
1787 2486 1906 2550 frustra
1929 2488 1992 2552 sibi

290 2587 502 2672 expetienrnt.
552 2586 666 2669 Neque
696 2587 811 2650 mirum
840 2598 905 2662 est,
933 2598 1053 2650 tantam
1082 2587 1167 2672 apud
1197 2609 1306 2651 omnes
1332 2587 1380 2650 sui
1408 2587 1564 2652 excitasse
1593 2587 1817 2669 attentionem,
1847 2588 1902 2671 qui
1924 2589 1993 2654 fere

290 2688 390 2752 totius
414 2687 608 2752 Germaniae
639 2701 826 2774 praeceptor
859 2687 1126 2753 celebratissimus
1149 2688 1277 2755 exstitit.
1321 2687 1481 2751 Dabimus
1503 2688 1553 2752 hic
1576 2688 1706 2753 brevem
1726 2689 1881 2754 duntaxat
1903 2704 1992 2754 cata·

291 2790 401 2874 logum
424 2812 551 2867 eorum,
580 2790 1207 2873 (111111111111111111111111111111111
1230 2790 1350 2876 pariter
1378 2790 1595 2854 inclaruerunt
1622 2802 1654 2854 et
1684 2813 1757 2855 vero
1780 2792 1951 2877 praecipue
1972 2817 1991 2857 a

290 2891 462 2957 Gerhardo
485 2892 614 2956 formati
636 2915 705 2958 esse
729 2893 791 2957 dici
812 2904 955 2979 possunt.
994 2893 1033 2957 In
1055 2893 1094 2956 iis
1113 2914 1188 2957 1111
1211 2903 1258 2956 111
1273 2890 1413 2956 Michael
1434 2891 1629 2973 Waltherus,
1651 2890 1856 2957 ecclesiarum
1879 2893 1990 2958 Lube-

290 2995 434 3058 censium
462 2994 725 3080 superintendens
757 2994 933 3081 generalis,
972 2992 1123 3059 Salomon
1152 2992 1316 3075 Glassius,
1356 2992 1562 3078 dignissimus
1591 2991 1748 3059 Gerhardi
1779 2995 1811 3057 in
1840 2994 1991 3059 cathedra

286 3096 423 3161 Jenensi
447 3118 617 3179 successor,
641 3094 793 3181 praesulis
811 3095 954 3162 Gothani
976 3118 1108 3160 munere
1128 3107 1240 3181 postea
1256 3106 1395 3178 ornatus,
1416 3095 1471 3164 J0.
1497 3093 1658 3181 Georgius
1680 3096 1880 3179 Dorscheus,
1903 3095 1990 3160 theo·

289 3195 383 3283 logus
406 3197 544 3282 primum
566 3199 865 3282 Argentoratensis,
894 3211 1003 3285 postea
1024 3197 1280 3279 Rostochiensis,
1300 3197 1352 3262 Jo.
1378 3196 1545 3261 Conradus
1567 3197 1798 3281 Danhauerus,
1822 3197 1991 3285 theologus

288 3298 592 3384 Argentoratensis,
621 3300 737 3363 Petrus
760 3299 1022 3382 Haberkornius,
1045 3298 1225 3364 Giessensis
1250 3299 1433 3385 theologus,
1457 3299 1573 3364 Petrus
1604 3301 1840 3386 Winstrupius,
1864 3302 1988 3378 Dauus,

290 3401 547 3486 archiepiscopus
563 3401 745 3465 Luudensis
769 3403 802 3464 in
818 3401 937 3467 Scania
959 3415 990 3465 et
1012 3402 1193 3466 academiae
1211 3401 1380 3466 Carolinae
1403 3401 1620 3478 cancellarius,
1641 3404 1694 3470 Jo.
1711 3404 1876 3479 Musaeus,
1898 3403 1989 3467 theo-

290 3502 383 3589 logus
403 3503 569 3586 lenensis,
592 3502 791 3567 Christianus
814 3503 984 3585 Dreierus,
1010 3504 1273 3569 Helmstadiensis
1294 3502 1480 3589 theologus,
1502 3503 1620 3569 Daniel
1642 3507 1793 3588 Henrici,
1821 3505 1990 3592 theologus

289 3603 479 3689 Lipsiensis,
500 3605 551 3670 Jo.
575 3605 690 3672 Matth.
714 3606 906 3690 Meyfartus‚
930 3604 1096 3691 theologus
1118 3604 1334 3689 Erfurdensis,
1356 3603 1478 3691 Oaspar
1501 3603 1701 3692 Sagittarius,
1726 3607 1929 3671 historiarum
1953 3609 1987 3672 in

288 3706 453 3771 academia
479 3707 611 3771 Jeneusi
641 3708 818 3793 professor,
848 3707 949 3772 Andr.
972 3706 1142 3783 Seuertus,
1172 3705 1354 3792 linguarum
1384 3706 1584 3772 orientalium
1615 3710 1648 3773 iu
1677 3708 1841 3773 academia
1862 3710 1986 3775 Vitem·

289 3808 440 3892 bergensi
462 3808 631 3893 professor,
655 3807 853 3873 Christianus
876 3808 1085 3890 Chemuitius,
1112 3807 1281 3894 theologus
1300 3808 1458 3891 lenensis,
1480 3809 1639 3875 Theodor.
1662 3810 1891 3896 Hackspanius
1914 3811 1986 3877 LL.

290 3909 368 3975 OO.
390 3911 550 3994 professor
577 3910 609 3972 11
637 3910 843 3974 universitate
864 3911 1036 3994 Altorfiua,
1070 3909 1254 3974 Fridericus
1275 3922 1306 3973 et
1335 3910 1527 3974 Wilhelmus
1557 3911 1716 3996 Lyserus,
1748 3925 1778 3975 et
1809 3922 1888 3995 quot
1923 3935 1989 3976 non

288 4011 353 4076 alia
376 4011 511 4075 celebria
531 4010 564 4074 in
587 4012 663 4075 orbe
686 4011 838 4076 litterario
861 4013 1015 4079 uomina?
1052 4013 1151 4076 Pauci
1176 4011 1319 4097 profecto
1341 4033 1379 4075 ea
1401 4023 1504 4076 aetate
1525 4013 1701 4076 floruerunt
1722 4012 1791 4088 1111,
1812 4012 1984 4099 praeclaris

288 4112 321 4176 in
348 4112 515 4176 ecclesiam
545 4111 762 4197 evangelicam
794 4135 830 4177 11
860 4114 1089 4199 rempublicam
1122 4114 1307 4178 litterariam
1337 4114 1455 4178 meritis
1486 4113 1667 4200 conspicui,
1698 4114 1876 4199 dequibus
1900 4114 1986 4181 Ger-

288 4214 408 4278 hardus
434 4228 541 4278 noster
577 4211 657 4277 illud
690 4213 832 4280 Senecae
862 4215 903 4279 ad
932 4215 1088 4281 Lucilium
1116 4239 1180 4281 non
1209 4216 1349 4302 potuerit
1375 4215 1443 4281 iure
1469 4237 1640 4303 usurpare:
1694 4219 1809 4283 assero
1846 4232 1873 4284 te
1901 4219 1986 4294 milri,

189 4396 201 4413 ‚
288 4339 390 4380 111111
412 4340 489 4401 opus
512 4315 593 4399 ea*).

422 4435 580 4499 Dedimus
604 4435 756 4499 hactenus
779 4436 905 4499 brevem
929 4435 1091 4499 historiam
1115 4434 1199 4500 vitae
1221 4436 1402 4521 praeclarae
1419 4434 1579 4501 Gerhardi
1602 4436 1702 4500 nostri
1722 4437 1880 4524 publicae,
1903 4460 1989 4502 nunc

291 4535 467 4598 breviorem
498 4537 582 4601 vitae
611 4538 753 4623 privatae
782 4537 938 4602 dabimus.
980 4537 1130 4602 Vidimus
1159 4535 1344 4624 theologum
1366 4537 1669 4624 praestantissimum
1691 4539 1723 4603 in
1746 4540 1898 4604 cathedra
1917 4561 1989 4604 aca-

288 4636 415 4701 demica
444 4660 551 4703 sacros
585 4639 716 4705 iuvenes
747 4641 938 4705 formantem
971 4637 1105 4704 feliciter
1137 4638 1170 4702 in
1206 4638 1289 4703 viros
1318 4639 1390 4707 Dei.
1444 4637 1658 4726 Contemplati
1691 4664 1799 4706 sumus
1830 4665 1894 4707 non
1921 4642 1988 4706 sine

291 4739 501 4803 admiratione
535 4739 675 4825 insignia
698 4741 767 4806 eius
789 4742 822 4806 in
844 4742 1024 4806 universam
1048 4739 1212 4806 eeclesiam
1234 4740 1413 4826 puriorem,
1445 4741 1479 4805 in
1501 4742 1610 4806 orbem
1631 4741 1833 4826 litterarium,
1861 4743 1893 4807 in
1918 4765 1988 4808 aca-

292 4841 429 4905 demiam
445 4841 629 4918 Jeneusem,
652 4844 730 4925 quin
752 4843 784 4906 in
804 4844 889 4929 ipsas
905 4865 1097 4907 summorum
1114 4842 1292 4928 principum
1309 4845 1398 4908 aulas
1419 4844 1538 4921 merita,
1568 4846 1657 4910 nulla
1671 4867 1813 4929 unquam
1828 4846 1989 4911 oblivione

294 4943 501 5009 obscuranda.
546 4942 641 5008 Nunc
671 4943 835 5008 videamus
866 4945 1018 5009 eximium
1048 4945 1169 5009 huncce
1191 4944 1377 5032 theologum
1399 4946 1432 5010 iu
1454 4947 1594 5032 propriis
1620 4948 1752 5013 aedibus
1775 4947 1988 5034 thalamisque

289 5043 356 5107 suis
379 5044 507 5109 tlomurn
529 5066 657 5129 quoque
678 5045 741 5108 sibi
764 5047 1016 5112 constituentem.

419 5163 561 5227 Primam
590 5162 672 5228 thori
704 5164 823 5228 sociam
852 5167 1052 5233 ann01608.
1083 5164 1217 5231 adscivit
1237 5165 1413 5231 Barbaram
1439 5167 1689 5255 Neumeyeram,
1719 5171 1875 5257 virginem
1897 5171 1989 5258 pudi-

392 5435 418 5501 *)
437 5433 542 5489 Seneca
560 5437 640 5504 epist.
658 5439 702 5491 31.
