4050 6014
270 295 314 356 IV
850 295 903 353 JO.
919 296 1020 353 FRID.
1042 295 1194 350 COTTAE
1212 294 1432 351 PRAEFATIO

273 452 358 516 enim
387 451 527 517 doctoris
556 451 714 537 dignitate
741 462 887 536 ornatus,
917 450 1012 515 variis
1042 451 1145 535 iisque
1172 449 1266 514 lautis
1296 449 1481 514 muneribus
1512 450 1573 514 fuit
1605 449 1752 514 admotus
1786 460 1878 535 atque
1899 471 1973 534 pro·

272 567 404 640 perante
429 558 556 619 fortuna
581 552 788 618 cancellarius
812 554 939 617 tandem
960 553 1265 638 Schwarzburgicus
1287 567 1411 616 creatus
1435 563 1491 616 est.
1540 552 1627 616 Huic
1651 552 1804 616 debemus
1827 551 1974 637 egregias

273 654 512 722 dissertationes
535 660 571 719 de
593 658 786 737 testamentis,
810 656 950 739 itemque
975 658 1170 736 Quaestiones
1193 657 1324 719 illustres
1347 679 1440 740 super
1459 657 1662 720 institutiones
1683 656 1869 741 imperiales,
1892 675 1975 737 quas

273 780 373 843 nepos
394 781 433 823 ex
454 760 561 832 fratre,
586 759 639 824 Jo.
656 758 804 821 Andreas
818 757 1015 833 Gerhnrdus,
1037 758 1349 823 1000000001659.
1373 756 1482 820 recudi
1505 756 1635 824 curavit.

401 862 448 926 Ut
469 882 544 924 vero
568 861 607 923 ad
629 861 685 927 J0.
709 860 912 925 Gerhnrdum
927 876 1068 924 nostrum
1084 859 1261 935 redeamus,
1283 859 1320 942 is,
1343 858 1375 921 in
1400 873 1508 924 tenera
1529 860 1635 923 adhuc
1650 872 1752 923 aetate
1772 858 1972 934 constitutus,

272 963 306 1026 in
329 961 507 1027 litterarum
527 963 747 1044 bonarumque
770 961 886 1024 artium
906 961 1073 1024 seminaria
1097 959 1304 1045 ablegatusa
1326 961 1529 1047 parentibus,
1554 960 1738 1046 cumprimis
1762 959 1805 1026 M.
1829 960 1972 1023 Henrico

273 1063 400 1147 Fabro,
429 1064 543 1128 rectori
575 1064 701 1127 00100100
724 1062 1054 1148 Quedlirrburgensis,
1083 1062 1152 1127 viro
1180 1061 1288 1126 multis
1312 1062 1496 1126 nominibus
1519 1064 1559 1127 de
1584 1085 1617 1126 00
1641 1061 1828 1127 scholastica
1849 1062 1974 1142 meritc,

273 1166 459 1230 formandus
499 1166 634 1230 traditus
675 1176 731 1229 001.
791 1165 931 1250 Ipsemet
956 1163 1143 1229 Gerhardus
1182 1178 1290 1228 noster
1329 1163 1361 1227 10
1399 1167 1545 1249 Epistola
1585 1167 1773 1229 dedicatoria
1818 1185 1973 1246 erepeseos

273 1270 409 1334 locorum
424 1270 657 1351 tlreolopicoram
676 1267 782 1342 refert,
804 1266 943 1330 sedecim
962 1267 1109 1330 doctores
1124 1266 1284 1330 numerari
1303 1268 1454 1351 potuisse,
1478 1266 1533 1348 qui
1555 1266 1652 1331 huius
1664 1265 1763 1329 Fabri
1779 1263 1973 1329 institutioni

273 1393 421 1455 magnam
446 1369 632 1432 eruditionis
655 1390 731 1431 suae
752 1381 874 1454 partem
896 1388 965 1433 sese
988 1382 1150 1454 acceptam
1172 1369 1256 1434 10000
1278 1366 1364 1431 haud
1383 1367 1475 1432 inviti
1496 1368 1614 1430 fuerint
1638 1368 1785 1434 confessi.

402 1472 517 1536 Ilaesit
546 1483 652 1534 autern
682 1471 769 1534 hisce
796 1468 829 1532 in
860 1470 976 1533 scholis
1006 1472 1046 1534 ad
1076 1493 1194 1534 annum
1221 1491 1323 1552 usque
1347 1471 1441 1538 1598.
1472 1467 1626 1533 laudabili
1656 1492 1784 1555 prorsus
1816 1467 1973 1553 exemplo.

273 1571 388 1655 Neque
411 1573 495 1637 enim
518 1595 557 1635 ca
577 1573 637 1635 fuit
661 1572 791 1636 tarditas
813 1573 971 1655 quaedam
994 1572 1125 1659 ingenii,
1144 1595 1209 1657 quo
1231 1572 1403 1658 plurimum
1425 1572 1562 1647 valebat,
1592 1594 1673 1654 quae
1705 1572 1808 1655 ipsum
1835 1570 1888 1633 hic
1917 1570 1974 1633 de-

273 1675 385 1759 tinuit,
407 1676 472 1753 sed,
496 1674 606 1757 quanti
630 1675 680 1750 sit,
702 1675 910 1738 fundamenta
932 1674 965 1737 10
987 1674 1100 1738 studiis
1123 1673 1224 1738 solide
1247 1673 1358 1738 iecisse
1380 1687 1476 1755 atque
1506 1674 1605 1759 probe
1621 1673 1809 1736 instructum
1825 1672 1973 1735 0000110-

274 1799 410 1862 guarum
434 1778 549 1840 notitia
578 1776 773 1862 reliquisque
795 1775 1007 1858 adminiculis,
1024 1775 1209 1860 priusquam
1225 1775 1266 1839 ad
1288 1775 1471 1839 academica
1486 1775 1591 1839 studia
1608 1773 1805 1860 appellamus
1821 1773 1973 1848 animum,

273 1901 333 1943 suo
356 1879 454 1943 hocce
478 1878 641 1963 exemplo,
672 1901 774 1962 eoque
804 1900 934 1964 prorsus
957 1878 1106 1962 egregio,
1140 1891 1387 1941 commonstrare
1407 1877 1516 1941 001011.
1559 1876 1667 1959 Atque
1689 1876 1749 1940 hoc
1775 1877 1879 1960 ipsum
1899 1897 1971 1938 eum

276 1980 370 2044 etiam
401 1979 574 2065 permovit,
609 1994 643 2043 ut
673 1991 799 2043 mortuo
829 2002 886 2044 suo
917 1978 1023 2041 Fabro
1058 1976 1184 2062 lyceum
1215 1978 1498 2042 Halberstadiense
1528 2000 1585 2064 per
1606 1991 1757 2041 semestre
1780 1977 1883 2040 adhuc
1910 1978 1974 2041 fre-

275 2096 451 2166 quentaret,
478 2082 510 2145 in
541 2104 605 2164 quo
634 2095 787 2146 rectorem
818 2080 1054 2163 dexterrimum,
1083 2079 1127 2146 M.
1158 2078 1295 2143 Paulum
1317 2078 1517 2154 Dolschium,
1548 2102 1606 2143 sua
1637 2079 1792 2164 pertinaci
1815 2077 1973 2142 industria

274 2183 551 2270 profectibusque,
581 2205 661 2267 quos
690 2183 724 2246 in
754 2180 958 2246 humanitatis
981 2181 1095 2247 studiis
1124 2181 1254 2264 lecerat,
1290 2179 1551 2245 luculentissimis
1576 2181 1610 2244 in
1633 2181 1682 2245 sui
1705 2181 1809 2266 rapuit
1833 2180 1973 2245 admira·

274 2285 404 2349 tionem.
460 2283 502 2347 Et
528 2305 603 2347 sane
633 2284 672 2346 de
702 2283 880 2347 eruditione
908 2285 976 2347 eius
1004 2281 1135 2348 iuvenili
1167 2284 1293 2347 abunde
1318 2294 1451 2346 testatur
1472 2283 1664 2347 exasciatum
1686 2283 1755 2347 eius
1775 2304 1902 2346 carmen
1925 2283 1971 2345 la-

275 2386 387 2460 tinunr,
410 2407 474 2469 000
488 2386 666 2449 Historiam
685 2384 889 2469 eoanpelicanr
909 2384 1035 2468 cecinit,
1056 2397 1088 2451 et
1111 2407 1262 2472 graecum
1285 2397 1458 2471 praeterea,
1482 2407 1547 2467 quo
1570 2386 1729 2450 Passionis
1750 2385 1831 2450 Jesu
1853 2383 1975 2449 Christi

275 2489 436 2552 historiam
464 2510 535 2551 curn
568 2487 687 2573 insigni
711 2484 897 2550 eruditionis
920 2499 1075 2572 apparatu
1098 2486 1279 2573 0110010000
1304 2486 1401 2550 animi
1418 2485 1614 2571 pientissimo
1633 2486 1841 2554 adumbravit.
1872 2487 1975 2550 Hisce

276 2589 503 2674 speciminibus
525 2587 654 2653 insimul
675 2588 738 2652 iam
760 2600 828 2652 tum
851 2588 1003 2673 temporis
1024 2587 1119 2651 talem
1142 2610 1212 2652 sese
1233 2590 1469 2673 demonstravit,
1498 2590 1553 2673 qui
1572 2613 1630 2674 par
1651 2589 1824 2673 aliquando
1847 2589 1975 2653 futurus

275 2705 357 2756 esset
380 2691 598 2755 continuando
623 2690 792 2754 immortali
815 2690 903 2774 operi
923 2691 1117 2757 Harmoniae
1139 2689 1529 2776 Clremnitia-Lyserianae.

401 2792 485 2856 Fata
507 2791 673 2876 quaedam,
697 2814 768 2855 cunr
789 2791 906 2875 quibus
929 2790 988 2857 bac
1011 2790 1123 2855 aetatis
1139 2793 1271 2877 periodo
1290 2793 1490 2858 conflictatus
1514 2805 1562 2856 est
1577 2791 1704 2869 Noster,
1729 2793 1789 2857 hac
1805 2793 1975 2857 occasione

275 2894 447 2981 praeterire
477 2916 543 2959 non
571 2915 750 2978 possumus.
792 2893 857 2958 Vix
880 2893 1040 2957 decimum
1063 2893 1208 2977 quintum
1232 2895 1345 2958 0010110
1368 2917 1485 2958 annum
1513 2893 1704 2979 expleverat,
1726 2917 1824 2978 quum
1847 2896 1879 2958 10
1901 2918 1975 2980 gra-

276 2997 440 3061 vissimum
460 2996 615 3061 incideret
638 2995 794 3079 morbum,
824 2996 881 3078 qui
901 3018 965 3060 non
989 3006 1126 3072 tantum,
1158 3018 1232 3060 cum
1260 2995 1428 3061 diuturnus
1458 3010 1539 3061 esset
1567 2987 1606 3060 01
1625 3017 1684 3080 per
1710 2994 1870 3081 integrum
1899 2997 1974 3060 anni

275 3099 415 3184 spatium
443 3097 559 3185 depelli
582 3096 676 3183 plane
698 3097 784 3162 haud
804 3110 931 3183 posset,
962 3097 1044 3162 vires
1074 3096 1142 3163 eius
1171 3097 1297 3183 penitus
1318 3098 1529 3162 exhausturus
1553 3121 1619 3163 esse
1639 3098 1825 3182 videbatur,
1858 3099 1913 3164 sed
1942 3111 1975 3163 01

276 3201 418 3266 animum
441 3200 575 3266 0100110
598 3198 779 3286 affligebat,
808 3211 845 3263 01
872 3199 1030 3283 scrupulis
1052 3199 1167 3284 plenus
1189 3210 1220 3263 et
1241 3200 1308 3264 fere
1328 3202 1368 3265 ab
1388 3200 1473 3264 omui
1495 3198 1719 3266 consolationis
1738 3223 1833 3264 sensu
1856 3222 1975 3264 vacuus

277 3316 369 3371 esset.
413 3303 487 3390 Ipse
511 3301 630 3367 alicubi
650 3303 778 3377 fatetur,
801 3323 835 3365 so
852 3301 933 3364 tristi
957 3301 1017 3365 hac
1036 3323 1141 3364 rerum
1156 3324 1286 3365 suarum
1299 3302 1481 3366 conditione
1501 3300 1644 3365 libellum
1663 3301 1882 3386 precationum
1897 3325 1974 3365 000-

275 3405 455 3491 scripsisse,
483 3405 548 3470 0010
577 3404 725 3470 lacrumis
749 3402 909 3468 uberrime
933 3401 1160 3471 humectatum.
1200 3402 1367 3467 Psalmum
1386 3403 1522 3468 Davidis
1551 3416 1674 3468 sextum
1698 3404 1810 3468 codem
1833 3417 1975 3488 tempore

275 3507 335 3570 sibi
358 3507 458 3571 veluti
477 3505 643 3593 proprium
666 3505 742 3570 fecit
764 3504 857 3588 eique
879 3504 998 3568 hancce
1019 3503 1129 3588 posuit
1150 3504 1407 3591 inscriptionem:
1433 3507 1572 3570 Tentatio
1594 3508 1822 3592 spiritualioris
1844 3508 1895 3570 ira
1910 3507 1977 3570 Dei

274 3620 404 3695 propter
425 3622 569 3693 peccata.
617 3606 756 3673 Fructus
787 3621 892 3672 tamen
913 3606 1047 3692 aliquis,
1067 3607 1159 3690 isque
1178 3606 1330 3692 insignis,
1363 3630 1422 3693 pro
1442 3607 1578 3672 ecclesia
1599 3620 1708 3672 000100
1730 3607 1912 3692 evangelica
1934 3630 1975 3671 ex

275 3708 462 3796 gravissimo
484 3707 583 3773 hocce
603 3709 717 3773 morbo
740 3723 853 3773 enatus
873 3720 929 3774 est.
968 3707 1078 3788 Quum
1093 3708 1177 3773 enim
1195 3707 1354 3772 Gerhnrdi
1377 3708 1477 3774 nostri
1499 3710 1624 3775 0010000
1646 3707 1723 3773 olim
1741 3709 1774 3773 in
1796 3710 1976 3775 medicinae

276 3811 381 3877 studia
401 3811 573 3897 praecipue
595 3810 826 3897 propenderet,
854 3810 917 3874 iam
948 3810 1033 3876 intus
1055 3810 1152 3874 fuisse
1173 3811 1299 3875 videtur
1324 3813 1604 3888 commonefactus,
1625 3823 1661 3876 ut
1683 3811 1789 3896 potius
1811 3812 1976 3877 doctrinae

276 3912 444 3980 sanctioris
467 3912 573 3976 studia
587 3912 816 3997 ingrederetur.
849 3914 971 3977 Votum
993 3913 1112 3977 idcirco
1133 3925 1340 3997 nuncuparet,
1362 3936 1426 3997 000
1449 3914 1544 3978 etiam
1567 3936 1647 3989 sese,
1669 3915 1815 3998 00000010
1838 3915 1975 4000 primum

249 4038 256 4047 ·
277 4040 294 4081 0
316 4038 373 4078 000
395 4026 501 4079 mente
522 4013 685 4100 depulsus,
707 4012 861 4078 liberavit.

402 4115 499 4179 Anno
521 4116 617 4181 hasce
637 4115 833 4182 calamitates
853 4116 1035 4200 insequenti
1050 4115 1283 4201 corripiebatur
1296 4127 1394 4202 peste,
1417 4139 1499 4200 quae
1515 4114 1667 4181 luctuosis
1686 4115 1755 4180 istis
1778 4118 1976 4203 temporibus

275 4240 333 4303 per
353 4216 558 4284 Germaniam
582 4231 724 4282 nostram
754 4216 845 4281 valde
868 4217 1067 4300 multumque
1088 4219 1301 4302 grassabatur.
1346 4221 1479 4294 Verum,
1502 4240 1583 4304 quae
1606 4217 1777 4303 singularis
1802 4219 1897 4303 plane
1920 4242 1974 4282 su-

275 4318 377 4408 premi
397 4319 535 4384 numinis
557 4319 619 4384 fuit
639 4318 849 4405 providentia,
873 4343 912 4384 ex
935 4319 994 4383 hac
1014 4340 1143 4404 quoque
1165 4333 1267 4386 morte
1290 4320 1388 4385 000011
1410 4319 1554 4396 feliciter,
1587 4342 1685 4404 quum
1709 4320 1868 4407 duplicem
1898 4343 1976 4386 casu

275 4421 407 4488 fortuito
431 4418 709 4508 ἀλεξιφαρμάκων
733 4420 895 4485 sumsisset
917 4421 1104 4506 portionem.

403 4523 501 4589 Iactis
534 4523 593 4588 rite
622 4522 838 4587 fundamentis
869 4524 949 4588 bene
978 4535 1121 4588 maturus
1143 4523 1207 4587 iam
1227 4535 1296 4588 erat
1321 4523 1509 4590 Gerhnrdus
1531 4536 1640 4588 noster
1666 4525 1707 4589 ad
1730 4521 1879 4589 subsellia
1901 4547 1976 4588 aca-

276 4624 410 4693 demica.
432 4622 581 4689 ¹Proinde
603 4647 687 4690 anno
710 4626 801 4691 1599.
824 4624 1082 4710 Vitembergam,
1109 4639 1241 4690 matrem
1270 4626 1365 4691 istam
1386 4625 1502 4691 almam
1517 4625 1693 4690 studiorum
1716 4637 1748 4693 et
1763 4626 1976 4690 foecundissi-

276 4750 370 4805 mam,
394 4726 561 4793 concessit.
608 4725 807 4792 Corniculum
829 4726 1085 4813 philosophicum
1108 4727 1272 4813 ingressus
1305 4727 1424 4793 nullam
1447 4750 1556 4795 earum
1576 4731 1721 4814 partium,
1742 4749 1824 4811 quae
1844 4729 1976 4811 quidem

276 4840 342 4893 tum
360 4826 511 4913 temporis
533 4850 591 4912 pro
607 4829 730 4893 ratione
752 4829 844 4894 istius
868 4830 937 4895 aevi
966 4830 1048 4894 tradi
1071 4829 1226 4912 solebant,
1246 4829 1471 4915 negligendam
1492 4830 1552 4894 sibi
1575 4853 1647 4896 esse
1669 4829 1800 4894 censuit.
1840 4830 1975 4894 Audivit

276 4930 376 5017 igitur
409 4951 448 4993 ex
478 4952 532 4995 ore
558 4929 760 5016 Wolllgangi
790 4932 917 4996 Franzii
938 4932 1117 5016 historiam,
1147 4932 1284 5017 logicam
1311 4954 1385 4997 0000
1414 4946 1510 5019 01000
1538 4933 1674 4998 ethicam
1702 4952 1742 4994 ex
1762 4951 1817 4995 ore
1839 4931 1974 4997 Antonii

276 5032 441 5117 Euonymi
451 5031 565 5120 hausit.
587 5031 625 5096 10
640 5032 807 5098 01001001οἱ0
822 5033 961 5099 1110011οο
978 5034 1139 5120 1101001010
1157 5048 1364 5120 praeceptore
1380 5056 1457 5100 usus
1473 5046 1530 5119 est,
1547 5035 1580 5100 in
1594 5033 1824 5099 mathematicis
1836 5035 1975 5099 Erasmo

277 5133 451 5209 Schmidio,
472 5134 505 5198 in
526 5132 726 5220 philosophia
747 5136 1173 5205 0010001110.Μο1011110000,
1197 5138 1231 5203 in
1251 5137 1633 5224 anthropologiadacobo
1646 5134 1743 5202 Coco.
1776 5135 1908 5201 Privata
1929 5137 1975 5200 in·

276 5257 372 5322 super
390 5235 545 5301 industria
566 5258 605 5300 ex
630 5237 770 5322 optimis,
791 5239 847 5321 qui
866 5237 900 5302 in
923 5237 1128 5303 Aristotelem
1151 5241 1354 5305 commentati
1376 5251 1461 5317 sunt,
1483 5236 1668 5305 auctoribus
1688 5237 1796 5323 ampla
1817 5239 1878 5302 sibi
1898 5239 1976 5303 fecit

277 5335 471 5403 collectanea
507 5359 645 5422 suosque
684 5338 716 5402 in
759 5339 872 5404 studiis
910 5339 1137 5425 philosophicis
1171 5341 1332 5426 profectus
1368 5342 1464 5429 plane
1492 5340 1624 5408 eximios
1646 5339 1680 5403 in
1705 5340 1977 5427 disputationibus

275 5438 411 5526 publicis
433 5441 699 5507 commonstravit.
748 5440 832 5506 Illud
855 5463 983 5526 quoque
1005 5453 1115 5508 notatu
1135 5443 1268 5529 dignum
1291 5455 1340 5509 cst
1361 5445 1569 5528 acerrimique
1590 5441 1701 5509 iudicii
1721 5444 1854 5530 praebet
1875 5444 1977 5509 docu-
