<?xml version="1.0" encoding="UTF-8"?>
<!DOCTYPE html PUBLIC "-//W3C//DTD XHTML 1.0 Transitional//EN"
    "http://www.w3.org/TR/xhtml1/DTD/xhtml1-transitional.dtd">
<html xmlns="http://www.w3.org/1999/xhtml" xml:lang="en" lang="en">
 <head>
  <title>
</title>
<meta http-equiv="Content-Type" content="text/html;charset=utf-8" />
  <meta name='ocr-system' content='tesseract 3.04.00' />
  <meta name='ocr-capabilities' content='ocr_page ocr_carea ocr_par ocr_line ocrx_word'/>
</head>
<body>
  <div class='ocr_page' id='page_1' title='image "./locitheologicic02gerhgoog/locitheologicic02gerhgoog_0365.png"; bbox 0 0 4050 6014; ppageno 0'>
   <div class='ocr_carea' id='block_1_1' title="bbox 180 264 1227 334">
    <p class='ocr_par' dir='ltr' id='par_1_1' title="bbox 180 264 1227 334">
     <span class='ocr_line' id='line_1_1' title="bbox 180 264 1227 334; baseline -0.011 0"><span class='ocrx_word' id='word_1_1' title='bbox 180 275 240 334; x_wconf 79' lang='lat'><strong>³32</strong></span> <span class='ocrx_word' id='word_1_2' title='bbox 826 264 1058 325; x_wconf 65' lang='lat' dir='ltr'><strong>releuatus</strong></span> <span class='ocrx_word' id='word_1_3' title='bbox 1080 264 1227 323; x_wconf 79' lang='lat' dir='ltr'>SEXTUS</span> 
     </span>
    </p>
   </div>
   <div class='ocr_carea' id='block_1_2' title="bbox 71 419 1964 5568">
    <p class='ocr_par' dir='ltr' id='par_1_2' title="bbox 71 419 1964 5568">
     <span class='ocr_line' id='line_1_2' title="bbox 180 419 1887 493; baseline 0.001 -17"><span class='ocrx_word' id='word_1_4' title='bbox 180 426 209 476; x_wconf 88' lang='lat' dir='ltr'><strong>et</strong></span> <span class='ocrx_word' id='word_1_5' title='bbox 223 420 395 477; x_wconf 88' lang='lat' dir='ltr'><strong>intellectum</strong></span> <span class='ocrx_word' id='word_1_6' title='bbox 403 420 720 492; x_wconf 80' lang='lat' dir='ltr'><strong>hominisersuperant3</strong></span> <span class='ocrx_word' id='word_1_7' title='bbox 734 420 1019 493; x_wconf 80' lang='lat' dir='ltr'><strong>praeparavitautem</strong></span> <span class='ocrx_word' id='word_1_8' title='bbox 1047 436 1131 488; x_wconf 83' lang='lat' dir='ltr'><strong>quam</strong></span> <span class='ocrx_word' id='word_1_9' title='bbox 1149 437 1274 490; x_wconf 81' lang='lat' dir='ltr'><strong>unquam</strong></span> <span class='ocrx_word' id='word_1_10' title='bbox 1297 419 1368 474; x_wconf 80' lang='lat' dir='ltr'><strong>sotr‘s</strong></span> <span class='ocrx_word' id='word_1_11' title='bbox 1386 421 1546 490; x_wconf 79' lang='lat' dir='ltr'><strong>esplienbit.</strong></span> <span class='ocrx_word' id='word_1_12' title='bbox 1583 423 1659 477; x_wconf 80' lang='lat' dir='ltr'><strong>Eum</strong></span> <span class='ocrx_word' id='word_1_13' title='bbox 1671 423 1887 493; x_wconf 78' lang='lat' dir='ltr'><strong>jucunditatem</strong></span> 
     </span>
     <span class='ocr_line' id='line_1_3' title="bbox 181 505 1887 587; baseline 0 -23"><span class='ocrx_word' id='word_1_14' title='bbox 181 507 230 564; x_wconf 88' lang='lat' dir='ltr'><strong>ille</strong></span> <span class='ocrx_word' id='word_1_15' title='bbox 246 507 325 563; x_wconf 91' lang='lat' dir='ltr'><strong>Dens</strong></span> <span class='ocrx_word' id='word_1_16' title='bbox 349 526 381 563; x_wconf 89' lang='lat' dir='ltr'><strong>se</strong></span> <span class='ocrx_word' id='word_1_17' title='bbox 400 509 593 587; x_wconf 81' lang='lat' dir='ltr'><strong>dilipentibus,</strong></span> <span class='ocrx_word' id='word_1_18' title='bbox 619 506 637 561; x_wconf 88' lang='lat' dir='ltr'><strong>i.</strong></span> <span class='ocrx_word' id='word_1_19' title='bbox 664 525 687 562; x_wconf 90' lang='lat' dir='ltr'><strong>e.</strong></span> <span class='ocrx_word' id='word_1_20' title='bbox 714 524 809 564; x_wconf 76' lang='lat' dir='ltr'><strong>ruam</strong></span> <span class='ocrx_word' id='word_1_21' title='bbox 834 524 913 563; x_wconf 86' lang='lat' dir='ltr'><strong>suam</strong></span> <span class='ocrx_word' id='word_1_22' title='bbox 936 505 1020 563; x_wconf 87' lang='lat' dir='ltr'><strong>iidem</strong></span> <span class='ocrx_word' id='word_1_23' title='bbox 1046 507 1346 561; x_wconf 83' lang='lat' dir='ltr'><strong>uniuersomssrmone</strong></span> <span class='ocrx_word' id='word_1_24' title='bbox 1365 506 1428 577; x_wconf 82' lang='lat' dir='ltr'><strong>quis</strong></span> <span class='ocrx_word' id='word_1_25' title='bbox 1446 508 1569 578; x_wconf 73' lang='lat' dir='ltr'><strong>effinpet,</strong></span> <span class='ocrx_word' id='word_1_26' title='bbox 1588 509 1652 578; x_wconf 82' lang='lat' dir='ltr'><strong>quis</strong></span> <span class='ocrx_word' id='word_1_27' title='bbox 1669 510 1790 579; x_wconf 79' lang='lat' dir='ltr'><strong>ottinpot</strong></span> <span class='ocrx_word' id='word_1_28' title='bbox 1810 510 1887 580; x_wconf 76' lang='lat' dir='ltr'><strong>oapi·</strong></span> 
     </span>
     <span class='ocr_line' id='line_1_4' title="bbox 179 590 1887 664; baseline 0.001 -16"><span class='ocrx_word' id='word_1_29' title='bbox 179 609 232 664; x_wconf 89' lang='lat' dir='ltr'><strong>por</strong></span> <span class='ocrx_word' id='word_1_30' title='bbox 261 593 438 650; x_wconf 86' lang='lat' dir='ltr'><strong>dilectionem</strong></span> <span class='ocrx_word' id='word_1_31' title='bbox 465 591 521 649; x_wconf 89' lang='lat' dir='ltr'><strong>Dei</strong></span> <span class='ocrx_word' id='word_1_32' title='bbox 553 599 582 648; x_wconf 90' lang='lat' dir='ltr'><strong>et</strong></span> <span class='ocrx_word' id='word_1_33' title='bbox 609 591 730 664; x_wconf 79' lang='lat' dir='ltr'><strong>proximi</strong></span> <span class='ocrx_word' id='word_1_34' title='bbox 759 592 1022 649; x_wconf 69' lang='lat' dir='ltr'><strong>demonstrantibus.</strong></span> <span class='ocrx_word' id='word_1_35' title='bbox 1046 592 1174 646; x_wconf 71' lang='lat' dir='ltr'><strong>emisset</strong></span> <span class='ocrx_word' id='word_1_36' title='bbox 1210 591 1355 647; x_wconf 84' lang='lat' dir='ltr'><strong>Caesarius</strong></span> <span class='ocrx_word' id='word_1_37' title='bbox 1373 590 1466 649; x_wconf 82' lang='lat' dir='ltr'><strong>bonit</strong></span> <span class='ocrx_word' id='word_1_38' title='bbox 1484 597 1532 649; x_wconf 77' lang='lat'><strong>26:</strong></span> <span class='ocrx_word' id='word_1_39' title='bbox 1563 594 1630 649; x_wconf 83' lang='lat' dir='ltr'><strong>Vita</strong></span> <span class='ocrx_word' id='word_1_40' title='bbox 1645 594 1716 662; x_wconf 81' lang='grc' dir='ltr'><strong><em>ι’λλο,</em></strong></span> <span class='ocrx_word' id='word_1_41' title='bbox 1741 611 1816 664; x_wconf 75' lang='lat' dir='ltr'><strong>quoe</strong></span> <span class='ocrx_word' id='word_1_42' title='bbox 1835 611 1887 650; x_wconf 82' lang='lat' dir='ltr'><strong>uso</strong></span> 
     </span>
     <span class='ocr_line' id='line_1_5' title="bbox 179 677 1887 751; baseline 0 -15"><span class='ocrx_word' id='word_1_43' title='bbox 179 698 207 737; x_wconf 82' lang='lat' dir='ltr'><strong>r.</strong></span> <span class='ocrx_word' id='word_1_44' title='bbox 218 685 260 735; x_wconf 79' lang='lat' dir='ltr'><strong>ld.</strong></span> <span class='ocrx_word' id='word_1_45' title='bbox 266 679 388 736; x_wconf 90' lang='lat' dir='ltr'><strong>occurrit</strong></span> <span class='ocrx_word' id='word_1_46' title='bbox 394 678 538 750; x_wconf 88' lang='lat' dir='ltr'><strong>apostolus</strong></span> <span class='ocrx_word' id='word_1_47' title='bbox 550 677 672 750; x_wconf 86' lang='lat' dir='ltr'><strong>prolapsi</strong></span> <span class='ocrx_word' id='word_1_48' title='bbox 684 679 743 734; x_wconf 83' lang='lat' dir='ltr'><strong>sive</strong></span> <span class='ocrx_word' id='word_1_49' title='bbox 753 677 857 734; x_wconf 86' lang='lat' dir='ltr'><strong>tacitae</strong></span> <span class='ocrx_word' id='word_1_50' title='bbox 862 677 1021 748; x_wconf 88' lang='lat' dir='ltr'><strong>objectioni.</strong></span> <span class='ocrx_word' id='word_1_51' title='bbox 1047 677 1139 732; x_wconf 83' lang='lat' dir='ltr'><strong>oculis</strong></span> <span class='ocrx_word' id='word_1_52' title='bbox 1149 685 1241 748; x_wconf 86' lang='lat' dir='ltr'><strong>polest</strong></span> <span class='ocrx_word' id='word_1_53' title='bbox 1259 679 1347 748; x_wconf 88' lang='lat' dir='ltr'><strong>cerni,</strong></span> <span class='ocrx_word' id='word_1_54' title='bbox 1363 695 1414 733; x_wconf 85' lang='lat' dir='ltr'><strong>noc</strong></span> <span class='ocrx_word' id='word_1_55' title='bbox 1426 678 1515 734; x_wconf 81' lang='lat' dir='ltr'><strong>tacito</strong></span> <span class='ocrx_word' id='word_1_56' title='bbox 1526 681 1625 735; x_wconf 71' lang='lat' dir='ltr'><strong>mmsis</strong></span> <span class='ocrx_word' id='word_1_57' title='bbox 1636 679 1810 748; x_wconf 78' lang='lat' dir='ltr'><strong>capitatione</strong></span> <span class='ocrx_word' id='word_1_58' title='bbox 1817 698 1887 751; x_wconf 85' lang='lat' dir='ltr'><strong>per·</strong></span> 
     </span>
     <span class='ocr_line' id='line_1_6' title="bbox 179 763 1889 837; baseline -0.001 -15"><span class='ocrx_word' id='word_1_59' title='bbox 179 765 302 822; x_wconf 77' lang='lat' dir='ltr'><strong>illenim</strong></span> <span class='ocrx_word' id='word_1_60' title='bbox 318 765 392 822; x_wconf 89' lang='lat' dir='ltr'><strong>hano</strong></span> <span class='ocrx_word' id='word_1_61' title='bbox 410 764 528 837; x_wconf 84' lang='lat' dir='ltr'><strong>glorium</strong></span> <span class='ocrx_word' id='word_1_62' title='bbox 542 763 721 820; x_wconf 88' lang='lat' dir='ltr'><strong>credentibus</strong></span> <span class='ocrx_word' id='word_1_63' title='bbox 734 770 928 835; x_wconf 88' lang='lat' dir='ltr'><strong>praeparatam</strong></span> <span class='ocrx_word' id='word_1_64' title='bbox 941 779 1022 818; x_wconf 90' lang='lat' dir='ltr'><strong>nemo</strong></span> <span class='ocrx_word' id='word_1_65' title='bbox 1047 763 1165 831; x_wconf 83' lang='lat' dir='ltr'><strong>striupi,</strong></span> <span class='ocrx_word' id='word_1_66' title='bbox 1189 781 1274 834; x_wconf 85' lang='lat' dir='ltr'><strong>quom</strong></span> <span class='ocrx_word' id='word_1_67' title='bbox 1302 763 1398 834; x_wconf 80' lang='lat' dir='ltr'><strong>utique</strong></span> <span class='ocrx_word' id='word_1_68' title='bbox 1426 765 1561 834; x_wconf 71' lang='lat' dir='ltr'><strong>omnesqui</strong></span> <span class='ocrx_word' id='word_1_69' title='bbox 1584 765 1704 831; x_wconf 73' lang='lat' dir='ltr'><strong>foedius</strong></span> <span class='ocrx_word' id='word_1_70' title='bbox 1733 775 1777 820; x_wconf 83' lang='grc' dir='ltr'><strong>ιιι</strong></span> <span class='ocrx_word' id='word_1_71' title='bbox 1800 784 1889 836; x_wconf 69' lang='lat' dir='ltr'><strong>psam</strong></span> 
     </span>
     <span class='ocr_line' id='line_1_7' title="bbox 179 848 1888 924; baseline -0.001 -16"><span class='ocrx_word' id='word_1_72' title='bbox 179 850 260 917; x_wconf 83' lang='lat' dir='ltr'><strong>vidit,</strong></span> <span class='ocrx_word' id='word_1_73' title='bbox 280 850 389 906; x_wconf 81' lang='lat' dir='ltr'><strong>audivit</strong></span> <span class='ocrx_word' id='word_1_74' title='bbox 407 867 505 917; x_wconf 89' lang='lat' dir='ltr'><strong>nemo,</strong></span> <span class='ocrx_word' id='word_1_75' title='bbox 535 849 610 906; x_wconf 87' lang='lat' dir='ltr'><strong>unde</strong></span> <span class='ocrx_word' id='word_1_76' title='bbox 638 848 719 906; x_wconf 90' lang='lat' dir='ltr'><strong>nobis</strong></span> <span class='ocrx_word' id='word_1_77' title='bbox 749 850 785 905; x_wconf 92' lang='lat' dir='ltr'><strong>de</strong></span> <span class='ocrx_word' id='word_1_78' title='bbox 810 865 845 905; x_wconf 88' lang='lat' dir='ltr'><strong>ea</strong></span> <span class='ocrx_word' id='word_1_79' title='bbox 867 849 1021 920; x_wconf 74' lang='lat' dir='ltr'><strong>quidquam</strong></span> <span class='ocrx_word' id='word_1_80' title='bbox 1048 864 1193 905; x_wconf 72' lang='lat' dir='ltr'><strong>enar-rore.</strong></span> <span class='ocrx_word' id='word_1_81' title='bbox 1242 848 1323 905; x_wconf 87' lang='lat' dir='ltr'><strong>Nilus</strong></span> <span class='ocrx_word' id='word_1_82' title='bbox 1347 849 1377 904; x_wconf 91' lang='lat' dir='ltr'><strong>in</strong></span> <span class='ocrx_word' id='word_1_83' title='bbox 1403 856 1520 905; x_wconf 87' lang='lat' dir='ltr'><strong>sentent</strong></span> <span class='ocrx_word' id='word_1_84' title='bbox 1544 855 1610 907; x_wconf 88' lang='lat' dir='ltr'><strong>tom.</strong></span> <span class='ocrx_word' id='word_1_85' title='bbox 1637 857 1662 908; x_wconf 94' lang='grc'><strong>1.</strong></span> <span class='ocrx_word' id='word_1_86' title='bbox 1687 851 1888 924; x_wconf 83' lang='lat' dir='ltr'><strong>orthodoxogr.</strong></span> 
     </span>
     <span class='ocr_line' id='line_1_8' title="bbox 179 934 1888 1010; baseline 0.001 -17"><span class='ocrx_word' id='word_1_87' title='bbox 179 936 311 993; x_wconf 76' lang='lat' dir='ltr'><strong>constat?</strong></span> <span class='ocrx_word' id='word_1_88' title='bbox 334 936 484 1008; x_wconf 90' lang='lat' dir='ltr'><strong>respondet</strong></span> <span class='ocrx_word' id='word_1_89' title='bbox 501 934 659 1006; x_wconf 88' lang='lat' dir='ltr'><strong>apostolus,</strong></span> <span class='ocrx_word' id='word_1_90' title='bbox 684 936 766 989; x_wconf 88' lang='lat' dir='ltr'><strong>nobis</strong></span> <span class='ocrx_word' id='word_1_91' title='bbox 783 934 921 990; x_wconf 78' lang='lat' dir='ltr'><strong>revelavit</strong></span> <span class='ocrx_word' id='word_1_92' title='bbox 940 937 1022 990; x_wconf 85' lang='lat' dir='ltr'><strong>Desss</strong></span> <span class='ocrx_word' id='word_1_93' title='bbox 1047 951 1074 1004; x_wconf 91' lang='lat' dir='ltr'><strong>p.</strong></span> <span class='ocrx_word' id='word_1_94' title='bbox 1097 938 1159 991; x_wconf 79' lang='lat'>1⁸1:</span> <span class='ocrx_word' id='word_1_95' title='bbox 1181 937 1239 991; x_wconf 77' lang='grc' dir='ltr'><strong>ιόο</strong></span> <span class='ocrx_word' id='word_1_96' title='bbox 1263 935 1422 1010; x_wconf 77' lang='grc' dir='ltr'><strong><em>μιλλὸιτιιι</em></strong></span> <span class='ocrx_word' id='word_1_97' title='bbox 1444 934 1565 1008; x_wconf 73' lang='grc' dir='ltr'><strong>ἀγαθοῖν</strong></span> <span class='ocrx_word' id='word_1_98' title='bbox 1587 943 1636 992; x_wconf 78' lang='lat' dir='ltr'><strong>sat</strong></span> <span class='ocrx_word' id='word_1_99' title='bbox 1653 937 1687 995; x_wconf 87' lang='grc' dir='ltr'><strong><em>ιὸ</em></strong></span> <span class='ocrx_word' id='word_1_100' title='bbox 1705 942 1820 1005; x_wconf 73' lang='grc' dir='ltr'><strong><em>πλῆθος</em></strong></span> <span class='ocrx_word' id='word_1_101' title='bbox 1837 944 1888 994; x_wconf 76' lang='lat' dir='ltr'><strong>aut</strong></span> 
     </span>
     <span class='ocr_line' id='line_1_9' title="bbox 175 1015 1888 1098; baseline 0.001 -20"><span class='ocrx_word' id='word_1_102' title='bbox 175 1040 233 1093; x_wconf 80' lang='lat' dir='ltr'><strong>pes·</strong></span> <span class='ocrx_word' id='word_1_103' title='bbox 244 1022 385 1092; x_wconf 76' lang='lat' dir='ltr'><strong>Spiritum</strong></span> <span class='ocrx_word' id='word_1_104' title='bbox 401 1040 491 1089; x_wconf 85' lang='lat' dir='ltr'><strong>suum,</strong></span> <span class='ocrx_word' id='word_1_105' title='bbox 509 1022 529 1076; x_wconf 87' lang='lat' dir='ltr'><strong>i.</strong></span> <span class='ocrx_word' id='word_1_106' title='bbox 544 1039 568 1078; x_wconf 81' lang='lat' dir='ltr'><strong>a</strong></span> <span class='ocrx_word' id='word_1_107' title='bbox 584 1021 687 1076; x_wconf 87' lang='lat' dir='ltr'><strong>scimus</strong></span> <span class='ocrx_word' id='word_1_108' title='bbox 704 1026 765 1076; x_wconf 82' lang='lat' dir='ltr'><strong>eam</strong></span> <span class='ocrx_word' id='word_1_109' title='bbox 784 1037 841 1076; x_wconf 88' lang='lat' dir='ltr'><strong>oon</strong></span> <span class='ocrx_word' id='word_1_110' title='bbox 857 1037 908 1090; x_wconf 91' lang='lat' dir='ltr'><strong>per</strong></span> <span class='ocrx_word' id='word_1_111' title='bbox 922 1021 1021 1088; x_wconf 70' lang='lat' dir='ltr'><strong>meum,</strong></span> <span class='ocrx_word' id='word_1_112' title='bbox 1047 1020 1079 1074; x_wconf 85' lang='lat' dir='ltr'><strong>rb</strong></span> <span class='ocrx_word' id='word_1_113' title='bbox 1104 1018 1203 1084; x_wconf 73' lang='grc' dir='ltr'><strong><em>κάλλος</em></strong></span> <span class='ocrx_word' id='word_1_114' title='bbox 1228 1015 1356 1098; x_wconf 75' lang='grc' dir='ltr'><strong><em>ἄπειροι.</em></strong></span> <span class='ocrx_word' id='word_1_115' title='bbox 1401 1021 1555 1094; x_wconf 71' lang='lat' dir='ltr'>Gregorius</span> <span class='ocrx_word' id='word_1_116' title='bbox 1581 1020 1727 1093; x_wconf 77' lang='lat' dir='ltr'><strong>Nyssenus</strong></span> <span class='ocrx_word' id='word_1_117' title='bbox 1754 1023 1820 1079; x_wconf 87' lang='lat' dir='ltr'><strong>libr.</strong></span> <span class='ocrx_word' id='word_1_118' title='bbox 1851 1024 1888 1080; x_wconf 89' lang='lat' dir='ltr'><strong>de</strong></span> 
     </span>
     <span class='ocr_line' id='line_1_10' title="bbox 181 1099 1890 1184; baseline 0.001 -19"><span class='ocrx_word' id='word_1_119' title='bbox 181 1109 323 1173; x_wconf 82' lang='lat' dir='ltr'><strong>auditum,</strong></span> <span class='ocrx_word' id='word_1_120' title='bbox 344 1106 516 1165; x_wconf 87' lang='lat' dir='ltr'><strong>intellectum</strong></span> <span class='ocrx_word' id='word_1_121' title='bbox 536 1108 701 1176; x_wconf 72' lang='lat' dir='ltr'><strong>naturalem,</strong></span> <span class='ocrx_word' id='word_1_122' title='bbox 721 1107 772 1163; x_wconf 89' lang='lat' dir='ltr'><strong>sed</strong></span> <span class='ocrx_word' id='word_1_123' title='bbox 791 1122 841 1176; x_wconf 88' lang='lat' dir='ltr'><strong>per</strong></span> <span class='ocrx_word' id='word_1_124' title='bbox 857 1112 1021 1177; x_wconf 87' lang='lat' dir='ltr'><strong>supernatu·</strong></span> <span class='ocrx_word' id='word_1_125' title='bbox 1046 1104 1140 1176; x_wconf 86' lang='lat' dir='ltr'><strong>opido.</strong></span> <span class='ocrx_word' id='word_1_126' title='bbox 1161 1107 1296 1163; x_wconf 84' lang='lat' dir='ltr'><strong>hominis:</strong></span> <span class='ocrx_word' id='word_1_127' title='bbox 1322 1109 1417 1184; x_wconf 71' lang='grc' dir='ltr'><strong>ἑτέρας</strong></span> <span class='ocrx_word' id='word_1_128' title='bbox 1440 1111 1516 1172; x_wconf 73' lang='lat' dir='ltr'><strong>renis</strong></span> <span class='ocrx_word' id='word_1_129' title='bbox 1539 1113 1681 1178; x_wconf 68' lang='lat' dir='ltr'><strong>enodetur</strong></span> <span class='ocrx_word' id='word_1_130' title='bbox 1700 1108 1718 1178; x_wconf 72' lang='grc' dir='ltr'><em>ἢ</em></span> <span class='ocrx_word' id='word_1_131' title='bbox 1742 1099 1890 1179; x_wconf 47' lang='lat' dir='ltr'><strong>lissinis</strong></span> 
     </span>
     <span class='ocr_line' id='line_1_11' title="bbox 181 1187 1888 1271; baseline 0.002 -21"><span class='ocrx_word' id='word_1_132' title='bbox 181 1195 269 1250; x_wconf 89' lang='lat' dir='ltr'><strong>ralem</strong></span> <span class='ocrx_word' id='word_1_133' title='bbox 285 1194 340 1250; x_wconf 89' lang='lat' dir='ltr'><strong>Dei</strong></span> <span class='ocrx_word' id='word_1_134' title='bbox 364 1194 584 1254; x_wconf 76' lang='lat' dir='ltr'><strong>resulutionem.¹</strong></span> <span class='ocrx_word' id='word_1_135' title='bbox 606 1193 704 1248; x_wconf 88' lang='lat' dir='ltr'><strong>Potest</strong></span> <span class='ocrx_word' id='word_1_136' title='bbox 726 1198 820 1248; x_wconf 89' lang='lat' dir='ltr'><strong>autem</strong></span> <span class='ocrx_word' id='word_1_137' title='bbox 843 1193 1021 1263; x_wconf 79' lang='lat' dir='ltr'><strong>utraquerin·</strong></span> <span class='ocrx_word' id='word_1_138' title='bbox 1047 1189 1062 1248; x_wconf 81' lang='lat' dir='ltr'><strong>i</strong></span> <span class='ocrx_word' id='word_1_139' title='bbox 1081 1187 1166 1264; x_wconf 76' lang='grc' dir='ltr'><strong><em>λόγος</em></strong></span> <span class='ocrx_word' id='word_1_140' title='bbox 1178 1195 1209 1249; x_wconf 79' lang='grc' dir='ltr'><strong>λι</strong></span> <span class='ocrx_word' id='word_1_141' title='bbox 1220 1189 1400 1271; x_wconf 70' lang='grc' dir='ltr'><strong><em>α’ποῤῥῆιοις,</em></strong></span> <span class='ocrx_word' id='word_1_142' title='bbox 1416 1195 1501 1249; x_wconf 86' lang='lat' dir='ltr'><strong>aliud</strong></span> <span class='ocrx_word' id='word_1_143' title='bbox 1520 1212 1637 1264; x_wconf 82' lang='lat' dir='ltr'><strong>rspnum</strong></span> <span class='ocrx_word' id='word_1_144' title='bbox 1649 1205 1688 1251; x_wconf 87' lang='lat' dir='ltr'><strong>est</strong></span> <span class='ocrx_word' id='word_1_145' title='bbox 1706 1214 1782 1266; x_wconf 88' lang='lat' dir='ltr'><strong>spes,</strong></span> <span class='ocrx_word' id='word_1_146' title='bbox 1801 1199 1888 1267; x_wconf 73' lang='lat' dir='ltr'><strong>cuius</strong></span> 
     </span>
     <span class='ocr_line' id='line_1_12' title="bbox 182 1278 1888 1352; baseline 0.002 -15"><span class='ocrx_word' id='word_1_147' title='bbox 182 1281 348 1352; x_wconf 85' lang='lat' dir='ltr'><strong>terpretatio</strong></span> <span class='ocrx_word' id='word_1_148' title='bbox 365 1279 508 1334; x_wconf 88' lang='lat' dir='ltr'><strong>commode</strong></span> <span class='ocrx_word' id='word_1_149' title='bbox 526 1279 668 1350; x_wconf 85' lang='lat' dir='ltr'><strong>conjungi,</strong></span> <span class='ocrx_word' id='word_1_150' title='bbox 686 1296 753 1334; x_wconf 87' lang='lat' dir='ltr'><strong>nam</strong></span> <span class='ocrx_word' id='word_1_151' title='bbox 770 1286 799 1333; x_wconf 89' lang='lat' dir='ltr'><strong>et</strong></span> <span class='ocrx_word' id='word_1_152' title='bbox 815 1278 877 1348; x_wconf 87' lang='lat' dir='ltr'><strong>ipsa</strong></span> <span class='ocrx_word' id='word_1_153' title='bbox 894 1279 1022 1334; x_wconf 90' lang='lat' dir='ltr'><strong>doctrina</strong></span> <span class='ocrx_word' id='word_1_154' title='bbox 1045 1285 1105 1332; x_wconf 87' lang='lat' dir='ltr'><strong>tota</strong></span> <span class='ocrx_word' id='word_1_155' title='bbox 1116 1280 1193 1333; x_wconf 82' lang='lat' dir='ltr'><strong>ratio</strong></span> <span class='ocrx_word' id='word_1_156' title='bbox 1210 1279 1327 1334; x_wconf 87' lang='lat' dir='ltr'><strong>illorum</strong></span> <span class='ocrx_word' id='word_1_157' title='bbox 1341 1281 1372 1335; x_wconf 90' lang='lat' dir='ltr'><strong>in</strong></span> <span class='ocrx_word' id='word_1_158' title='bbox 1385 1298 1508 1350; x_wconf 79' lang='lat' dir='ltr'><strong>numero,</strong></span> <span class='ocrx_word' id='word_1_159' title='bbox 1526 1299 1598 1352; x_wconf 77' lang='lat' dir='ltr'><strong>quoe</strong></span> <span class='ocrx_word' id='word_1_160' title='bbox 1612 1284 1751 1338; x_wconf 68' lang='lat' dir='ltr'><strong>saunari</strong></span> <span class='ocrx_word' id='word_1_161' title='bbox 1763 1285 1888 1340; x_wconf 75' lang='lat' dir='ltr'><strong>dicendo</strong></span> 
     </span>
     <span class='ocr_line' id='line_1_13' title="bbox 182 1363 1886 1441; baseline 0.002 -20"><span class='ocrx_word' id='word_1_162' title='bbox 182 1366 321 1437; x_wconf 81' lang='lat' dir='ltr'><strong>evangelii</strong></span> <span class='ocrx_word' id='word_1_163' title='bbox 338 1372 382 1423; x_wconf 89' lang='lat' dir='ltr'><strong>est</strong></span> <span class='ocrx_word' id='word_1_164' title='bbox 393 1365 534 1436; x_wconf 71' lang='lat' dir='ltr'><strong>sapientia</strong></span> <span class='ocrx_word' id='word_1_165' title='bbox 546 1364 583 1419; x_wconf 89' lang='lat' dir='ltr'><strong>ah</strong></span> <span class='ocrx_word' id='word_1_166' title='bbox 602 1365 677 1419; x_wconf 91' lang='lat' dir='ltr'><strong>omni</strong></span> <span class='ocrx_word' id='word_1_167' title='bbox 696 1364 818 1420; x_wconf 85' lang='lat' dir='ltr'><strong>humans</strong></span> <span class='ocrx_word' id='word_1_168' title='bbox 833 1364 942 1420; x_wconf 87' lang='lat' dir='ltr'><strong>ratione</strong></span> <span class='ocrx_word' id='word_1_169' title='bbox 958 1363 1021 1419; x_wconf 89' lang='lat' dir='ltr'><strong>ahs·</strong></span> <span class='ocrx_word' id='word_1_170' title='bbox 1046 1375 1191 1434; x_wconf 75' lang='lat' dir='ltr'><strong>nequeam</strong></span> <span class='ocrx_word' id='word_1_171' title='bbox 1220 1366 1396 1438; x_wconf 80' lang='lat' dir='ltr'><strong>Augustinus</strong></span> <span class='ocrx_word' id='word_1_172' title='bbox 1416 1368 1453 1423; x_wconf 91' lang='lat' dir='ltr'><strong>de</strong></span> <span class='ocrx_word' id='word_1_173' title='bbox 1472 1368 1547 1437; x_wconf 88' lang='lat' dir='ltr'><strong>tripl.</strong></span> <span class='ocrx_word' id='word_1_174' title='bbox 1561 1366 1647 1425; x_wconf 81' lang='lat' dir='ltr'><strong>habit</strong></span> <span class='ocrx_word' id='word_1_175' title='bbox 1666 1385 1730 1441; x_wconf 85' lang='lat' dir='ltr'><strong>cap.</strong></span> <span class='ocrx_word' id='word_1_176' title='bbox 1750 1375 1781 1427; x_wconf 79' lang='lat'><strong>1:</strong></span> <span class='ocrx_word' id='word_1_177' title='bbox 1798 1371 1886 1425; x_wconf 84' lang='lat' dir='ltr'><strong>Bona</strong></span> 
     </span>
     <span class='ocr_line' id='line_1_14' title="bbox 184 1450 1889 1524; baseline 0.004 -17"><span class='ocrx_word' id='word_1_178' title='bbox 184 1453 312 1522; x_wconf 79' lang='lat' dir='ltr'><strong>conditu,</strong></span> <span class='ocrx_word' id='word_1_179' title='bbox 331 1460 360 1507; x_wconf 89' lang='lat' dir='ltr'><strong>et</strong></span> <span class='ocrx_word' id='word_1_180' title='bbox 376 1451 487 1508; x_wconf 91' lang='lat' dir='ltr'><strong>bonain</strong></span> <span class='ocrx_word' id='word_1_181' title='bbox 503 1451 648 1523; x_wconf 80' lang='lat' dir='ltr'><strong>evangelio</strong></span> <span class='ocrx_word' id='word_1_182' title='bbox 658 1450 755 1506; x_wconf 90' lang='lat' dir='ltr'><strong>oblata</strong></span> <span class='ocrx_word' id='word_1_183' title='bbox 763 1450 903 1505; x_wconf 85' lang='lat' dir='ltr'><strong>excedunt</strong></span> <span class='ocrx_word' id='word_1_184' title='bbox 912 1467 1021 1507; x_wconf 89' lang='lat' dir='ltr'><strong>omnem</strong></span> <span class='ocrx_word' id='word_1_185' title='bbox 1046 1452 1130 1520; x_wconf 78' lang='lat' dir='ltr'><strong>repsi</strong></span> <span class='ocrx_word' id='word_1_186' title='bbox 1144 1452 1274 1507; x_wconf 86' lang='lat' dir='ltr'><strong>eoelestis</strong></span> <span class='ocrx_word' id='word_1_187' title='bbox 1292 1453 1388 1508; x_wconf 81' lang='lat' dir='ltr'><strong>disere</strong></span> <span class='ocrx_word' id='word_1_188' title='bbox 1405 1454 1450 1508; x_wconf 86' lang='lat' dir='ltr'><strong>uel</strong></span> <span class='ocrx_word' id='word_1_189' title='bbox 1468 1455 1597 1524; x_wconf 75' lang='lat' dir='ltr'><strong>copitar-s</strong></span> <span class='ocrx_word' id='word_1_190' title='bbox 1612 1455 1657 1510; x_wconf 80' lang='lat' dir='ltr'><strong>sel</strong></span> <span class='ocrx_word' id='word_1_191' title='bbox 1668 1455 1839 1524; x_wconf 79' lang='lat' dir='ltr'><strong>intellipers,</strong></span> <span class='ocrx_word' id='word_1_192' title='bbox 1855 1465 1889 1512; x_wconf 85' lang='lat' dir='ltr'><strong>us</strong></span> 
     </span>
     <span class='ocr_line' id='line_1_15' title="bbox 184 1534 1889 1610; baseline 0.002 -17"><span class='ocrx_word' id='word_1_193' title='bbox 184 1555 305 1603; x_wconf 86' lang='lat' dir='ltr'><strong>sensum,</strong></span> <span class='ocrx_word' id='word_1_194' title='bbox 322 1537 522 1608; x_wconf 84' lang='lat' dir='ltr'><strong>experientiam</strong></span> <span class='ocrx_word' id='word_1_195' title='bbox 539 1542 567 1592; x_wconf 90' lang='lat' dir='ltr'><strong>et</strong></span> <span class='ocrx_word' id='word_1_196' title='bbox 588 1536 784 1608; x_wconf 76' lang='lat' dir='ltr'><strong>cogitationem</strong></span> <span class='ocrx_word' id='word_1_197' title='bbox 803 1534 967 1601; x_wconf 82' lang='lat' dir='ltr'><strong>naturalem,</strong></span> <span class='ocrx_word' id='word_1_198' title='bbox 993 1540 1022 1589; x_wconf 93' lang='lat' dir='ltr'><strong>et</strong></span> <span class='ocrx_word' id='word_1_199' title='bbox 1045 1537 1727 1607; x_wconf 80' lang='lat' dir='ltr'><strong>sunt‚nulluspotestoosnsoestitus,multoenins</strong></span> <span class='ocrx_word' id='word_1_200' title='bbox 1734 1543 1889 1610; x_wconf 73' lang='lat' dir='ltr'><strong>maioraet</strong></span> 
     </span>
     <span class='ocr_line' id='line_1_16' title="bbox 183 1620 1889 1697; baseline 0.004 -18"><span class='ocrx_word' id='word_1_201' title='bbox 183 1641 227 1688; x_wconf 86' lang='lat' dir='ltr'><strong>ea,</strong></span> <span class='ocrx_word' id='word_1_202' title='bbox 245 1639 319 1694; x_wconf 88' lang='lat' dir='ltr'><strong>quae</strong></span> <span class='ocrx_word' id='word_1_203' title='bbox 339 1621 467 1676; x_wconf 87' lang='lat' dir='ltr'><strong>Christus</strong></span> <span class='ocrx_word' id='word_1_204' title='bbox 485 1621 536 1677; x_wconf 87' lang='lat' dir='ltr'><strong>(iro</strong></span> <span class='ocrx_word' id='word_1_205' title='bbox 553 1620 634 1676; x_wconf 89' lang='lat' dir='ltr'><strong>nobis</strong></span> <span class='ocrx_word' id='word_1_206' title='bbox 649 1621 717 1677; x_wconf 83' lang='lat' dir='ltr'><strong>iecit</strong></span> <span class='ocrx_word' id='word_1_207' title='bbox 736 1637 769 1676; x_wconf 88' lang='lat' dir='ltr'><strong>ao</strong></span> <span class='ocrx_word' id='word_1_208' title='bbox 790 1638 890 1692; x_wconf 80' lang='lat' dir='ltr'><strong>passm</strong></span> <span class='ocrx_word' id='word_1_209' title='bbox 908 1628 963 1690; x_wconf 87' lang='lat' dir='ltr'><strong>est,</strong></span> <span class='ocrx_word' id='word_1_210' title='bbox 989 1627 1022 1676; x_wconf 91' lang='lat' dir='ltr'><strong>nt</strong></span> <span class='ocrx_word' id='word_1_211' title='bbox 1047 1622 1167 1677; x_wconf 85' lang='lat' dir='ltr'><strong>meliora</strong></span> <span class='ocrx_word' id='word_1_212' title='bbox 1174 1624 1889 1697; x_wconf 77' lang='lat' dir='ltr'><strong>sunt,quomcopitanturstintellipuntur.liepnum</strong></span> 
     </span>
     <span class='ocr_line' id='line_1_17' title="bbox 184 1708 1890 1784; baseline 0.003 -19"><span class='ocrx_word' id='word_1_213' title='bbox 184 1709 258 1765; x_wconf 89' lang='lat' dir='ltr'><strong>hona</strong></span> <span class='ocrx_word' id='word_1_214' title='bbox 275 1708 325 1764; x_wconf 86' lang='lat' dir='ltr'><strong>ills</strong></span> <span class='ocrx_word' id='word_1_215' title='bbox 343 1708 515 1779; x_wconf 75' lang='lat' dir='ltr'><strong>acquireret,</strong></span> <span class='ocrx_word' id='word_1_216' title='bbox 540 1709 615 1763; x_wconf 92' lang='lat' dir='ltr'><strong>omni</strong></span> <span class='ocrx_word' id='word_1_217' title='bbox 641 1708 760 1762; x_wconf 80' lang='lat' dir='ltr'><strong>homin&#39;m</strong></span> <span class='ocrx_word' id='word_1_218' title='bbox 787 1708 956 1779; x_wconf 79' lang='lat' dir='ltr'><strong>cogitatione</strong></span> <span class='ocrx_word' id='word_1_219' title='bbox 973 1724 1022 1762; x_wconf 88' lang='lat' dir='ltr'><strong>na-</strong></span> <span class='ocrx_word' id='word_1_220' title='bbox 1046 1725 1165 1776; x_wconf 86' lang='lat' dir='ltr'><strong>nomque</strong></span> <span class='ocrx_word' id='word_1_221' title='bbox 1175 1710 1235 1764; x_wconf 87' lang='lat' dir='ltr'><strong>Dei</strong></span> <span class='ocrx_word' id='word_1_222' title='bbox 1247 1708 1324 1764; x_wconf 86' lang='lat' dir='ltr'><strong>omni</strong></span> <span class='ocrx_word' id='word_1_223' title='bbox 1332 1712 1420 1774; x_wconf 76' lang='lat' dir='ltr'><strong>sama</strong></span> <span class='ocrx_word' id='word_1_224' title='bbox 1433 1714 1527 1780; x_wconf 85' lang='lat' dir='ltr'><strong>majus</strong></span> <span class='ocrx_word' id='word_1_225' title='bbox 1542 1720 1569 1766; x_wconf 85' lang='lat' dir='ltr'><strong>et</strong></span> <span class='ocrx_word' id='word_1_226' title='bbox 1586 1713 1665 1767; x_wconf 89' lang='lat' dir='ltr'><strong>omni</strong></span> <span class='ocrx_word' id='word_1_227' title='bbox 1675 1713 1765 1770; x_wconf 88' lang='lat' dir='ltr'><strong>laude</strong></span> <span class='ocrx_word' id='word_1_228' title='bbox 1776 1717 1890 1784; x_wconf 85' lang='lat' dir='ltr'><strong>melius,</strong></span> 
     </span>
     <span class='ocr_line' id='line_1_18' title="bbox 183 1793 1889 1872; baseline 0.002 -22"><span class='ocrx_word' id='word_1_229' title='bbox 183 1794 267 1851; x_wconf 88' lang='lat' dir='ltr'><strong>turali</strong></span> <span class='ocrx_word' id='word_1_230' title='bbox 287 1801 352 1849; x_wconf 87' lang='lat' dir='ltr'><strong>sunt</strong></span> <span class='ocrx_word' id='word_1_231' title='bbox 371 1793 540 1851; x_wconf 79' lang='lat' dir='ltr'><strong>sublimiora</strong></span> <span class='ocrx_word' id='word_1_232' title='bbox 581 1795 654 1849; x_wconf 88' lang='lat' dir='ltr'><strong>Huic</strong></span> <span class='ocrx_word' id='word_1_233' title='bbox 678 1794 754 1850; x_wconf 86' lang='lat' dir='ltr'><strong>dioto</strong></span> <span class='ocrx_word' id='word_1_234' title='bbox 772 1794 936 1866; x_wconf 88' lang='lat' dir='ltr'><strong>prophetico</strong></span> <span class='ocrx_word' id='word_1_235' title='bbox 953 1810 1021 1849; x_wconf 92' lang='lat' dir='ltr'><strong>con·</strong></span> <span class='ocrx_word' id='word_1_236' title='bbox 1047 1795 1124 1847; x_wconf 87' lang='lat' dir='ltr'><strong>omni</strong></span> <span class='ocrx_word' id='word_1_237' title='bbox 1136 1795 1257 1849; x_wconf 78' lang='lat' dir='ltr'><strong>seiemio</strong></span> <span class='ocrx_word' id='word_1_238' title='bbox 1272 1796 1511 1867; x_wconf 72' lang='lat' dir='ltr'><strong>innumerabilior,</strong></span> <span class='ocrx_word' id='word_1_239' title='bbox 1529 1798 1606 1852; x_wconf 88' lang='lat' dir='ltr'><strong>omni</strong></span> <span class='ocrx_word' id='word_1_240' title='bbox 1617 1798 1722 1868; x_wconf 83' lang='lat' dir='ltr'><strong>ploria,</strong></span> <span class='ocrx_word' id='word_1_241' title='bbox 1741 1817 1816 1870; x_wconf 79' lang='lat' dir='ltr'><strong>quae</strong></span> <span class='ocrx_word' id='word_1_242' title='bbox 1830 1819 1889 1872; x_wconf 83' lang='lat' dir='ltr'><strong>pu-</strong></span> 
     </span>
     <span class='ocr_line' id='line_1_19' title="bbox 180 1877 1888 1957; baseline 0.004 -22"><span class='ocrx_word' id='word_1_243' title='bbox 180 1879 328 1951; x_wconf 85' lang='lat' dir='ltr'><strong>jungenda</strong></span> <span class='ocrx_word' id='word_1_244' title='bbox 339 1887 404 1936; x_wconf 92' lang='lat' dir='ltr'><strong>sunt</strong></span> <span class='ocrx_word' id='word_1_245' title='bbox 415 1881 557 1950; x_wconf 62' lang='lat' dir='ltr'><strong>parallelo„</strong></span> <span class='ocrx_word' id='word_1_246' title='bbox 590 1880 670 1936; x_wconf 83' lang='lat' dir='ltr'><strong>Rom.</strong></span> <span class='ocrx_word' id='word_1_247' title='bbox 688 1886 713 1945; x_wconf 80' lang='lat'><strong>8,</strong></span> <span class='ocrx_word' id='word_1_248' title='bbox 729 1898 757 1936; x_wconf 82' lang='lat' dir='ltr'><strong>v.</strong></span> <span class='ocrx_word' id='word_1_249' title='bbox 780 1884 825 1937; x_wconf 82' lang='lat'><strong>1⁸:</strong></span> <span class='ocrx_word' id='word_1_250' title='bbox 842 1877 859 1947; x_wconf 82' lang='grc' dir='ltr'><em>ἡ</em></span> <span class='ocrx_word' id='word_1_251' title='bbox 879 1883 1022 1952; x_wconf 75' lang='grc' dir='ltr'><strong><em>μέλλουσα</em></strong></span> <span class='ocrx_word' id='word_1_252' title='bbox 1047 1886 1133 1948; x_wconf 84' lang='lat' dir='ltr'><strong>tatur,</strong></span> <span class='ocrx_word' id='word_1_253' title='bbox 1143 1879 1401 1951; x_wconf 63' lang='lat' dir='ltr'><strong>metumientem</strong></span> <span class='ocrx_word' id='word_1_254' title='bbox 1412 1887 1441 1938; x_wconf 84' lang='lat' dir='ltr'><strong>t:</strong></span> <span class='ocrx_word' id='word_1_255' title='bbox 1457 1883 1568 1937; x_wconf 80' lang='grc' dir='ltr'><strong><em>Βιλοο</em></strong></span> <span class='ocrx_word' id='word_1_256' title='bbox 1579 1884 1791 1954; x_wconf 80' lang='lat' dir='ltr'><strong>urbs(ooslesti)</strong></span> <span class='ocrx_word' id='word_1_257' title='bbox 1804 1888 1888 1957; x_wconf 83' lang='lat' dir='ltr'><strong>quid·</strong></span> 
     </span>
     <span class='ocr_line' id='line_1_20' title="bbox 183 1963 1927 2042; baseline 0.004 -23"><span class='ocrx_word' id='word_1_258' title='bbox 183 1963 251 2029; x_wconf 76' lang='grc' dir='ltr'><strong>δόξα</strong></span> <span class='ocrx_word' id='word_1_259' title='bbox 274 1963 526 2041; x_wconf 67' lang='grc' dir='ltr'><strong><em>ἀποκαλυφθῆναι.</em></strong></span> <span class='ocrx_word' id='word_1_260' title='bbox 566 1965 670 2023; x_wconf 83' lang='lat' dir='ltr'><strong>edors.</strong></span> <span class='ocrx_word' id='word_1_261' title='bbox 691 1971 723 2036; x_wconf 76' lang='lat' dir='ltr'><strong>i,</strong></span> <span class='ocrx_word' id='word_1_262' title='bbox 744 1982 771 2022; x_wconf 85' lang='lat' dir='ltr'><strong>v.</strong></span> <span class='ocrx_word' id='word_1_263' title='bbox 791 1971 821 2023; x_wconf 71' lang='grc' dir='ltr'><strong><em>λι</em></strong></span> <span class='ocrx_word' id='word_1_264' title='bbox 841 1966 908 2020; x_wconf 78' lang='lat' dir='ltr'><strong>Vua</strong></span> <span class='ocrx_word' id='word_1_265' title='bbox 927 1973 1021 2020; x_wconf 79' lang='lat' dir='ltr'><strong>eostre</strong></span> <span class='ocrx_word' id='word_1_266' title='bbox 1047 1965 1118 2032; x_wconf 83' lang='lat' dir='ltr'><strong>quid</strong></span> <span class='ocrx_word' id='word_1_267' title='bbox 1132 1964 1214 2018; x_wconf 80' lang='lat' dir='ltr'><strong>horso</strong></span> <span class='ocrx_word' id='word_1_268' title='bbox 1228 1966 1340 2031; x_wconf 73' lang='lat' dir='ltr'><strong>diderit,</strong></span> <span class='ocrx_word' id='word_1_269' title='bbox 1354 1969 1439 2036; x_wconf 83' lang='lat' dir='ltr'><strong>quasi</strong></span> <span class='ocrx_word' id='word_1_270' title='bbox 1452 1969 1533 2023; x_wconf 82' lang='lat' dir='ltr'><strong>stilla</strong></span> <span class='ocrx_word' id='word_1_271' title='bbox 1548 1970 1584 2023; x_wconf 82' lang='lat' dir='ltr'><strong>de</strong></span> <span class='ocrx_word' id='word_1_272' title='bbox 1597 1971 1730 2025; x_wconf 78' lang='lat' dir='ltr'><strong>maritet</strong></span> <span class='ocrx_word' id='word_1_273' title='bbox 1742 1972 1791 2027; x_wconf 81' lang='lat' dir='ltr'><strong>nel</strong></span> <span class='ocrx_word' id='word_1_274' title='bbox 1804 1974 1893 2042; x_wconf 81' lang='lat' dir='ltr'><strong>quasi</strong></span> <span class='ocrx_word' id='word_1_275' title='bbox 1920 2002 1927 2012; x_wconf 89' lang='lat'><strong>·</strong></span> 
     </span>
     <span class='ocr_line' id='line_1_21' title="bbox 183 2048 1891 2120; baseline 0.002 -11"><span class='ocrx_word' id='word_1_276' title='bbox 183 2053 352 2109; x_wconf 83' lang='lat' dir='ltr'><strong>abscondito</strong></span> <span class='ocrx_word' id='word_1_277' title='bbox 370 2061 411 2107; x_wconf 89' lang='lat' dir='ltr'><strong>est</strong></span> <span class='ocrx_word' id='word_1_278' title='bbox 428 2070 490 2107; x_wconf 87' lang='lat' dir='ltr'><strong>eum</strong></span> <span class='ocrx_word' id='word_1_279' title='bbox 511 2050 624 2107; x_wconf 80' lang='lat' dir='ltr'><strong>Christo</strong></span> <span class='ocrx_word' id='word_1_280' title='bbox 645 2053 676 2105; x_wconf 88' lang='lat' dir='ltr'><strong>in</strong></span> <span class='ocrx_word' id='word_1_281' title='bbox 689 2053 761 2109; x_wconf 86' lang='lat' dir='ltr'><strong>Deo.</strong></span> <span class='ocrx_word' id='word_1_282' title='bbox 794 2050 893 2108; x_wconf 77' lang='lat' dir='ltr'><strong>tlon</strong></span> <span class='ocrx_word' id='word_1_283' title='bbox 908 2056 934 2120; x_wconf 78' lang='grc'><strong>3,</strong></span> <span class='ocrx_word' id='word_1_284' title='bbox 950 2069 978 2110; x_wconf 79' lang='grc' dir='ltr'><strong>ι.</strong></span> <span class='ocrx_word' id='word_1_285' title='bbox 990 2056 1020 2107; x_wconf 83' lang='lat'><strong>2:</strong></span> <span class='ocrx_word' id='word_1_286' title='bbox 1047 2048 1173 2103; x_wconf 86' lang='lat' dir='ltr'><strong>scintilla</strong></span> <span class='ocrx_word' id='word_1_287' title='bbox 1192 2050 1229 2105; x_wconf 83' lang='lat' dir='ltr'><strong>de</strong></span> <span class='ocrx_word' id='word_1_288' title='bbox 1243 2051 1321 2114; x_wconf 75' lang='lat' dir='ltr'><strong>foco.</strong></span> <span class='ocrx_word' id='word_1_289' title='bbox 1364 2052 1450 2107; x_wconf 89' lang='lat' dir='ltr'><strong>Bona</strong></span> <span class='ocrx_word' id='word_1_290' title='bbox 1467 2054 1543 2108; x_wconf 87' lang='lat' dir='ltr'><strong>sitos</strong></span> <span class='ocrx_word' id='word_1_291' title='bbox 1569 2063 1702 2110; x_wconf 67' lang='lat' dir='ltr'><strong>ammae</strong></span> <span class='ocrx_word' id='word_1_292' title='bbox 1719 2065 1780 2112; x_wconf 83' lang='lat' dir='ltr'><strong>tum</strong></span> <span class='ocrx_word' id='word_1_293' title='bbox 1797 2059 1891 2113; x_wconf 80' lang='grc' dir='ltr'><strong><em>ιιιιλλο</em></strong></span> 
     </span>
     <span class='ocr_line' id='line_1_22' title="bbox 183 2136 1891 2214; baseline 0.002 -18"><span class='ocrx_word' id='word_1_294' title='bbox 183 2140 320 2196; x_wconf 75' lang='lat' dir='ltr'><strong>Nondum</strong></span> <span class='ocrx_word' id='word_1_295' title='bbox 345 2141 499 2210; x_wconf 82' lang='lat' dir='ltr'><strong>apparuit,</strong></span> <span class='ocrx_word' id='word_1_296' title='bbox 524 2140 595 2208; x_wconf 80' lang='lat' dir='ltr'><strong>quid</strong></span> <span class='ocrx_word' id='word_1_297' title='bbox 611 2140 709 2203; x_wconf 76' lang='lat' dir='ltr'><strong>futuri</strong></span> <span class='ocrx_word' id='word_1_298' title='bbox 723 2139 819 2192; x_wconf 76' lang='grc' dir='ltr'><strong><em>ιιλιιιιι.</em></strong></span> <span class='ocrx_word' id='word_1_299' title='bbox 857 2142 880 2194; x_wconf 89' lang='grc'><strong>1.</strong></span> <span class='ocrx_word' id='word_1_300' title='bbox 898 2136 974 2194; x_wconf 78' lang='lat' dir='ltr'><strong>Patr.</strong></span> <span class='ocrx_word' id='word_1_301' title='bbox 997 2142 1021 2200; x_wconf 91' lang='grc'><strong>1,</strong></span> <span class='ocrx_word' id='word_1_302' title='bbox 1047 2143 1124 2204; x_wconf 86' lang='lat' dir='ltr'><strong>sunt,</strong></span> <span class='ocrx_word' id='word_1_303' title='bbox 1149 2142 1181 2190; x_wconf 84' lang='lat' dir='ltr'><strong>nt</strong></span> <span class='ocrx_word' id='word_1_304' title='bbox 1194 2154 1353 2205; x_wconf 88' lang='lat' dir='ltr'><strong>numerum,</strong></span> <span class='ocrx_word' id='word_1_305' title='bbox 1378 2145 1435 2192; x_wconf 89' lang='lat' dir='ltr'><strong>tam</strong></span> <span class='ocrx_word' id='word_1_306' title='bbox 1453 2158 1573 2209; x_wconf 76' lang='lat' dir='ltr'><strong>magna,</strong></span> <span class='ocrx_word' id='word_1_307' title='bbox 1596 2151 1626 2196; x_wconf 84' lang='lat' dir='ltr'><strong>ut</strong></span> <span class='ocrx_word' id='word_1_308' title='bbox 1640 2160 1814 2214; x_wconf 87' lang='lat' dir='ltr'><strong>mensuram,</strong></span> <span class='ocrx_word' id='word_1_309' title='bbox 1829 2153 1891 2199; x_wconf 79' lang='grc' dir='ltr'><strong><em>λοιιι</em></strong></span> 
     </span>
     <span class='ocr_line' id='line_1_23' title="bbox 182 2221 1889 2293; baseline 0.005 -13"><span class='ocrx_word' id='word_1_310' title='bbox 182 2244 209 2280; x_wconf 84' lang='lat' dir='ltr'><strong>v.</strong></span> <span class='ocrx_word' id='word_1_311' title='bbox 226 2232 258 2283; x_wconf 83' lang='lat' dir='ltr'><strong>i:</strong></span> <span class='ocrx_word' id='word_1_312' title='bbox 278 2226 434 2280; x_wconf 85' lang='lat' dir='ltr'><strong>Hereditas</strong></span> <span class='ocrx_word' id='word_1_313' title='bbox 444 2233 627 2280; x_wconf 70' lang='lat' dir='ltr'><strong>commeatur</strong></span> <span class='ocrx_word' id='word_1_314' title='bbox 642 2225 673 2278; x_wconf 94' lang='lat' dir='ltr'><strong>in</strong></span> <span class='ocrx_word' id='word_1_315' title='bbox 689 2224 792 2292; x_wconf 66' lang='lat' dir='ltr'><strong>ooelisf</strong></span> <span class='ocrx_word' id='word_1_316' title='bbox 811 2221 972 2293; x_wconf 76' lang='lat' dir='ltr'><strong>cumprimis</strong></span> <span class='ocrx_word' id='word_1_317' title='bbox 990 2221 1020 2276; x_wconf 92' lang='lat' dir='ltr'><strong>il·</strong></span> <span class='ocrx_word' id='word_1_318' title='bbox 1046 2222 1182 2290; x_wconf 89' lang='lat' dir='ltr'><strong>pretiosa,</strong></span> <span class='ocrx_word' id='word_1_319' title='bbox 1200 2231 1231 2279; x_wconf 84' lang='lat' dir='ltr'><strong>ut</strong></span> <span class='ocrx_word' id='word_1_320' title='bbox 1253 2224 1476 2280; x_wconf 72' lang='lat' dir='ltr'><strong>aestimationem</strong></span> <span class='ocrx_word' id='word_1_321' title='bbox 1493 2246 1600 2282; x_wconf 89' lang='lat' dir='ltr'><strong>omnem</strong></span> <span class='ocrx_word' id='word_1_322' title='bbox 1618 2233 1763 2285; x_wconf 64' lang='lat' dir='ltr'><strong>eusdem.</strong></span> <span class='ocrx_word' id='word_1_323' title='bbox 1798 2231 1889 2288; x_wconf 83' lang='lat' dir='ltr'><strong>Bern-</strong></span> 
     </span>
     <span class='ocr_line' id='line_1_24' title="bbox 183 2306 1890 2386; baseline 0.002 -17"><span class='ocrx_word' id='word_1_324' title='bbox 183 2311 242 2379; x_wconf 82' lang='lat' dir='ltr'><strong>lud,</strong></span> <span class='ocrx_word' id='word_1_325' title='bbox 266 2311 341 2382; x_wconf 92' lang='lat' dir='ltr'><strong>quod</strong></span> <span class='ocrx_word' id='word_1_326' title='bbox 359 2311 465 2365; x_wconf 86' lang='lat' dir='ltr'><strong>Paulus</strong></span> <span class='ocrx_word' id='word_1_327' title='bbox 488 2311 620 2365; x_wconf 79' lang='lat' dir='ltr'><strong>interlin</strong></span> <span class='ocrx_word' id='word_1_328' title='bbox 640 2308 720 2363; x_wconf 88' lang='lat' dir='ltr'><strong>coelo</strong></span> <span class='ocrx_word' id='word_1_329' title='bbox 737 2325 767 2362; x_wconf 92' lang='lat' dir='ltr'><strong>ss</strong></span> <span class='ocrx_word' id='word_1_330' title='bbox 792 2310 937 2363; x_wconf 78' lang='lat' dir='ltr'><strong>audiuisse</strong></span> <span class='ocrx_word' id='word_1_331' title='bbox 954 2306 1022 2362; x_wconf 88' lang='lat' dir='ltr'><strong>dicit</strong></span> <span class='ocrx_word' id='word_1_332' title='bbox 1046 2307 1151 2363; x_wconf 82' lang='lat' dir='ltr'><strong>hardus</strong></span> <span class='ocrx_word' id='word_1_333' title='bbox 1171 2325 1251 2368; x_wconf 85' lang='lat' dir='ltr'><strong>serm.</strong></span> <span class='ocrx_word' id='word_1_334' title='bbox 1273 2315 1312 2366; x_wconf 91' lang='grc'><strong>11.</strong></span> <span class='ocrx_word' id='word_1_335' title='bbox 1330 2310 1360 2366; x_wconf 86' lang='lat' dir='ltr'><strong>in</strong></span> <span class='ocrx_word' id='word_1_336' title='bbox 1379 2310 1500 2368; x_wconf 75' lang='lat' dir='ltr'><strong>Contio:</strong></span> <span class='ocrx_word' id='word_1_337' title='bbox 1530 2314 1621 2369; x_wconf 82' lang='lat' dir='ltr'><strong>Velim</strong></span> <span class='ocrx_word' id='word_1_338' title='bbox 1638 2317 1723 2386; x_wconf 86' lang='lat' dir='ltr'><strong>scire,</strong></span> <span class='ocrx_word' id='word_1_339' title='bbox 1740 2318 1825 2385; x_wconf 75' lang='lat' dir='ltr'><strong>osius</strong></span> <span class='ocrx_word' id='word_1_340' title='bbox 1842 2319 1890 2372; x_wconf 88' lang='lat' dir='ltr'><strong>rei</strong></span> 
     </span>
     <span class='ocr_line' id='line_1_25' title="bbox 183 2393 1890 2475; baseline 0.002 -20"><span class='ocrx_word' id='word_1_341' title='bbox 183 2393 290 2475; x_wconf 70' lang='grc' dir='ltr'><strong><em>ἔῤῥηιιι</em></strong></span> <span class='ocrx_word' id='word_1_342' title='bbox 302 2404 327 2455; x_wconf 79' lang='grc'><strong>2.</strong></span> <span class='ocrx_word' id='word_1_343' title='bbox 343 2397 404 2452; x_wconf 84' lang='lat' dir='ltr'><strong>Cor.</strong></span> <span class='ocrx_word' id='word_1_344' title='bbox 422 2403 463 2464; x_wconf 82' lang='lat' dir='ltr'><strong>lt,</strong></span> <span class='ocrx_word' id='word_1_345' title='bbox 475 2402 537 2452; x_wconf 70' lang='grc' dir='ltr'><strong>Μ.</strong></span> <span class='ocrx_word' id='word_1_346' title='bbox 572 2401 598 2451; x_wconf 84' lang='grc'><strong>2.</strong></span> <span class='ocrx_word' id='word_1_347' title='bbox 614 2396 661 2450; x_wconf 80' lang='lat' dir='ltr'><strong>Ea</strong></span> <span class='ocrx_word' id='word_1_348' title='bbox 675 2395 850 2466; x_wconf 78' lang='lat' dir='ltr'><strong>parabolica</strong></span> <span class='ocrx_word' id='word_1_349' title='bbox 864 2403 891 2448; x_wconf 85' lang='lat' dir='ltr'><strong>el</strong></span> <span class='ocrx_word' id='word_1_350' title='bbox 904 2394 1021 2463; x_wconf 73' lang='lat' dir='ltr'><strong>mystico</strong></span> <span class='ocrx_word' id='word_1_351' title='bbox 1046 2397 1147 2460; x_wconf 80' lang='lat' dir='ltr'><strong>futura</strong></span> <span class='ocrx_word' id='word_1_352' title='bbox 1163 2396 1200 2448; x_wconf 76' lang='lat' dir='ltr'><strong>sit</strong></span> <span class='ocrx_word' id='word_1_353' title='bbox 1218 2396 1273 2450; x_wconf 78' lang='lat' dir='ltr'><strong>ille</strong></span> <span class='ocrx_word' id='word_1_354' title='bbox 1291 2413 1438 2462; x_wconf 81' lang='lat' dir='ltr'><strong>mensuro,</strong></span> <span class='ocrx_word' id='word_1_355' title='bbox 1458 2399 1503 2452; x_wconf 81' lang='lat' dir='ltr'><strong>uel</strong></span> <span class='ocrx_word' id='word_1_356' title='bbox 1516 2395 1614 2469; x_wconf 56' lang='lat' dir='ltr'><strong>potiu‘s</strong></span> <span class='ocrx_word' id='word_1_357' title='bbox 1631 2401 1686 2456; x_wconf 82' lang='lat' dir='ltr'><strong>illa</strong></span> <span class='ocrx_word' id='word_1_358' title='bbox 1703 2403 1890 2474; x_wconf 68' lang='lat' dir='ltr'><strong>innuerim,</strong></span> 
     </span>
     <span class='ocr_line' id='line_1_26' title="bbox 184 2478 1889 2554; baseline 0.002 -14"><span class='ocrx_word' id='word_1_359' title='bbox 184 2483 505 2540; x_wconf 84' lang='lat' dir='ltr'><strong>coelestisbsotitudinis</strong></span> <span class='ocrx_word' id='word_1_360' title='bbox 514 2483 712 2553; x_wconf 72' lang='lat' dir='ltr'><strong>descriptione.</strong></span> <span class='ocrx_word' id='word_1_361' title='bbox 732 2480 802 2536; x_wconf 89' lang='lat' dir='ltr'><strong>Ideo</strong></span> <span class='ocrx_word' id='word_1_362' title='bbox 810 2478 1022 2553; x_wconf 84' lang='lat' dir='ltr'><strong>namqueSpiri·</strong></span> <span class='ocrx_word' id='word_1_363' title='bbox 1048 2495 1120 2548; x_wconf 85' lang='lat' dir='ltr'><strong>quae</strong></span> <span class='ocrx_word' id='word_1_364' title='bbox 1138 2482 1367 2553; x_wconf 70' lang='lat' dir='ltr'><strong>repromittitur!</strong></span> <span class='ocrx_word' id='word_1_365' title='bbox 1415 2484 1521 2538; x_wconf 81' lang='lat' dir='ltr'><strong>Oculus</strong></span> <span class='ocrx_word' id='word_1_366' title='bbox 1538 2504 1596 2540; x_wconf 87' lang='lat' dir='ltr'><strong>non</strong></span> <span class='ocrx_word' id='word_1_367' title='bbox 1613 2488 1694 2553; x_wconf 77' lang='lat' dir='ltr'><strong>ridel,</strong></span> <span class='ocrx_word' id='word_1_368' title='bbox 1714 2490 1806 2554; x_wconf 83' lang='lat' dir='ltr'><strong>Deus,</strong></span> <span class='ocrx_word' id='word_1_369' title='bbox 1824 2491 1889 2544; x_wconf 89' lang='lat' dir='ltr'><strong>abs·</strong></span> 
     </span>
     <span class='ocr_line' id='line_1_27' title="bbox 183 2567 1889 2643; baseline 0.002 -16"><span class='ocrx_word' id='word_1_370' title='bbox 183 2576 230 2628; x_wconf 90' lang='lat' dir='ltr'><strong>tus</strong></span> <span class='ocrx_word' id='word_1_371' title='bbox 245 2577 358 2626; x_wconf 79' lang='lat' dir='ltr'><strong>mnctns</strong></span> <span class='ocrx_word' id='word_1_372' title='bbox 376 2576 517 2625; x_wconf 87' lang='lat' dir='ltr'><strong>aetemam</strong></span> <span class='ocrx_word' id='word_1_373' title='bbox 532 2568 677 2625; x_wconf 84' lang='lat' dir='ltr'><strong>heatorum</strong></span> <span class='ocrx_word' id='word_1_374' title='bbox 685 2567 849 2623; x_wconf 88' lang='lat' dir='ltr'><strong>felicitatem</strong></span> <span class='ocrx_word' id='word_1_375' title='bbox 860 2572 902 2622; x_wconf 91' lang='lat' dir='ltr'><strong>tot</strong></span> <span class='ocrx_word' id='word_1_376' title='bbox 914 2582 947 2623; x_wconf 87' lang='lat' dir='ltr'><strong>eo</strong></span> <span class='ocrx_word' id='word_1_377' title='bbox 964 2574 1022 2620; x_wconf 85' lang='lat' dir='ltr'><strong>tam</strong></span> <span class='ocrx_word' id='word_1_378' title='bbox 1048 2582 1101 2634; x_wconf 81' lang='lat' dir='ltr'><strong>que</strong></span> <span class='ocrx_word' id='word_1_379' title='bbox 1118 2574 1154 2633; x_wconf 88' lang='lat' dir='ltr'><strong>te,</strong></span> <span class='ocrx_word' id='word_1_380' title='bbox 1171 2583 1245 2636; x_wconf 82' lang='lat' dir='ltr'><strong>quae</strong></span> <span class='ocrx_word' id='word_1_381' title='bbox 1258 2571 1449 2639; x_wconf 81' lang='lat' dir='ltr'><strong>praeparasti</strong></span> <span class='ocrx_word' id='word_1_382' title='bbox 1459 2572 1640 2640; x_wconf 82' lang='lat' dir='ltr'><strong>dilipentibus</strong></span> <span class='ocrx_word' id='word_1_383' title='bbox 1656 2581 1693 2628; x_wconf 87' lang='lat' dir='ltr'><strong>te.</strong></span> <span class='ocrx_word' id='word_1_384' title='bbox 1726 2577 1786 2629; x_wconf 88' lang='lat' dir='ltr'><strong>Die</strong></span> <span class='ocrx_word' id='word_1_385' title='bbox 1798 2576 1889 2643; x_wconf 76' lang='lat' dir='ltr'><strong>nobis,</strong></span> 
     </span>
     <span class='ocr_line' id='line_1_28' title="bbox 183 2651 1890 2728; baseline 0.002 -17"><span class='ocrx_word' id='word_1_386' title='bbox 183 2656 268 2712; x_wconf 82' lang='lat' dir='ltr'><strong>seriis</strong></span> <span class='ocrx_word' id='word_1_387' title='bbox 281 2656 372 2728; x_wconf 83' lang='lat' dir='ltr'><strong>typis,</strong></span> <span class='ocrx_word' id='word_1_388' title='bbox 390 2655 530 2727; x_wconf 87' lang='lat' dir='ltr'><strong>parabolis</strong></span> <span class='ocrx_word' id='word_1_389' title='bbox 547 2662 576 2711; x_wconf 88' lang='lat' dir='ltr'><strong>et</strong></span> <span class='ocrx_word' id='word_1_390' title='bbox 592 2654 761 2727; x_wconf 85' lang='lat' dir='ltr'><strong>metaphoris</strong></span> <span class='ocrx_word' id='word_1_391' title='bbox 782 2653 922 2717; x_wconf 83' lang='lat' dir='ltr'><strong>describit,</strong></span> <span class='ocrx_word' id='word_1_392' title='bbox 940 2651 1023 2708; x_wconf 88' lang='lat' dir='ltr'><strong>modo</strong></span> <span class='ocrx_word' id='word_1_393' title='bbox 1049 2660 1078 2705; x_wconf 90' lang='lat' dir='ltr'><strong>tu</strong></span> <span class='ocrx_word' id='word_1_394' title='bbox 1096 2652 1147 2721; x_wconf 83' lang='lat' dir='ltr'><strong>qui</strong></span> <span class='ocrx_word' id='word_1_395' title='bbox 1159 2669 1331 2726; x_wconf 87' lang='lat' dir='ltr'><strong>praeparas,</strong></span> <span class='ocrx_word' id='word_1_396' title='bbox 1352 2656 1423 2725; x_wconf 71' lang='lat' dir='ltr'><strong>quid</strong></span> <span class='ocrx_word' id='word_1_397' title='bbox 1437 2665 1632 2726; x_wconf 69' lang='lat' dir='ltr'><strong>prospmost</strong></span> <span class='ocrx_word' id='word_1_398' title='bbox 1646 2660 1803 2727; x_wconf 83' lang='lat' dir='ltr'><strong>eredissus,</strong></span> <span class='ocrx_word' id='word_1_399' title='bbox 1823 2679 1890 2718; x_wconf 80' lang='lat' dir='ltr'><strong>oon·</strong></span> 
     </span>
     <span class='ocr_line' id='line_1_29' title="bbox 185 2739 1889 2814; baseline 0.001 -18"><span class='ocrx_word' id='word_1_400' title='bbox 185 2742 402 2800; x_wconf 82' lang='lat' dir='ltr'><strong>eamconierens</strong></span> <span class='ocrx_word' id='word_1_401' title='bbox 411 2743 538 2812; x_wconf 88' lang='lat' dir='ltr'><strong>nuptiali</strong></span> <span class='ocrx_word' id='word_1_402' title='bbox 543 2742 706 2807; x_wconf 78' lang='lat' dir='ltr'><strong>festiuitati,</strong></span> <span class='ocrx_word' id='word_1_403' title='bbox 723 2741 806 2795; x_wconf 89' lang='lat' dir='ltr'><strong>modo</strong></span> <span class='ocrx_word' id='word_1_404' title='bbox 821 2740 947 2796; x_wconf 70' lang='lat' dir='ltr'><strong>coemtio</strong></span> <span class='ocrx_word' id='word_1_405' title='bbox 961 2739 1022 2793; x_wconf 81' lang='lat' dir='ltr'><strong>lars·</strong></span> <span class='ocrx_word' id='word_1_406' title='bbox 1049 2739 1171 2806; x_wconf 76' lang='lat' dir='ltr'><strong>fidimus,</strong></span> <span class='ocrx_word' id='word_1_407' title='bbox 1190 2756 1222 2795; x_wconf 88' lang='lat' dir='ltr'><strong>re</strong></span> <span class='ocrx_word' id='word_1_408' title='bbox 1236 2757 1305 2794; x_wconf 84' lang='lat' dir='ltr'><strong>aera</strong></span> <span class='ocrx_word' id='word_1_409' title='bbox 1320 2741 1363 2795; x_wconf 91' lang='lat' dir='ltr'><strong>sic</strong></span> <span class='ocrx_word' id='word_1_410' title='bbox 1379 2743 1541 2812; x_wconf 80' lang='lat' dir='ltr'><strong>promittis.-</strong></span> <span class='ocrx_word' id='word_1_411' title='bbox 1561 2745 1743 2814; x_wconf 86' lang='lat' dir='ltr'><strong>Replebimus·</strong></span> <span class='ocrx_word' id='word_1_412' title='bbox 1757 2748 1790 2801; x_wconf 79' lang='lat' dir='ltr'><strong>in</strong></span> <span class='ocrx_word' id='word_1_413' title='bbox 1807 2749 1889 2802; x_wconf 68' lang='grc' dir='ltr'><strong><em>λοιὺ</em></strong></span> 
     </span>
     <span class='ocr_line' id='line_1_30' title="bbox 185 2824 1891 2902; baseline 0.002 -19"><span class='ocrx_word' id='word_1_414' title='bbox 185 2828 391 2894; x_wconf 81' lang='lat' dir='ltr'><strong>tissima,modo</strong></span> <span class='ocrx_word' id='word_1_415' title='bbox 395 2828 514 2900; x_wconf 85' lang='lat' dir='ltr'><strong>pascuis</strong></span> <span class='ocrx_word' id='word_1_416' title='bbox 520 2828 677 2892; x_wconf 64' lang='lat' dir='ltr'><strong>menimis,</strong></span> <span class='ocrx_word' id='word_1_417' title='bbox 683 2827 765 2883; x_wconf 89' lang='lat' dir='ltr'><strong>modo</strong></span> <span class='ocrx_word' id='word_1_418' title='bbox 772 2828 876 2881; x_wconf 86' lang='lat' dir='ltr'><strong>aestati</strong></span> <span class='ocrx_word' id='word_1_419' title='bbox 876 2826 1024 2894; x_wconf 78' lang='lat' dir='ltr'><strong>fertilissi-</strong></span> <span class='ocrx_word' id='word_1_420' title='bbox 1050 2824 1150 2877; x_wconf 81' lang='lat' dir='ltr'><strong>donus</strong></span> <span class='ocrx_word' id='word_1_421' title='bbox 1169 2831 1242 2882; x_wconf 85' lang='lat' dir='ltr'><strong>tuae.</strong></span> <span class='ocrx_word' id='word_1_422' title='bbox 1278 2825 1338 2880; x_wconf 77' lang='lat' dir='ltr'><strong>Sed</strong></span> <span class='ocrx_word' id='word_1_423' title='bbox 1348 2826 1448 2896; x_wconf 82' lang='lat' dir='ltr'><strong>quibus</strong></span> <span class='ocrx_word' id='word_1_424' title='bbox 1464 2846 1570 2897; x_wconf 85' lang='lat' dir='ltr'><strong>quaeso</strong></span> <span class='ocrx_word' id='word_1_425' title='bbox 1582 2830 1661 2884; x_wconf 68' lang='lat' dir='ltr'><strong>boneio</strong></span> <span class='ocrx_word' id='word_1_426' title='bbox 1677 2832 1722 2886; x_wconf 82' lang='lat' dir='ltr'><strong>sel</strong></span> <span class='ocrx_word' id='word_1_427' title='bbox 1733 2835 1891 2902; x_wconf 69' lang='lat' dir='ltr'><strong>qualibus!</strong></span> 
     </span>
     <span class='ocr_line' id='line_1_31' title="bbox 185 2909 1890 2989; baseline -0.001 -17"><span class='ocrx_word' id='word_1_428' title='bbox 185 2916 347 2981; x_wconf 85' lang='lat' dir='ltr'><strong>moe,modo</strong></span> <span class='ocrx_word' id='word_1_429' title='bbox 356 2915 746 2985; x_wconf 73' lang='lat' dir='ltr'><strong>dmaupuleterrs&#39;massto.</strong></span> <span class='ocrx_word' id='word_1_430' title='bbox 755 2913 822 2985; x_wconf 87' lang='lat' dir='ltr'><strong>quis</strong></span> <span class='ocrx_word' id='word_1_431' title='bbox 832 2913 908 2968; x_wconf 88' lang='lat' dir='ltr'><strong>nudo</strong></span> <span class='ocrx_word' id='word_1_432' title='bbox 919 2912 1024 2967; x_wconf 89' lang='lat' dir='ltr'><strong>acsim·</strong></span> <span class='ocrx_word' id='word_1_433' title='bbox 1050 2909 1138 2964; x_wconf 82' lang='lat' dir='ltr'><strong>Forte</strong></span> <span class='ocrx_word' id='word_1_434' title='bbox 1155 2912 1306 2978; x_wconf 72' lang='lat' dir='ltr'><strong>frumo,</strong></span> <span class='ocrx_word' id='word_1_435' title='bbox 1326 2915 1400 2979; x_wconf 85' lang='lat' dir='ltr'><strong>sino,</strong></span> <span class='ocrx_word' id='word_1_436' title='bbox 1420 2915 1492 2984; x_wconf 88' lang='lat' dir='ltr'><strong>oleo,</strong></span> <span class='ocrx_word' id='word_1_437' title='bbox 1515 2934 1589 2970; x_wconf 83' lang='lat' dir='ltr'><strong>atero</strong></span> <span class='ocrx_word' id='word_1_438' title='bbox 1607 2926 1689 2989; x_wconf 77' lang='lat' dir='ltr'><strong>utque</strong></span> <span class='ocrx_word' id='word_1_439' title='bbox 1709 2929 1830 2989; x_wconf 65' lang='lat' dir='ltr'><strong>asparso</strong></span> <span class='ocrx_word' id='word_1_440' title='bbox 1845 2924 1890 2977; x_wconf 71' lang='lat' dir='ltr'><strong>la.</strong></span> 
     </span>
     <span class='ocr_line' id='line_1_32' title="bbox 186 2996 1890 3075; baseline 0.003 -17"><span class='ocrx_word' id='word_1_441' title='bbox 186 3003 253 3075; x_wconf 92' lang='lat' dir='ltr'><strong>plici</strong></span> <span class='ocrx_word' id='word_1_442' title='bbox 270 3002 371 3057; x_wconf 91' lang='lat' dir='ltr'><strong>mentis</strong></span> <span class='ocrx_word' id='word_1_443' title='bbox 386 2999 490 3055; x_wconf 88' lang='lat' dir='ltr'><strong>intuitu</strong></span> <span class='ocrx_word' id='word_1_444' title='bbox 506 3000 650 3071; x_wconf 88' lang='lat' dir='ltr'><strong>proprium</strong></span> <span class='ocrx_word' id='word_1_445' title='bbox 664 3001 724 3070; x_wconf 89' lang='lat' dir='ltr'><strong>ejus</strong></span> <span class='ocrx_word' id='word_1_446' title='bbox 740 2998 858 3054; x_wconf 78' lang='lat' dir='ltr'><strong>formale</strong></span> <span class='ocrx_word' id='word_1_447' title='bbox 868 2997 1024 3069; x_wconf 86' lang='lat' dir='ltr'><strong>intelligere</strong></span> <span class='ocrx_word' id='word_1_448' title='bbox 1046 2996 1218 3066; x_wconf 77' lang='lat' dir='ltr'><strong>pedibusque</strong></span> <span class='ocrx_word' id='word_1_449' title='bbox 1229 2998 1387 3066; x_wconf 69' lang='lat' dir='ltr'><strong>pretiosis!</strong></span> <span class='ocrx_word' id='word_1_450' title='bbox 1406 2999 1466 3054; x_wconf 75' lang='lat' dir='ltr'><strong>Sed</strong></span> <span class='ocrx_word' id='word_1_451' title='bbox 1484 3001 1555 3056; x_wconf 85' lang='lat' dir='ltr'><strong>baec</strong></span> <span class='ocrx_word' id='word_1_452' title='bbox 1572 3004 1699 3059; x_wconf 79' lang='lat' dir='ltr'><strong>norimus</strong></span> <span class='ocrx_word' id='word_1_453' title='bbox 1720 3013 1748 3060; x_wconf 88' lang='lat' dir='ltr'><strong>et</strong></span> <span class='ocrx_word' id='word_1_454' title='bbox 1765 3007 1890 3062; x_wconf 80' lang='lat' dir='ltr'><strong>eidisssss</strong></span> 
     </span>
     <span class='ocr_line' id='line_1_33' title="bbox 185 3082 1891 3164; baseline -0.003 -20"><span class='ocrx_word' id='word_1_455' title='bbox 185 3105 242 3144; x_wconf 90' lang='lat' dir='ltr'><strong>non</strong></span> <span class='ocrx_word' id='word_1_456' title='bbox 251 3103 406 3159; x_wconf 63' lang='lat' dir='ltr'><strong>posumus.</strong></span> <span class='ocrx_word' id='word_1_457' title='bbox 425 3087 586 3142; x_wconf 65' lang='lat' dir='ltr'><strong>&amp;Esuitae</strong></span> <span class='ocrx_word' id='word_1_458' title='bbox 591 3086 751 3154; x_wconf 63' lang='lat' dir='ltr'><strong>momentis</strong></span> <span class='ocrx_word' id='word_1_459' title='bbox 759 3085 928 3139; x_wconf 85' lang='lat' dir='ltr'><strong>conditione.</strong></span> <span class='ocrx_word' id='word_1_460' title='bbox 945 3082 1025 3138; x_wconf 90' lang='lat' dir='ltr'><strong>Sicut</strong></span> <span class='ocrx_word' id='word_1_461' title='bbox 1050 3088 1076 3133; x_wconf 87' lang='lat' dir='ltr'><strong>et</strong></span> <span class='ocrx_word' id='word_1_462' title='bbox 1102 3083 1231 3137; x_wconf 76' lang='lat' dir='ltr'><strong>eiciemus</strong></span> <span class='ocrx_word' id='word_1_463' title='bbox 1261 3092 1288 3137; x_wconf 87' lang='lat' dir='ltr'><strong>et</strong></span> <span class='ocrx_word' id='word_1_464' title='bbox 1316 3084 1493 3148; x_wconf 79' lang='lat' dir='ltr'><strong>fastidimus.</strong></span> <span class='ocrx_word' id='word_1_465' title='bbox 1542 3090 1584 3143; x_wconf 86' lang='lat' dir='ltr'><strong>ld</strong></span> <span class='ocrx_word' id='word_1_466' title='bbox 1609 3093 1783 3160; x_wconf 59' lang='lat' dir='ltr'><strong>passienus,</strong></span> <span class='ocrx_word' id='word_1_467' title='bbox 1809 3097 1891 3164; x_wconf 59' lang='lat' dir='ltr'><strong>quoa</strong></span> 
     </span>
     <span class='ocr_line' id='line_1_34' title="bbox 187 3168 1888 3243; baseline -0.001 -13"><span class='ocrx_word' id='word_1_468' title='bbox 187 3176 280 3230; x_wconf 82' lang='lat' dir='ltr'><strong>infans</strong></span> <span class='ocrx_word' id='word_1_469' title='bbox 304 3174 334 3228; x_wconf 91' lang='lat' dir='ltr'><strong>in</strong></span> <span class='ocrx_word' id='word_1_470' title='bbox 355 3178 435 3228; x_wconf 90' lang='lat' dir='ltr'><strong>utero</strong></span> <span class='ocrx_word' id='word_1_471' title='bbox 459 3171 555 3226; x_wconf 86' lang='lat' dir='ltr'><strong>matris</strong></span> <span class='ocrx_word' id='word_1_472' title='bbox 582 3174 729 3226; x_wconf 85' lang='lat' dir='ltr'><strong>conclusus</strong></span> <span class='ocrx_word' id='word_1_473' title='bbox 755 3171 791 3226; x_wconf 94' lang='lat' dir='ltr'><strong>de</strong></span> <span class='ocrx_word' id='word_1_474' title='bbox 815 3169 1023 3241; x_wconf 86' lang='lat' dir='ltr'><strong>pulchritudine</strong></span> <span class='ocrx_word' id='word_1_475' title='bbox 1049 3168 1148 3222; x_wconf 82' lang='lat' dir='ltr'><strong>oculus</strong></span> <span class='ocrx_word' id='word_1_476' title='bbox 1167 3186 1224 3223; x_wconf 90' lang='lat' dir='ltr'><strong>non</strong></span> <span class='ocrx_word' id='word_1_477' title='bbox 1238 3169 1325 3237; x_wconf 80' lang='lat' dir='ltr'><strong>uidit,</strong></span> <span class='ocrx_word' id='word_1_478' title='bbox 1349 3187 1399 3224; x_wconf 87' lang='lat' dir='ltr'><strong>nec</strong></span> <span class='ocrx_word' id='word_1_479' title='bbox 1415 3174 1496 3227; x_wconf 60' lang='lat' dir='ltr'><strong>aursi</strong></span> <span class='ocrx_word' id='word_1_480' title='bbox 1513 3173 1633 3243; x_wconf 78' lang='lat' dir='ltr'><strong>audiuit,</strong></span> <span class='ocrx_word' id='word_1_481' title='bbox 1652 3193 1704 3232; x_wconf 78' lang='lat' dir='ltr'><strong>nso</strong></span> <span class='ocrx_word' id='word_1_482' title='bbox 1719 3178 1750 3231; x_wconf 87' lang='lat' dir='ltr'><strong>in</strong></span> <span class='ocrx_word' id='word_1_483' title='bbox 1770 3196 1821 3233; x_wconf 80' lang='lat' dir='ltr'><strong>sor</strong></span> <span class='ocrx_word' id='word_1_484' title='bbox 1840 3179 1888 3234; x_wconf 83' lang='grc' dir='ltr'><strong><em>λο-</em></strong></span> 
     </span>
     <span class='ocr_line' id='line_1_35' title="bbox 186 3253 1889 3331; baseline 0 -14"><span class='ocrx_word' id='word_1_485' title='bbox 186 3261 257 3317; x_wconf 86' lang='lat' dir='ltr'><strong>lucis</strong></span> <span class='ocrx_word' id='word_1_486' title='bbox 272 3260 342 3315; x_wconf 90' lang='lat' dir='ltr'><strong>nihil</strong></span> <span class='ocrx_word' id='word_1_487' title='bbox 361 3257 451 3323; x_wconf 70' lang='lat' dir='ltr'><strong>noviti</strong></span> <span class='ocrx_word' id='word_1_488' title='bbox 478 3258 519 3313; x_wconf 90' lang='lat' dir='ltr'><strong>sic</strong></span> <span class='ocrx_word' id='word_1_489' title='bbox 536 3263 565 3312; x_wconf 87' lang='lat' dir='ltr'><strong>et</strong></span> <span class='ocrx_word' id='word_1_490' title='bbox 582 3275 634 3313; x_wconf 91' lang='lat' dir='ltr'><strong>nos</strong></span> <span class='ocrx_word' id='word_1_491' title='bbox 654 3258 684 3312; x_wconf 91' lang='lat' dir='ltr'><strong>in</strong></span> <span class='ocrx_word' id='word_1_492' title='bbox 705 3257 789 3328; x_wconf 89' lang='lat' dir='ltr'><strong>hujus</strong></span> <span class='ocrx_word' id='word_1_493' title='bbox 808 3257 883 3312; x_wconf 80' lang='lat' dir='ltr'><strong>ritae</strong></span> <span class='ocrx_word' id='word_1_494' title='bbox 900 3254 1023 3312; x_wconf 88' lang='lat' dir='ltr'><strong>tenebris</strong></span> <span class='ocrx_word' id='word_1_495' title='bbox 1050 3253 1134 3307; x_wconf 86' lang='lat' dir='ltr'><strong>minis</strong></span> <span class='ocrx_word' id='word_1_496' title='bbox 1146 3255 1305 3314; x_wconf 82' lang='lat' dir='ltr'><strong>adscendit.</strong></span> <span class='ocrx_word' id='word_1_497' title='bbox 1336 3257 1674 3331; x_wconf 57' lang='lat' dir='ltr'><strong>Hooplaomboosopit,</strong></span> <span class='ocrx_word' id='word_1_498' title='bbox 1691 3264 1744 3318; x_wconf 78' lang='lat' dir='ltr'><strong>loe</strong></span> <span class='ocrx_word' id='word_1_499' title='bbox 1764 3265 1889 3320; x_wconf 65' lang='lat' dir='ltr'><strong>deleam</strong></span> 
     </span>
     <span class='ocr_line' id='line_1_36' title="bbox 187 3339 1888 3424; baseline 0.001 -21"><span class='ocrx_word' id='word_1_500' title='bbox 187 3348 225 3403; x_wconf 90' lang='lat' dir='ltr'><strong>de</strong></span> <span class='ocrx_word' id='word_1_501' title='bbox 249 3353 379 3402; x_wconf 89' lang='lat' dir='ltr'><strong>aeternae</strong></span> <span class='ocrx_word' id='word_1_502' title='bbox 403 3344 480 3399; x_wconf 83' lang='lat' dir='ltr'><strong>ritae</strong></span> <span class='ocrx_word' id='word_1_503' title='bbox 506 3342 617 3415; x_wconf 89' lang='lat' dir='ltr'><strong>gaudiis</strong></span> <span class='ocrx_word' id='word_1_504' title='bbox 643 3342 712 3398; x_wconf 91' lang='lat' dir='ltr'><strong>nihil</strong></span> <span class='ocrx_word' id='word_1_505' title='bbox 736 3359 883 3412; x_wconf 89' lang='lat' dir='ltr'><strong>possumus</strong></span> <span class='ocrx_word' id='word_1_506' title='bbox 906 3341 1023 3412; x_wconf 80' lang='lat' dir='ltr'><strong>perlecti</strong></span> <span class='ocrx_word' id='word_1_507' title='bbox 1049 3339 1209 3408; x_wconf 83' lang='lat' dir='ltr'><strong>inquirere,</strong></span> <span class='ocrx_word' id='word_1_508' title='bbox 1242 3342 1426 3412; x_wconf 85' lang='lat' dir='ltr'><strong>quodcunque</strong></span> <span class='ocrx_word' id='word_1_509' title='bbox 1456 3353 1496 3398; x_wconf 85' lang='lat' dir='ltr'><strong>ost</strong></span> <span class='ocrx_word' id='word_1_510' title='bbox 1519 3345 1603 3401; x_wconf 82' lang='lat' dir='ltr'><strong>illud</strong></span> <span class='ocrx_word' id='word_1_511' title='bbox 1651 3350 1761 3416; x_wconf 80' lang='lat' dir='ltr'><strong>Erum,</strong></span> <span class='ocrx_word' id='word_1_512' title='bbox 1785 3350 1888 3424; x_wconf 87' lang='lat' dir='ltr'><strong>inquit,</strong></span> 
     </span>
     <span class='ocr_line' id='line_1_37' title="bbox 188 3427 1886 3499; baseline 0.003 -11"><span class='ocrx_word' id='word_1_513' title='bbox 188 3450 222 3489; x_wconf 87' lang='lat' dir='ltr'><strong>ac</strong></span> <span class='ocrx_word' id='word_1_514' title='bbox 240 3432 322 3488; x_wconf 92' lang='lat' dir='ltr'><strong>solidi</strong></span> <span class='ocrx_word' id='word_1_515' title='bbox 340 3431 420 3489; x_wconf 89' lang='lat' dir='ltr'><strong>scire.</strong></span> <span class='ocrx_word' id='word_1_516' title='bbox 442 3427 683 3494; x_wconf 84' lang='lat' dir='ltr'><strong>Quemadmodum</strong></span> <span class='ocrx_word' id='word_1_517' title='bbox 700 3429 776 3483; x_wconf 84' lang='lat' dir='ltr'><strong>visus</strong></span> <span class='ocrx_word' id='word_1_518' title='bbox 789 3434 884 3483; x_wconf 84' lang='lat' dir='ltr'><strong>noster</strong></span> <span class='ocrx_word' id='word_1_519' title='bbox 899 3427 1022 3483; x_wconf 87' lang='lat' dir='ltr'><strong>imbecil·</strong></span> <span class='ocrx_word' id='word_1_520' title='bbox 1049 3442 1143 3479; x_wconf 83' lang='lat' dir='ltr'><strong>omnes</strong></span> <span class='ocrx_word' id='word_1_521' title='bbox 1161 3427 1296 3480; x_wconf 85' lang='lat' dir='ltr'><strong>docibiles</strong></span> <span class='ocrx_word' id='word_1_522' title='bbox 1313 3428 1374 3481; x_wconf 88' lang='lat' dir='ltr'><strong>Dei</strong></span> <span class='ocrx_word' id='word_1_523' title='bbox 1396 3436 1421 3481; x_wconf 86' lang='lat' dir='ltr'><strong>et</strong></span> <span class='ocrx_word' id='word_1_524' title='bbox 1440 3429 1501 3499; x_wconf 86' lang='lat' dir='ltr'><strong>ipse</strong></span> <span class='ocrx_word' id='word_1_525' title='bbox 1520 3431 1574 3484; x_wconf 84' lang='lat' dir='ltr'><strong>erit</strong></span> <span class='ocrx_word' id='word_1_526' title='bbox 1592 3435 1687 3488; x_wconf 87' lang='lat' dir='ltr'><strong>omnia</strong></span> <span class='ocrx_word' id='word_1_527' title='bbox 1702 3436 1734 3489; x_wconf 88' lang='lat' dir='ltr'><strong>in</strong></span> <span class='ocrx_word' id='word_1_528' title='bbox 1750 3439 1886 3492; x_wconf 72' lang='lat' dir='ltr'><strong>omnibus.</strong></span> 
     </span>
     <span class='ocr_line' id='line_1_38' title="bbox 188 3511 1887 3591; baseline 0 -15"><span class='ocrx_word' id='word_1_529' title='bbox 188 3520 241 3578; x_wconf 91' lang='lat' dir='ltr'><strong>lior</strong></span> <span class='ocrx_word' id='word_1_530' title='bbox 258 3525 310 3588; x_wconf 85' lang='lat' dir='ltr'><strong>est,</strong></span> <span class='ocrx_word' id='word_1_531' title='bbox 324 3533 408 3589; x_wconf 80' lang='lat' dir='ltr'><strong>quam</strong></span> <span class='ocrx_word' id='word_1_532' title='bbox 423 3523 456 3571; x_wconf 89' lang='lat' dir='ltr'><strong>ut</strong></span> <span class='ocrx_word' id='word_1_533' title='bbox 471 3516 507 3571; x_wconf 89' lang='lat' dir='ltr'><strong>ad</strong></span> <span class='ocrx_word' id='word_1_534' title='bbox 526 3515 621 3570; x_wconf 77' lang='lat' dir='ltr'><strong>stellm</strong></span> <span class='ocrx_word' id='word_1_535' title='bbox 639 3514 789 3586; x_wconf 86' lang='lat' dir='ltr'><strong>pertingat,</strong></span> <span class='ocrx_word' id='word_1_536' title='bbox 808 3520 848 3569; x_wconf 88' lang='lat' dir='ltr'><strong>sic</strong></span> <span class='ocrx_word' id='word_1_537' title='bbox 866 3512 1024 3569; x_wconf 85' lang='lat' dir='ltr'><strong>intellectus</strong></span> <span class='ocrx_word' id='word_1_538' title='bbox 1053 3511 1088 3564; x_wconf 88' lang='lat' dir='ltr'><strong>Ut</strong></span> <span class='ocrx_word' id='word_1_539' title='bbox 1106 3512 1203 3580; x_wconf 89' lang='lat' dir='ltr'><strong>audio,</strong></span> <span class='ocrx_word' id='word_1_540' title='bbox 1217 3512 1375 3582; x_wconf 72' lang='lat' dir='ltr'><strong>plenitudo,</strong></span> <span class='ocrx_word' id='word_1_541' title='bbox 1396 3532 1480 3583; x_wconf 87' lang='lat' dir='ltr'><strong>quam</strong></span> <span class='ocrx_word' id='word_1_542' title='bbox 1498 3527 1687 3586; x_wconf 69' lang='lat' dir='ltr'><strong>suspectantes</strong></span> <span class='ocrx_word' id='word_1_543' title='bbox 1700 3538 1719 3573; x_wconf 90' lang='lat' dir='ltr'><strong>a</strong></span> <span class='ocrx_word' id='word_1_544' title='bbox 1737 3523 1812 3591; x_wconf 92' lang='lat' dir='ltr'><strong>Deo,</strong></span> <span class='ocrx_word' id='word_1_545' title='bbox 1831 3542 1887 3577; x_wconf 87' lang='lat' dir='ltr'><strong>non</strong></span> 
     </span>
     <span class='ocr_line' id='line_1_39' title="bbox 186 3597 1888 3679; baseline 0.001 -17"><span class='ocrx_word' id='word_1_546' title='bbox 186 3611 281 3662; x_wconf 90' lang='lat' dir='ltr'><strong>noster</strong></span> <span class='ocrx_word' id='word_1_547' title='bbox 298 3603 441 3668; x_wconf 83' lang='lat' dir='ltr'><strong>infirmior,</strong></span> <span class='ocrx_word' id='word_1_548' title='bbox 461 3619 545 3673; x_wconf 89' lang='lat' dir='ltr'><strong>quam</strong></span> <span class='ocrx_word' id='word_1_549' title='bbox 564 3605 597 3655; x_wconf 88' lang='lat' dir='ltr'><strong>nt</strong></span> <span class='ocrx_word' id='word_1_550' title='bbox 613 3599 744 3656; x_wconf 90' lang='lat' dir='ltr'><strong>coelestia</strong></span> <span class='ocrx_word' id='word_1_551' title='bbox 761 3599 867 3671; x_wconf 85' lang='lat' dir='ltr'><strong>gandia</strong></span> <span class='ocrx_word' id='word_1_552' title='bbox 880 3598 1025 3670; x_wconf 81' lang='lat' dir='ltr'><strong>percipiat</strong></span> <span class='ocrx_word' id='word_1_553' title='bbox 1050 3599 1104 3650; x_wconf 88' lang='lat' dir='ltr'><strong>erit</strong></span> <span class='ocrx_word' id='word_1_554' title='bbox 1127 3597 1185 3650; x_wconf 84' lang='lat' dir='ltr'><strong>nisi</strong></span> <span class='ocrx_word' id='word_1_555' title='bbox 1207 3599 1243 3650; x_wconf 85' lang='lat' dir='ltr'><strong>de</strong></span> <span class='ocrx_word' id='word_1_556' title='bbox 1267 3601 1339 3654; x_wconf 89' lang='lat' dir='ltr'><strong>Deo.</strong></span> <span class='ocrx_word' id='word_1_557' title='bbox 1377 3599 1444 3662; x_wconf 83' lang='lat' dir='ltr'><strong>Quis</strong></span> <span class='ocrx_word' id='word_1_558' title='bbox 1462 3619 1528 3657; x_wconf 83' lang='lat' dir='ltr'><strong>vero</strong></span> <span class='ocrx_word' id='word_1_559' title='bbox 1544 3606 1776 3673; x_wconf 82' lang='lat' dir='ltr'><strong>comprehendat,</strong></span> <span class='ocrx_word' id='word_1_560' title='bbox 1803 3627 1888 3679; x_wconf 73' lang='lat' dir='ltr'><strong>queam</strong></span> 
     </span>
     <span class='ocr_line' id='line_1_40' title="bbox 186 3684 1888 3759; baseline 0.001 -12"><span class='ocrx_word' id='word_1_561' title='bbox 186 3692 286 3747; x_wconf 83' lang='lat' dir='ltr'><strong>Visum</strong></span> <span class='ocrx_word' id='word_1_562' title='bbox 298 3690 328 3744; x_wconf 92' lang='lat' dir='ltr'><strong>in</strong></span> <span class='ocrx_word' id='word_1_563' title='bbox 337 3687 569 3759; x_wconf 88' lang='lat' dir='ltr'><strong>contemplatione</strong></span> <span class='ocrx_word' id='word_1_564' title='bbox 577 3685 721 3741; x_wconf 80' lang='lat' dir='ltr'><strong>stellarum</strong></span> <span class='ocrx_word' id='word_1_565' title='bbox 732 3684 897 3756; x_wconf 89' lang='lat' dir='ltr'><strong>corrigimus</strong></span> <span class='ocrx_word' id='word_1_566' title='bbox 908 3684 1025 3748; x_wconf 87' lang='lat' dir='ltr'><strong>ratione,</strong></span> <span class='ocrx_word' id='word_1_567' title='bbox 1051 3701 1155 3753; x_wconf 80' lang='lat' dir='ltr'><strong>mopno</strong></span> <span class='ocrx_word' id='word_1_568' title='bbox 1177 3684 1326 3737; x_wconf 84' lang='lat' dir='ltr'><strong>multitudo</strong></span> <span class='ocrx_word' id='word_1_569' title='bbox 1350 3686 1511 3740; x_wconf 73' lang='lat' dir='ltr'><strong>dulcedinis</strong></span> <span class='ocrx_word' id='word_1_570' title='bbox 1530 3687 1561 3740; x_wconf 89' lang='lat' dir='ltr'><strong>in</strong></span> <span class='ocrx_word' id='word_1_571' title='bbox 1584 3690 1661 3744; x_wconf 80' lang='lat' dir='ltr'><strong>brevi</strong></span> <span class='ocrx_word' id='word_1_572' title='bbox 1683 3692 1738 3747; x_wconf 91' lang='lat' dir='ltr'><strong>isto</strong></span> <span class='ocrx_word' id='word_1_573' title='bbox 1763 3711 1888 3749; x_wconf 80' lang='lat' dir='ltr'><strong>sernsone</strong></span> 
     </span>
     <span class='ocr_line' id='line_1_41' title="bbox 187 3770 1888 3842; baseline 0.002 -10"><span class='ocrx_word' id='word_1_574' title='bbox 187 3773 591 3832; x_wconf 81' lang='lat' dir='ltr'><strong>intellectuminmeditatione</strong></span> <span class='ocrx_word' id='word_1_575' title='bbox 608 3772 768 3828; x_wconf 88' lang='lat' dir='ltr'><strong>coelestium</strong></span> <span class='ocrx_word' id='word_1_576' title='bbox 783 3771 948 3842; x_wconf 88' lang='lat' dir='ltr'><strong>corrigimus</strong></span> <span class='ocrx_word' id='word_1_577' title='bbox 961 3770 1024 3826; x_wconf 84' lang='lat' dir='ltr'><strong>fide.</strong></span> <span class='ocrx_word' id='word_1_578' title='bbox 1051 3770 1251 3838; x_wconf 80' lang='lat' dir='ltr'><strong>comprehensa</strong></span> <span class='ocrx_word' id='word_1_579' title='bbox 1275 3771 1321 3829; x_wconf 88' lang='lat' dir='ltr'><strong>sit.</strong></span> <span class='ocrx_word' id='word_1_580' title='bbox 1358 3772 1426 3825; x_wconf 79' lang='lat' dir='ltr'><strong>Erit</strong></span> <span class='ocrx_word' id='word_1_581' title='bbox 1453 3773 1533 3828; x_wconf 89' lang='lat' dir='ltr'><strong>Deus</strong></span> <span class='ocrx_word' id='word_1_582' title='bbox 1561 3776 1655 3830; x_wconf 82' lang='lat' dir='ltr'><strong>omnia</strong></span> <span class='ocrx_word' id='word_1_583' title='bbox 1681 3778 1711 3832; x_wconf 86' lang='lat' dir='ltr'><strong>in</strong></span> <span class='ocrx_word' id='word_1_584' title='bbox 1738 3781 1888 3836; x_wconf 82' lang='lat' dir='ltr'><strong>omnibusi</strong></span> 
     </span>
     <span class='ocr_line' id='line_1_42' title="bbox 187 3854 1887 3933; baseline 0.004 -18"><span class='ocrx_word' id='word_1_585' title='bbox 187 3867 213 3919; x_wconf 83' lang='grc'><strong>4.</strong></span> <span class='ocrx_word' id='word_1_586' title='bbox 239 3863 286 3915; x_wconf 76' lang='lat' dir='ltr'><strong>Eu</strong></span> <span class='ocrx_word' id='word_1_587' title='bbox 308 3861 476 3928; x_wconf 82' lang='lat' dir='ltr'><strong>oopnitionis</strong></span> <span class='ocrx_word' id='word_1_588' title='bbox 497 3866 611 3913; x_wconf 84' lang='lat' dir='ltr'><strong>nostras</strong></span> <span class='ocrx_word' id='word_1_589' title='bbox 635 3859 854 3927; x_wconf 79' lang='lat' dir='ltr'><strong>imperfectione.</strong></span> <span class='ocrx_word' id='word_1_590' title='bbox 895 3857 1025 3912; x_wconf 78' lang='lat' dir='ltr'><strong>Videmus</strong></span> <span class='ocrx_word' id='word_1_591' title='bbox 1051 3854 1128 3908; x_wconf 89' lang='lat' dir='ltr'><strong>Idem</strong></span> <span class='ocrx_word' id='word_1_592' title='bbox 1141 3871 1257 3910; x_wconf 87' lang='lat' dir='ltr'><strong>sermon.</strong></span> <span class='ocrx_word' id='word_1_593' title='bbox 1277 3862 1301 3913; x_wconf 86' lang='lat' dir='ltr'><strong>t.</strong></span> <span class='ocrx_word' id='word_1_594' title='bbox 1322 3857 1444 3912; x_wconf 90' lang='lat' dir='ltr'><strong>omnium</strong></span> <span class='ocrx_word' id='word_1_595' title='bbox 1461 3864 1595 3914; x_wconf 76' lang='lat' dir='ltr'><strong>sanctor:</strong></span> <span class='ocrx_word' id='word_1_596' title='bbox 1615 3862 1706 3925; x_wconf 85' lang='lat' dir='ltr'><strong>Quam</strong></span> <span class='ocrx_word' id='word_1_597' title='bbox 1723 3883 1830 3933; x_wconf 73' lang='lat' dir='ltr'><strong>magna</strong></span> <span class='ocrx_word' id='word_1_598' title='bbox 1848 3874 1887 3921; x_wconf 86' lang='lat' dir='ltr'><strong>est</strong></span> 
     </span>
     <span class='ocr_line' id='line_1_43' title="bbox 187 3941 1887 4020; baseline 0.001 -16"><span class='ocrx_word' id='word_1_599' title='bbox 187 3948 233 4004; x_wconf 83' lang='lat' dir='ltr'><strong>bic</strong></span> <span class='ocrx_word' id='word_1_600' title='bbox 252 3963 309 4020; x_wconf 84' lang='lat' dir='ltr'><strong>per</strong></span> <span class='ocrx_word' id='word_1_601' title='bbox 332 3946 479 4015; x_wconf 74' lang='lat' dir='ltr'><strong>specislum</strong></span> <span class='ocrx_word' id='word_1_602' title='bbox 502 3947 534 4000; x_wconf 90' lang='lat' dir='ltr'><strong>in</strong></span> <span class='ocrx_word' id='word_1_603' title='bbox 559 3943 715 4011; x_wconf 80' lang='lat' dir='ltr'><strong>aenipnrale</strong></span> <span class='ocrx_word' id='word_1_604' title='bbox 742 3950 764 4000; x_wconf 87' lang='lat'><strong>1.</strong></span> <span class='ocrx_word' id='word_1_605' title='bbox 785 3943 847 4000; x_wconf 83' lang='lat' dir='ltr'><strong>Cor.</strong></span> <span class='ocrx_word' id='word_1_606' title='bbox 875 3948 915 4012; x_wconf 84' lang='grc'><strong>13,</strong></span> <span class='ocrx_word' id='word_1_607' title='bbox 938 3961 964 4000; x_wconf 82' lang='grc' dir='ltr'><strong>ι.</strong></span> <span class='ocrx_word' id='word_1_608' title='bbox 984 3947 1024 3998; x_wconf 85' lang='lat'><strong>12.</strong></span> <span class='ocrx_word' id='word_1_609' title='bbox 1051 3941 1194 3994; x_wconf 87' lang='lat' dir='ltr'><strong>beatitudo</strong></span> <span class='ocrx_word' id='word_1_610' title='bbox 1213 3941 1276 4007; x_wconf 88' lang='lat' dir='ltr'><strong>illa,</strong></span> <span class='ocrx_word' id='word_1_611' title='bbox 1295 3949 1355 3999; x_wconf 82' lang='lat' dir='ltr'><strong>tan</strong></span> <span class='ocrx_word' id='word_1_612' title='bbox 1370 3943 1535 3999; x_wconf 84' lang='lat' dir='ltr'><strong>abscondita</strong></span> <span class='ocrx_word' id='word_1_613' title='bbox 1554 3954 1596 4000; x_wconf 86' lang='lat' dir='ltr'><strong>est</strong></span> <span class='ocrx_word' id='word_1_614' title='bbox 1614 3964 1647 4000; x_wconf 78' lang='lat' dir='ltr'><strong>es</strong></span> <span class='ocrx_word' id='word_1_615' title='bbox 1666 3949 1757 4002; x_wconf 80' lang='lat' dir='ltr'><strong>oeulis</strong></span> <span class='ocrx_word' id='word_1_616' title='bbox 1774 3953 1887 4007; x_wconf 77' lang='grc' dir='ltr'><strong><em>ιιοιλιιί.</em></strong></span> 
     </span>
     <span class='ocr_line' id='line_1_44' title="bbox 187 4026 1887 4109; baseline 0.001 -19"><span class='ocrx_word' id='word_1_617' title='bbox 187 4032 327 4107; x_wconf 90' lang='lat' dir='ltr'><strong>quomodo</strong></span> <span class='ocrx_word' id='word_1_618' title='bbox 339 4031 425 4103; x_wconf 89' lang='lat' dir='ltr'><strong>igitur</strong></span> <span class='ocrx_word' id='word_1_619' title='bbox 436 4032 511 4086; x_wconf 83' lang='lat' dir='ltr'><strong>ritae</strong></span> <span class='ocrx_word' id='word_1_620' title='bbox 523 4029 778 4101; x_wconf 85' lang='lat' dir='ltr'><strong>aetemaeglorinm</strong></span> <span class='ocrx_word' id='word_1_621' title='bbox 788 4029 911 4109; x_wconf 83' lang='lat' dir='ltr'><strong>perfecte</strong></span> <span class='ocrx_word' id='word_1_622' title='bbox 923 4045 1024 4100; x_wconf 85' lang='lat' dir='ltr'><strong>cogno·</strong></span> <span class='ocrx_word' id='word_1_623' title='bbox 1051 4027 1102 4080; x_wconf 84' lang='lat' dir='ltr'><strong>Est</strong></span> <span class='ocrx_word' id='word_1_624' title='bbox 1121 4031 1149 4081; x_wconf 86' lang='lat' dir='ltr'><strong>et</strong></span> <span class='ocrx_word' id='word_1_625' title='bbox 1165 4026 1218 4081; x_wconf 89' lang='lat' dir='ltr'><strong>hoo</strong></span> <span class='ocrx_word' id='word_1_626' title='bbox 1232 4026 1397 4098; x_wconf 85' lang='lat' dir='ltr'><strong>Bernhardi,</strong></span> <span class='ocrx_word' id='word_1_627' title='bbox 1416 4029 1491 4101; x_wconf 92' lang='lat' dir='ltr'><strong>quod</strong></span> <span class='ocrx_word' id='word_1_628' title='bbox 1509 4031 1609 4087; x_wconf 81' lang='lat' dir='ltr'><strong>recitat</strong></span> <span class='ocrx_word' id='word_1_629' title='bbox 1623 4031 1822 4091; x_wconf 83' lang='lat' dir='ltr'><strong>Bonarentnra</strong></span> <span class='ocrx_word' id='word_1_630' title='bbox 1838 4035 1887 4091; x_wconf 89' lang='lat' dir='ltr'><strong>lib.</strong></span> 
     </span>
     <span class='ocr_line' id='line_1_45' title="bbox 188 4112 1888 4190; baseline 0 -13"><span class='ocrx_word' id='word_1_631' title='bbox 188 4136 266 4177; x_wconf 84' lang='lat' dir='ltr'><strong>scere</strong></span> <span class='ocrx_word' id='word_1_632' title='bbox 276 4115 448 4190; x_wconf 79' lang='lat' dir='ltr'><strong>poterimus?</strong></span> <span class='ocrx_word' id='word_1_633' title='bbox 482 4116 643 4171; x_wconf 86' lang='lat' dir='ltr'><strong>Intellectus</strong></span> <span class='ocrx_word' id='word_1_634' title='bbox 664 4120 758 4171; x_wconf 87' lang='lat' dir='ltr'><strong>noster</strong></span> <span class='ocrx_word' id='word_1_635' title='bbox 774 4114 870 4171; x_wconf 84' lang='lat' dir='ltr'><strong>finitus</strong></span> <span class='ocrx_word' id='word_1_636' title='bbox 887 4121 937 4184; x_wconf 89' lang='lat' dir='ltr'><strong>est,</strong></span> <span class='ocrx_word' id='word_1_637' title='bbox 957 4130 1024 4186; x_wconf 91' lang='lat' dir='ltr'><strong>quo·</strong></span> <span class='ocrx_word' id='word_1_638' title='bbox 1052 4118 1077 4171; x_wconf 77' lang='grc' dir='ltr'><strong>Ἰ.</strong></span> <span class='ocrx_word' id='word_1_639' title='bbox 1096 4112 1242 4183; x_wconf 86' lang='lat' dir='ltr'><strong>compend.</strong></span> <span class='ocrx_word' id='word_1_640' title='bbox 1268 4129 1329 4184; x_wconf 81' lang='lat' dir='ltr'><strong>cap</strong></span> <span class='ocrx_word' id='word_1_641' title='bbox 1350 4118 1399 4171; x_wconf 86' lang='lat'><strong>31:</strong></span> <span class='ocrx_word' id='word_1_642' title='bbox 1420 4116 1492 4169; x_wconf 83' lang='lat' dir='ltr'><strong>Tam</strong></span> <span class='ocrx_word' id='word_1_643' title='bbox 1510 4134 1614 4185; x_wconf 81' lang='lat' dir='ltr'><strong>mopna</strong></span> <span class='ocrx_word' id='word_1_644' title='bbox 1631 4127 1697 4172; x_wconf 70' lang='lat' dir='ltr'><strong>nent</strong></span> <span class='ocrx_word' id='word_1_645' title='bbox 1714 4120 1790 4175; x_wconf 76' lang='lat' dir='ltr'><strong>ustae</strong></span> <span class='ocrx_word' id='word_1_646' title='bbox 1807 4123 1888 4177; x_wconf 88' lang='lat' dir='ltr'><strong>illius</strong></span> 
     </span>
     <span class='ocr_line' id='line_1_46' title="bbox 187 4199 1887 4276; baseline 0.001 -16"><span class='ocrx_word' id='word_1_647' title='bbox 187 4205 271 4260; x_wconf 89' lang='lat' dir='ltr'><strong>modo</strong></span> <span class='ocrx_word' id='word_1_648' title='bbox 296 4205 382 4276; x_wconf 88' lang='lat' dir='ltr'><strong>igitur</strong></span> <span class='ocrx_word' id='word_1_649' title='bbox 410 4201 548 4258; x_wconf 85' lang='lat' dir='ltr'><strong>infinitam</strong></span> <span class='ocrx_word' id='word_1_650' title='bbox 576 4202 720 4257; x_wconf 85' lang='lat' dir='ltr'><strong>beatorum</strong></span> <span class='ocrx_word' id='word_1_651' title='bbox 746 4199 909 4256; x_wconf 83' lang='lat' dir='ltr'><strong>felicitatem</strong></span> <span class='ocrx_word' id='word_1_652' title='bbox 936 4217 1025 4273; x_wconf 86' lang='lat' dir='ltr'><strong>agno·</strong></span> <span class='ocrx_word' id='word_1_653' title='bbox 1051 4200 1131 4263; x_wconf 86' lang='lat' dir='ltr'><strong>bona,</strong></span> <span class='ocrx_word' id='word_1_654' title='bbox 1152 4207 1182 4252; x_wconf 88' lang='lat' dir='ltr'><strong>ut</strong></span> <span class='ocrx_word' id='word_1_655' title='bbox 1199 4200 1385 4268; x_wconf 87' lang='lat' dir='ltr'><strong>nonpossint</strong></span> <span class='ocrx_word' id='word_1_656' title='bbox 1402 4202 1575 4266; x_wconf 78' lang='lat' dir='ltr'><strong>mensurari,-</strong></span> <span class='ocrx_word' id='word_1_657' title='bbox 1594 4205 1764 4276; x_wconf 74' lang='lat' dir='ltr'><strong>tmnmulta,</strong></span> <span class='ocrx_word' id='word_1_658' title='bbox 1781 4216 1813 4262; x_wconf 89' lang='lat' dir='ltr'><strong>ut</strong></span> <span class='ocrx_word' id='word_1_659' title='bbox 1832 4226 1887 4265; x_wconf 83' lang='lat' dir='ltr'><strong>nou</strong></span> 
     </span>
     <span class='ocr_line' id='line_1_47' title="bbox 188 4285 1887 4361; baseline 0.001 -13"><span class='ocrx_word' id='word_1_660' title='bbox 188 4290 300 4348; x_wconf 80' lang='lat' dir='ltr'><strong>moret?</strong></span> <span class='ocrx_word' id='word_1_661' title='bbox 325 4290 390 4345; x_wconf 86' lang='lat' dir='ltr'><strong>Huc</strong></span> <span class='ocrx_word' id='word_1_662' title='bbox 401 4287 706 4344; x_wconf 85' lang='lat' dir='ltr'><strong>referendasuntdieta</strong></span> <span class='ocrx_word' id='word_1_663' title='bbox 716 4294 835 4358; x_wconf 89' lang='lat' dir='ltr'><strong>patrum.</strong></span> <span class='ocrx_word' id='word_1_664' title='bbox 853 4286 1025 4356; x_wconf 81' lang='lat' dir='ltr'><strong>Ephraemns</strong></span> <span class='ocrx_word' id='word_1_665' title='bbox 1048 4285 1158 4354; x_wconf 85' lang='lat' dir='ltr'><strong>possint</strong></span> <span class='ocrx_word' id='word_1_666' title='bbox 1175 4285 1338 4354; x_wconf 84' lang='lat' dir='ltr'><strong>numeruri;</strong></span> <span class='ocrx_word' id='word_1_667' title='bbox 1367 4293 1425 4340; x_wconf 88' lang='lat' dir='ltr'><strong>tam</strong></span> <span class='ocrx_word' id='word_1_668' title='bbox 1442 4288 1566 4357; x_wconf 85' lang='lat' dir='ltr'><strong>copiosa,</strong></span> <span class='ocrx_word' id='word_1_669' title='bbox 1586 4296 1617 4343; x_wconf 83' lang='lat' dir='ltr'><strong>st</strong></span> <span class='ocrx_word' id='word_1_670' title='bbox 1634 4308 1690 4344; x_wconf 80' lang='lat' dir='ltr'><strong>non</strong></span> <span class='ocrx_word' id='word_1_671' title='bbox 1705 4294 1818 4361; x_wconf 83' lang='lat' dir='ltr'><strong>possint</strong></span> <span class='ocrx_word' id='word_1_672' title='bbox 1834 4303 1887 4350; x_wconf 82' lang='lat' dir='ltr'><strong>ter·</strong></span> 
     </span>
     <span class='ocr_line' id='line_1_48' title="bbox 71 4370 1914 4447; baseline 0 -14"><span class='ocrx_word' id='word_1_673' title='bbox 71 4377 234 4433; x_wconf 74' lang='lat' dir='ltr'><strong>1¹·8btlih.</strong></span> <span class='ocrx_word' id='word_1_674' title='bbox 257 4376 295 4432; x_wconf 89' lang='lat' dir='ltr'><strong>de</strong></span> <span class='ocrx_word' id='word_1_675' title='bbox 313 4375 376 4447; x_wconf 91' lang='lat' dir='ltr'><strong>jud.</strong></span> <span class='ocrx_word' id='word_1_676' title='bbox 398 4391 461 4445; x_wconf 85' lang='lat' dir='ltr'><strong>cup.</strong></span> <span class='ocrx_word' id='word_1_677' title='bbox 480 4382 506 4431; x_wconf 86' lang='lat' dir='ltr'><strong>b.</strong></span> <span class='ocrx_word' id='word_1_678' title='bbox 529 4391 593 4429; x_wconf 90' lang='lat' dir='ltr'><strong>curn</strong></span> <span class='ocrx_word' id='word_1_679' title='bbox 617 4372 653 4428; x_wconf 90' lang='lat' dir='ltr'><strong>de</strong></span> <span class='ocrx_word' id='word_1_680' title='bbox 671 4372 783 4445; x_wconf 87' lang='lat' dir='ltr'><strong>gaudiis</strong></span> <span class='ocrx_word' id='word_1_681' title='bbox 802 4373 878 4427; x_wconf 84' lang='lat' dir='ltr'><strong>vitae</strong></span> <span class='ocrx_word' id='word_1_682' title='bbox 894 4379 1025 4429; x_wconf 88' lang='lat' dir='ltr'><strong>aeternae</strong></span> <span class='ocrx_word' id='word_1_683' title='bbox 1051 4370 1173 4438; x_wconf 82' lang='lat' dir='ltr'><strong>minori,·</strong></span> <span class='ocrx_word' id='word_1_684' title='bbox 1200 4376 1258 4424; x_wconf 88' lang='lat' dir='ltr'><strong>tam</strong></span> <span class='ocrx_word' id='word_1_685' title='bbox 1282 4371 1427 4440; x_wconf 82' lang='lat' dir='ltr'><strong>pretiosa,</strong></span> <span class='ocrx_word' id='word_1_686' title='bbox 1461 4381 1493 4427; x_wconf 86' lang='lat' dir='ltr'><strong>ut</strong></span> <span class='ocrx_word' id='word_1_687' title='bbox 1521 4393 1578 4429; x_wconf 88' lang='lat' dir='ltr'><strong>non</strong></span> <span class='ocrx_word' id='word_1_688' title='bbox 1598 4378 1711 4444; x_wconf 87' lang='lat' dir='ltr'><strong>possint</strong></span> <span class='ocrx_word' id='word_1_689' title='bbox 1733 4373 1914 4436; x_wconf 77' lang='grc' dir='ltr'><strong><em>οοιιιοιιιιλ.</em></strong></span> 
     </span>
     <span class='ocr_line' id='line_1_49' title="bbox 186 4453 1887 4536; baseline 0.001 -18"><span class='ocrx_word' id='word_1_690' title='bbox 186 4462 369 4523; x_wconf 77' lang='grc' dir='ltr'><strong><em>ᾱίιιοιιιίιιολ,</em></strong></span> <span class='ocrx_word' id='word_1_691' title='bbox 388 4459 550 4532; x_wconf 70' lang='lat' dir='ltr'><strong>subjungite</strong></span> <span class='ocrx_word' id='word_1_692' title='bbox 568 4461 616 4513; x_wconf 89' lang='lat' dir='ltr'><strong>De</strong></span> <span class='ocrx_word' id='word_1_693' title='bbox 634 4459 689 4514; x_wconf 85' lang='lat' dir='ltr'><strong>illa</strong></span> <span class='ocrx_word' id='word_1_694' title='bbox 709 4457 850 4530; x_wconf 84' lang='lat' dir='ltr'><strong>ineffabili</strong></span> <span class='ocrx_word' id='word_1_695' title='bbox 867 4458 979 4513; x_wconf 86' lang='lat' dir='ltr'><strong>loets&#39;tio</strong></span> <span class='ocrx_word' id='word_1_696' title='bbox 998 4467 1024 4512; x_wconf 86' lang='lat' dir='ltr'><strong>et</strong></span> <span class='ocrx_word' id='word_1_697' title='bbox 1050 4453 1141 4511; x_wconf 85' lang='lat' dir='ltr'><strong>Idem:</strong></span> <span class='ocrx_word' id='word_1_698' title='bbox 1164 4455 1247 4518; x_wconf 81' lang='lat' dir='ltr'><strong>Quod</strong></span> <span class='ocrx_word' id='word_1_699' title='bbox 1266 4458 1347 4511; x_wconf 88' lang='lat' dir='ltr'><strong>Deus</strong></span> <span class='ocrx_word' id='word_1_700' title='bbox 1362 4461 1549 4530; x_wconf 84' lang='lat' dir='ltr'><strong>praeparavit</strong></span> <span class='ocrx_word' id='word_1_701' title='bbox 1568 4461 1750 4530; x_wconf 69' lang='lat' dir='ltr'><strong>diligentibus</strong></span> <span class='ocrx_word' id='word_1_702' title='bbox 1768 4482 1809 4534; x_wconf 88' lang='lat' dir='ltr'><strong>ss,</strong></span> <span class='ocrx_word' id='word_1_703' title='bbox 1826 4469 1887 4536; x_wconf 81' lang='lat' dir='ltr'><strong>fide</strong></span> 
     </span>
     <span class='ocr_line' id='line_1_50' title="bbox 187 4543 1888 4622; baseline -0.001 -18"><span class='ocrx_word' id='word_1_704' title='bbox 187 4550 334 4605; x_wconf 85' lang='lat' dir='ltr'><strong>mansione</strong></span> <span class='ocrx_word' id='word_1_705' title='bbox 358 4555 476 4602; x_wconf 71' lang='lat' dir='ltr'><strong>amerna</strong></span> <span class='ocrx_word' id='word_1_706' title='bbox 497 4563 571 4601; x_wconf 89' lang='lat' dir='ltr'><strong>nuno</strong></span> <span class='ocrx_word' id='word_1_707' title='bbox 600 4561 633 4599; x_wconf 80' lang='lat' dir='ltr'><strong>su</strong></span> <span class='ocrx_word' id='word_1_708' title='bbox 656 4552 745 4613; x_wconf 80' lang='lat' dir='ltr'><strong>parte</strong></span> <span class='ocrx_word' id='word_1_709' title='bbox 769 4551 921 4598; x_wconf 64' lang='lat' dir='ltr'><strong>monaedes</strong></span> <span class='ocrx_word' id='word_1_710' title='bbox 944 4551 1025 4598; x_wconf 88' lang='lat' dir='ltr'><strong>tanto</strong></span> <span class='ocrx_word' id='word_1_711' title='bbox 1051 4559 1108 4596; x_wconf 88' lang='lat' dir='ltr'><strong>non</strong></span> <span class='ocrx_word' id='word_1_712' title='bbox 1127 4543 1248 4612; x_wconf 84' lang='lat' dir='ltr'><strong>capitur,</strong></span> <span class='ocrx_word' id='word_1_713' title='bbox 1269 4559 1385 4612; x_wconf 84' lang='lat' dir='ltr'><strong>spenon</strong></span> <span class='ocrx_word' id='word_1_714' title='bbox 1399 4546 1556 4613; x_wconf 73' lang='lat' dir='ltr'><strong>attingitur,</strong></span> <span class='ocrx_word' id='word_1_715' title='bbox 1577 4549 1698 4603; x_wconf 84' lang='lat' dir='ltr'><strong>coritote</strong></span> <span class='ocrx_word' id='word_1_716' title='bbox 1715 4569 1773 4606; x_wconf 91' lang='lat' dir='ltr'><strong>non</strong></span> <span class='ocrx_word' id='word_1_717' title='bbox 1786 4569 1888 4622; x_wconf 81' lang='lat' dir='ltr'><strong>appre-</strong></span> 
     </span>
     <span class='ocr_line' id='line_1_51' title="bbox 170 4629 1890 4710; baseline 0.002 -20"><span class='ocrx_word' id='word_1_718' title='bbox 170 4634 269 4691; x_wconf 83' lang='lat' dir='ltr'><strong>-nobis</strong></span> <span class='ocrx_word' id='word_1_719' title='bbox 292 4633 558 4701; x_wconf 69' lang='lat' dir='ltr'><strong>euangelisuoimus,</strong></span> <span class='ocrx_word' id='word_1_720' title='bbox 582 4639 719 4700; x_wconf 85' lang='lat' dir='ltr'><strong>tanquam</strong></span> <span class='ocrx_word' id='word_1_721' title='bbox 740 4630 769 4683; x_wconf 85' lang='lat' dir='ltr'><strong>si</strong></span> <span class='ocrx_word' id='word_1_722' title='bbox 789 4629 853 4699; x_wconf 84' lang='lat' dir='ltr'><strong>quis</strong></span> <span class='ocrx_word' id='word_1_723' title='bbox 871 4647 906 4684; x_wconf 78' lang='lat' dir='ltr'><strong>eu</strong></span> <span class='ocrx_word' id='word_1_724' title='bbox 917 4630 1025 4699; x_wconf 79' lang='lat' dir='ltr'><strong>pelope</strong></span> <span class='ocrx_word' id='word_1_725' title='bbox 1051 4629 1197 4695; x_wconf 76' lang='lat' dir='ltr'><strong>itenditur,</strong></span> <span class='ocrx_word' id='word_1_726' title='bbox 1222 4629 1371 4684; x_wconf 79' lang='lat' dir='ltr'><strong>desideria</strong></span> <span class='ocrx_word' id='word_1_727' title='bbox 1394 4638 1420 4685; x_wconf 86' lang='lat' dir='ltr'><strong>et</strong></span> <span class='ocrx_word' id='word_1_728' title='bbox 1440 4640 1506 4686; x_wconf 84' lang='lat' dir='ltr'><strong>oola</strong></span> <span class='ocrx_word' id='word_1_729' title='bbox 1524 4636 1753 4704; x_wconf 75' lang='lat' dir='ltr'><strong>transqreditur,</strong></span> <span class='ocrx_word' id='word_1_730' title='bbox 1776 4639 1890 4710; x_wconf 81' lang='lat' dir='ltr'><strong>ooqrss&#39;ri</strong></span> 
     </span>
     <span class='ocr_line' id='line_1_52' title="bbox 188 4713 1504 4789; baseline -0.001 -15"><span class='ocrx_word' id='word_1_731' title='bbox 188 4721 279 4776; x_wconf 87' lang='lat' dir='ltr'><strong>maris</strong></span> <span class='ocrx_word' id='word_1_732' title='bbox 290 4736 382 4789; x_wconf 69' lang='lat' dir='ltr'><strong>aqum</strong></span> <span class='ocrx_word' id='word_1_733' title='bbox 395 4727 503 4786; x_wconf 67' lang='lat' dir='ltr'><strong>putem</strong></span> <span class='ocrx_word' id='word_1_734' title='bbox 514 4718 607 4785; x_wconf 84' lang='lat' dir='ltr'><strong>dipito</strong></span> <span class='ocrx_word' id='word_1_735' title='bbox 617 4734 670 4771; x_wconf 91' lang='lat' dir='ltr'><strong>suo</strong></span> <span class='ocrx_word' id='word_1_736' title='bbox 684 4723 776 4785; x_wconf 88' lang='lat' dir='ltr'><strong>potest</strong></span> <span class='ocrx_word' id='word_1_737' title='bbox 787 4717 917 4781; x_wconf 78' lang='lat' dir='ltr'><strong>auferre.</strong></span> <span class='ocrx_word' id='word_1_738' title='bbox 936 4715 1025 4786; x_wconf 83' lang='lat' dir='ltr'><strong>Chry·</strong></span> <span class='ocrx_word' id='word_1_739' title='bbox 1048 4722 1150 4784; x_wconf 88' lang='lat' dir='ltr'><strong>potest,</strong></span> <span class='ocrx_word' id='word_1_740' title='bbox 1170 4713 1318 4770; x_wconf 73' lang='grc' dir='ltr'><strong><em>ολιλίιιιοοι·</em></strong></span> <span class='ocrx_word' id='word_1_741' title='bbox 1330 4734 1388 4770; x_wconf 89' lang='lat' dir='ltr'><strong>non</strong></span> <span class='ocrx_word' id='word_1_742' title='bbox 1400 4725 1504 4787; x_wconf 82' lang='lat' dir='ltr'><strong>potest.</strong></span> 
     </span>
     <span class='ocr_line' id='line_1_53' title="bbox 188 4801 1024 4874; baseline -0.01 -12"><span class='ocrx_word' id='word_1_743' title='bbox 188 4813 327 4862; x_wconf 87' lang='lat' dir='ltr'><strong>sostomus</strong></span> <span class='ocrx_word' id='word_1_744' title='bbox 346 4803 455 4874; x_wconf 85' lang='lat' dir='ltr'><strong>epistol.</strong></span> <span class='ocrx_word' id='word_1_745' title='bbox 476 4809 500 4859; x_wconf 87' lang='lat' dir='ltr'><strong>b.</strong></span> <span class='ocrx_word' id='word_1_746' title='bbox 513 4803 551 4858; x_wconf 92' lang='lat' dir='ltr'><strong>ad</strong></span> <span class='ocrx_word' id='word_1_747' title='bbox 563 4801 743 4857; x_wconf 83' lang='lat' dir='ltr'><strong>Theodorum</strong></span> <span class='ocrx_word' id='word_1_748' title='bbox 756 4801 879 4870; x_wconf 86' lang='lat' dir='ltr'><strong>lapsum:</strong></span> <span class='ocrx_word' id='word_1_749' title='bbox 902 4802 1024 4870; x_wconf 69' lang='lat' dir='ltr'><strong>Conmpe</strong></span> 
     </span>
     <span class='ocr_line' id='line_1_54' title="bbox 189 4886 1964 4963; baseline -0.003 -15"><span class='ocrx_word' id='word_1_750' title='bbox 189 4893 396 4948; x_wconf 84' lang='lat' dir='ltr'><strong>animostotum</strong></span> <span class='ocrx_word' id='word_1_751' title='bbox 408 4891 483 4944; x_wconf 84' lang='lat' dir='ltr'><strong>sitos</strong></span> <span class='ocrx_word' id='word_1_752' title='bbox 497 4889 587 4957; x_wconf 78' lang='lat' dir='ltr'><strong>silius,</strong></span> <span class='ocrx_word' id='word_1_753' title='bbox 606 4896 742 4958; x_wconf 87' lang='lat' dir='ltr'><strong>quantum</strong></span> <span class='ocrx_word' id='word_1_754' title='bbox 753 4888 862 4942; x_wconf 85' lang='lat' dir='ltr'><strong>bomini</strong></span> <span class='ocrx_word' id='word_1_755' title='bbox 875 4890 1024 4957; x_wconf 79' lang='lat' dir='ltr'><strong>conospers</strong></span> <span class='ocrx_word' id='word_1_756' title='bbox 1086 4893 1129 4945; x_wconf 82' lang='grc'><strong>19.</strong></span> <span class='ocrx_word' id='word_1_757' title='bbox 1155 4886 1290 4951; x_wconf 80' lang='lat' dir='ltr'><strong>Quamvis</strong></span> <span class='ocrx_word' id='word_1_758' title='bbox 1308 4902 1374 4943; x_wconf 83' lang='lat' dir='ltr'><strong>vero</strong></span> <span class='ocrx_word' id='word_1_759' title='bbox 1387 4887 1531 4944; x_wconf 86' lang='lat' dir='ltr'><strong>beatitudo</strong></span> <span class='ocrx_word' id='word_1_760' title='bbox 1548 4890 1649 4946; x_wconf 88' lang='lat' dir='ltr'><strong>illusit</strong></span> <span class='ocrx_word' id='word_1_761' title='bbox 1666 4892 1830 4963; x_wconf 77' lang='lat' dir='ltr'><strong>mysterium</strong></span> <span class='ocrx_word' id='word_1_762' title='bbox 1847 4894 1888 4950; x_wconf 92' lang='lat' dir='ltr'><strong>in·</strong></span> <span class='ocrx_word' id='word_1_763' title='bbox 1899 4900 1964 4950; x_wconf 80' lang='lat' dir='ltr'><strong>usust</strong></span> 
     </span>
     <span class='ocr_line' id='line_1_55' title="bbox 188 4963 1960 5052; baseline 0.001 -17"><span class='ocrx_word' id='word_1_764' title='bbox 188 4981 285 5046; x_wconf 72' lang='lat' dir='ltr'><strong>datm,</strong></span> <span class='ocrx_word' id='word_1_765' title='bbox 304 4995 371 5032; x_wconf 86' lang='lat' dir='ltr'><strong>nam</strong></span> <span class='ocrx_word' id='word_1_766' title='bbox 386 4977 470 5044; x_wconf 74' lang='lat' dir='ltr'><strong>iusta</strong></span> <span class='ocrx_word' id='word_1_767' title='bbox 486 4976 531 5028; x_wconf 90' lang='lat' dir='ltr'><strong>rei</strong></span> <span class='ocrx_word' id='word_1_768' title='bbox 542 4975 710 5044; x_wconf 84' lang='lat' dir='ltr'><strong>dipnitatem</strong></span> <span class='ocrx_word' id='word_1_769' title='bbox 726 4975 807 5028; x_wconf 89' lang='lat' dir='ltr'><strong>nobis</strong></span> <span class='ocrx_word' id='word_1_770' title='bbox 820 4991 912 5028; x_wconf 85' lang='lat' dir='ltr'><strong>sermo</strong></span> <span class='ocrx_word' id='word_1_771' title='bbox 927 4974 1025 5029; x_wconf 85' lang='lat' dir='ltr'><strong>nullus</strong></span> <span class='ocrx_word' id='word_1_772' title='bbox 1051 4971 1170 5041; x_wconf 81' lang='lat' dir='ltr'><strong>visibile,</strong></span> <span class='ocrx_word' id='word_1_773' title='bbox 1190 4971 1349 5027; x_wconf 88' lang='lat' dir='ltr'><strong>inauditum</strong></span> <span class='ocrx_word' id='word_1_774' title='bbox 1360 4979 1389 5029; x_wconf 92' lang='lat' dir='ltr'><strong>et</strong></span> <span class='ocrx_word' id='word_1_775' title='bbox 1400 4975 1685 5047; x_wconf 88' lang='lat' dir='ltr'><strong>incomprehensibile,</strong></span> <span class='ocrx_word' id='word_1_776' title='bbox 1698 4979 1735 5034; x_wconf 89' lang='lat' dir='ltr'><strong>de</strong></span> <span class='ocrx_word' id='word_1_777' title='bbox 1748 4994 1784 5034; x_wconf 89' lang='lat' dir='ltr'><strong>ea</strong></span> <span class='ocrx_word' id='word_1_778' title='bbox 1794 4986 1889 5036; x_wconf 74' lang='lat' dir='ltr'><strong>minsa</strong></span> <span class='ocrx_word' id='word_1_779' title='bbox 1900 4963 1960 5052; x_wconf 56' lang='lat' dir='ltr'><strong>iffi</strong></span> 
     </span>
     <span class='ocr_line' id='line_1_56' title="bbox 188 5057 1964 5134; baseline -0.004 -13"><span class='ocrx_word' id='word_1_780' title='bbox 188 5068 290 5121; x_wconf 77' lang='lat' dir='ltr'><strong>adsue</strong></span> <span class='ocrx_word' id='word_1_781' title='bbox 305 5072 407 5134; x_wconf 88' lang='lat' dir='ltr'><strong>potest,</strong></span> <span class='ocrx_word' id='word_1_782' title='bbox 426 5078 459 5116; x_wconf 80' lang='lat' dir='ltr'><strong>ert</strong></span> <span class='ocrx_word' id='word_1_783' title='bbox 475 5061 513 5115; x_wconf 86' lang='lat' dir='ltr'><strong>iis</strong></span> <span class='ocrx_word' id='word_1_784' title='bbox 530 5068 632 5127; x_wconf 89' lang='lat' dir='ltr'><strong>tamen,</strong></span> <span class='ocrx_word' id='word_1_785' title='bbox 652 5076 725 5129; x_wconf 76' lang='lat' dir='ltr'><strong>queue</strong></span> <span class='ocrx_word' id='word_1_786' title='bbox 744 5061 884 5127; x_wconf 87' lang='lat' dir='ltr'><strong>audimus,</strong></span> <span class='ocrx_word' id='word_1_787' title='bbox 903 5077 954 5115; x_wconf 84' lang='lat' dir='ltr'><strong>esa</strong></span> <span class='ocrx_word' id='word_1_788' title='bbox 968 5076 1026 5130; x_wconf 83' lang='lat' dir='ltr'><strong>per</strong></span> <span class='ocrx_word' id='word_1_789' title='bbox 1051 5061 1162 5130; x_wconf 89' lang='lat' dir='ltr'><strong>penitus</strong></span> <span class='ocrx_word' id='word_1_790' title='bbox 1176 5057 1257 5113; x_wconf 90' lang='lat' dir='ltr'><strong>silere</strong></span> <span class='ocrx_word' id='word_1_791' title='bbox 1271 5075 1328 5112; x_wconf 90' lang='lat' dir='ltr'><strong>non</strong></span> <span class='ocrx_word' id='word_1_792' title='bbox 1344 5057 1487 5125; x_wconf 61' lang='lat' dir='ltr'><strong>dommus,</strong></span> <span class='ocrx_word' id='word_1_793' title='bbox 1505 5061 1555 5117; x_wconf 88' lang='lat' dir='ltr'><strong>sed</strong></span> <span class='ocrx_word' id='word_1_794' title='bbox 1576 5062 1611 5116; x_wconf 90' lang='lat' dir='ltr'><strong>de</strong></span> <span class='ocrx_word' id='word_1_795' title='bbox 1629 5079 1664 5119; x_wconf 87' lang='lat' dir='ltr'><strong>es</strong></span> <span class='ocrx_word' id='word_1_796' title='bbox 1683 5071 1819 5134; x_wconf 87' lang='lat' dir='ltr'><strong>qnantum</strong></span> <span class='ocrx_word' id='word_1_797' title='bbox 1838 5081 1889 5120; x_wconf 79' lang='lat' dir='ltr'><strong>rs·</strong></span> <span class='ocrx_word' id='word_1_798' title='bbox 1900 5059 1964 5114; x_wconf 59' lang='lat' dir='ltr'><strong>tart*</strong></span> 
     </span>
     <span class='ocr_line' id='line_1_57' title="bbox 188 5142 1889 5220; baseline 0.001 -14"><span class='ocrx_word' id='word_1_799' title='bbox 188 5152 353 5219; x_wconf 61' lang='lat' dir='ltr'><strong>dampnosa</strong></span> <span class='ocrx_word' id='word_1_800' title='bbox 374 5149 567 5218; x_wconf 83' lang='lat' dir='ltr'><strong>conjecturum</strong></span> <span class='ocrx_word' id='word_1_801' title='bbox 592 5147 865 5216; x_wconf 79' lang='lat' dir='ltr'><strong>quantulamcunque</strong></span> <span class='ocrx_word' id='word_1_802' title='bbox 881 5147 1025 5214; x_wconf 83' lang='lat' dir='ltr'><strong>faciemus</strong></span> <span class='ocrx_word' id='word_1_803' title='bbox 1050 5146 1149 5214; x_wconf 87' lang='lat' dir='ltr'><strong>lamus,</strong></span> <span class='ocrx_word' id='word_1_804' title='bbox 1167 5142 1234 5214; x_wconf 87' lang='lat' dir='ltr'><strong>quia</strong></span> <span class='ocrx_word' id='word_1_805' title='bbox 1250 5149 1385 5213; x_wconf 87' lang='lat' dir='ltr'><strong>quantum</strong></span> <span class='ocrx_word' id='word_1_806' title='bbox 1399 5146 1535 5218; x_wconf 83' lang='lat' dir='ltr'><strong>volumus,</strong></span> <span class='ocrx_word' id='word_1_807' title='bbox 1552 5146 1646 5203; x_wconf 88' lang='lat' dir='ltr'><strong>dicere</strong></span> <span class='ocrx_word' id='word_1_808' title='bbox 1662 5167 1718 5205; x_wconf 89' lang='lat' dir='ltr'><strong>non</strong></span> <span class='ocrx_word' id='word_1_809' title='bbox 1733 5168 1889 5220; x_wconf 81' lang='lat' dir='ltr'><strong>possumus.</strong></span> 
     </span>
     <span class='ocr_line' id='line_1_58' title="bbox 189 5231 1964 5308; baseline -0.002 -15"><span class='ocrx_word' id='word_1_810' title='bbox 189 5243 242 5292; x_wconf 71' lang='lat' dir='ltr'><strong>ete</strong></span> <span class='ocrx_word' id='word_1_811' title='bbox 282 5237 321 5292; x_wconf 81' lang='lat' dir='ltr'><strong>Et</strong></span> <span class='ocrx_word' id='word_1_812' title='bbox 340 5241 453 5308; x_wconf 84' lang='lat' dir='ltr'><strong>postea:</strong></span> <span class='ocrx_word' id='word_1_813' title='bbox 480 5232 598 5299; x_wconf 78' lang='lat' dir='ltr'><strong>Anima,</strong></span> <span class='ocrx_word' id='word_1_814' title='bbox 617 5249 690 5301; x_wconf 76' lang='lat' dir='ltr'><strong>queue</strong></span> <span class='ocrx_word' id='word_1_815' title='bbox 711 5232 741 5285; x_wconf 87' lang='lat' dir='ltr'><strong>in</strong></span> <span class='ocrx_word' id='word_1_816' title='bbox 761 5233 917 5302; x_wconf 82' lang='lat' dir='ltr'><strong>propriam</strong></span> <span class='ocrx_word' id='word_1_817' title='bbox 937 5235 1026 5289; x_wconf 87' lang='lat' dir='ltr'><strong>rediit</strong></span> <span class='ocrx_word' id='word_1_818' title='bbox 1052 5231 1123 5301; x_wconf 74' lang='lat' dir='ltr'><strong>Spei</strong></span> <span class='ocrx_word' id='word_1_819' title='bbox 1139 5235 1253 5294; x_wconf 67' lang='lat' dir='ltr'><strong>nostm</strong></span> <span class='ocrx_word' id='word_1_820' title='bbox 1266 5233 1413 5300; x_wconf 68' lang='lat' dir='ltr'><strong>pendium,</strong></span> <span class='ocrx_word' id='word_1_821' title='bbox 1431 5233 1472 5288; x_wconf 80' lang='lat' dir='ltr'><strong>ait</strong></span> <span class='ocrx_word' id='word_1_822' title='bbox 1481 5234 1656 5304; x_wconf 83' lang='lat' dir='ltr'><strong>Augustinus</strong></span> <span class='ocrx_word' id='word_1_823' title='bbox 1668 5234 1717 5291; x_wconf 89' lang='lat' dir='ltr'><strong>lib.</strong></span> <span class='ocrx_word' id='word_1_824' title='bbox 1731 5241 1774 5295; x_wconf 81' lang='lat' dir='ltr'><strong>tt.</strong></span> <span class='ocrx_word' id='word_1_825' title='bbox 1788 5237 1889 5293; x_wconf 81' lang='lat' dir='ltr'><strong>dcciv.</strong></span> <span class='ocrx_word' id='word_1_826' title='bbox 1900 5233 1964 5286; x_wconf 62' lang='lat' dir='ltr'><strong>ruti</strong></span> 
     </span>
     <span class='ocr_line' id='line_1_59' title="bbox 189 5316 1890 5393; baseline 0.001 -16"><span class='ocrx_word' id='word_1_827' title='bbox 189 5331 337 5391; x_wconf 65' lang='lat' dir='ltr'><strong>aduram,</strong></span> <span class='ocrx_word' id='word_1_828' title='bbox 362 5340 435 5393; x_wconf 81' lang='lat' dir='ltr'><strong>quae</strong></span> <span class='ocrx_word' id='word_1_829' title='bbox 457 5322 488 5376; x_wconf 87' lang='lat' dir='ltr'><strong>in</strong></span> <span class='ocrx_word' id='word_1_830' title='bbox 504 5319 644 5388; x_wconf 82' lang='lat' dir='ltr'><strong>reliquum</strong></span> <span class='ocrx_word' id='word_1_831' title='bbox 662 5326 768 5387; x_wconf 86' lang='lat' dir='ltr'><strong>tempus</strong></span> <span class='ocrx_word' id='word_1_832' title='bbox 786 5319 875 5373; x_wconf 82' lang='grc' dir='ltr'><strong><em>ιιιιιλλα</em></strong></span> <span class='ocrx_word' id='word_1_833' title='bbox 893 5319 1024 5377; x_wconf 83' lang='lat' dir='ltr'><strong>libertate</strong></span> <span class='ocrx_word' id='word_1_834' title='bbox 1052 5316 1104 5372; x_wconf 83' lang='lat' dir='ltr'><strong>nei</strong></span> <span class='ocrx_word' id='word_1_835' title='bbox 1121 5330 1183 5386; x_wconf 79' lang='lat' dir='ltr'><strong>etp.</strong></span> <span class='ocrx_word' id='word_1_836' title='bbox 1202 5319 1245 5372; x_wconf 80' lang='lat'><strong>21.</strong></span> <span class='ocrx_word' id='word_1_837' title='bbox 1258 5324 1379 5386; x_wconf 80' lang='lat' dir='ltr'><strong>propter</strong></span> <span class='ocrx_word' id='word_1_838' title='bbox 1398 5318 1458 5372; x_wconf 90' lang='lat' dir='ltr'><strong>Dei</strong></span> <span class='ocrx_word' id='word_1_839' title='bbox 1476 5319 1589 5374; x_wconf 80' lang='lat' dir='ltr'><strong>laudem</strong></span> <span class='ocrx_word' id='word_1_840' title='bbox 1606 5340 1664 5377; x_wconf 89' lang='lat' dir='ltr'><strong>non</strong></span> <span class='ocrx_word' id='word_1_841' title='bbox 1683 5329 1723 5377; x_wconf 86' lang='lat' dir='ltr'><strong>stt</strong></span> <span class='ocrx_word' id='word_1_842' title='bbox 1741 5326 1890 5379; x_wconf 80' lang='lat' dir='ltr'><strong>tacendum</strong></span> 
     </span>
     <span class='ocr_line' id='line_1_60' title="bbox 190 5403 1890 5478; baseline 0 -14"><span class='ocrx_word' id='word_1_843' title='bbox 190 5411 335 5464; x_wconf 81' lang='lat' dir='ltr'><strong>dotninum</strong></span> <span class='ocrx_word' id='word_1_844' title='bbox 348 5428 430 5464; x_wconf 74' lang='lat' dir='ltr'><strong>mum</strong></span> <span class='ocrx_word' id='word_1_845' title='bbox 441 5408 568 5478; x_wconf 78' lang='lat' dir='ltr'><strong>mercipit,</strong></span> <span class='ocrx_word' id='word_1_846' title='bbox 586 5413 722 5475; x_wconf 81' lang='lat' dir='ltr'><strong>quonium</strong></span> <span class='ocrx_word' id='word_1_847' title='bbox 733 5422 767 5460; x_wconf 89' lang='lat' dir='ltr'><strong>ea</strong></span> <span class='ocrx_word' id='word_1_848' title='bbox 778 5407 906 5470; x_wconf 70' lang='lat' dir='ltr'><strong>fructum</strong></span> <span class='ocrx_word' id='word_1_849' title='bbox 920 5407 1026 5478; x_wconf 81' lang='lat' dir='ltr'><strong>cupiat,</strong></span> <span class='ocrx_word' id='word_1_850' title='bbox 1051 5414 1077 5460; x_wconf 89' lang='lat' dir='ltr'><strong>et</strong></span> <span class='ocrx_word' id='word_1_851' title='bbox 1094 5406 1130 5458; x_wconf 87' lang='lat' dir='ltr'><strong>de</strong></span> <span class='ocrx_word' id='word_1_852' title='bbox 1147 5403 1255 5458; x_wconf 88' lang='lat' dir='ltr'><strong>intimis</strong></span> <span class='ocrx_word' id='word_1_853' title='bbox 1266 5404 1396 5457; x_wconf 83' lang='lat' dir='ltr'><strong>ardentis</strong></span> <span class='ocrx_word' id='word_1_854' title='bbox 1407 5407 1502 5460; x_wconf 67' lang='lat' dir='ltr'><strong>sandi</strong></span> <span class='ocrx_word' id='word_1_855' title='bbox 1512 5408 1619 5463; x_wconf 72' lang='lat' dir='ltr'><strong>amores</strong></span> <span class='ocrx_word' id='word_1_856' title='bbox 1637 5409 1772 5463; x_wconf 85' lang='lat' dir='ltr'><strong>medullis</strong></span> <span class='ocrx_word' id='word_1_857' title='bbox 1783 5412 1890 5464; x_wconf 82' lang='lat' dir='ltr'><strong>dietum</strong></span> 
     </span>
     <span class='ocr_line' id='line_1_61' title="bbox 188 5489 1890 5568; baseline 0 -19"><span class='ocrx_word' id='word_1_858' title='bbox 188 5503 324 5565; x_wconf 77' lang='lat' dir='ltr'><strong>quantum</strong></span> <span class='ocrx_word' id='word_1_859' title='bbox 349 5495 527 5560; x_wconf 85' lang='lat' dir='ltr'><strong>dulcedinis,</strong></span> <span class='ocrx_word' id='word_1_860' title='bbox 550 5498 685 5564; x_wconf 82' lang='lat' dir='ltr'><strong>quantum</strong></span> <span class='ocrx_word' id='word_1_861' title='bbox 708 5491 834 5559; x_wconf 84' lang='lat' dir='ltr'><strong>lucrum,</strong></span> <span class='ocrx_word' id='word_1_862' title='bbox 853 5492 933 5547; x_wconf 79' lang='lat' dir='ltr'><strong>baud</strong></span> <span class='ocrx_word' id='word_1_863' title='bbox 949 5494 1025 5563; x_wconf 85' lang='lat' dir='ltr'><strong>quis·</strong></span> <span class='ocrx_word' id='word_1_864' title='bbox 1052 5499 1100 5558; x_wconf 85' lang='lat' dir='ltr'><strong>est,</strong></span> <span class='ocrx_word' id='word_1_865' title='bbox 1121 5490 1243 5546; x_wconf 88' lang='lat' dir='ltr'><strong>Domine</strong></span> <span class='ocrx_word' id='word_1_866' title='bbox 1258 5489 1350 5546; x_wconf 76' lang='lat' dir='ltr'><strong>dilesi</strong></span> <span class='ocrx_word' id='word_1_867' title='bbox 1366 5493 1497 5547; x_wconf 74' lang='lat' dir='ltr'><strong>decorem</strong></span> <span class='ocrx_word' id='word_1_868' title='bbox 1512 5496 1612 5549; x_wconf 75' lang='grc' dir='ltr'><strong><em>(λοιιιιι</em></strong></span> <span class='ocrx_word' id='word_1_869' title='bbox 1629 5502 1702 5549; x_wconf 89' lang='lat' dir='ltr'><strong>tuae.</strong></span> <span class='ocrx_word' id='word_1_870' title='bbox 1733 5495 1766 5549; x_wconf 93' lang='lat' dir='ltr'><strong>ln</strong></span> <span class='ocrx_word' id='word_1_871' title='bbox 1787 5511 1890 5568; x_wconf 84' lang='lat' dir='ltr'><strong>genere</strong></span> 
     </span>
    </p>
   </div>
   <div class='ocr_carea' id='block_1_3' title="bbox 0 0 2037 6004">
    <p class='ocr_par' dir='ltr' id='par_1_3' title="bbox 0 0 2037 6004">
     <span class='ocr_line' id='line_1_62' title="bbox 0 0 2037 6004; baseline 0 0"><span class='ocrx_word' id='word_1_872' title='bbox 0 0 2037 6004; x_wconf 95' lang='lat' dir='ltr'><strong> </strong></span> 
     </span>
    </p>
   </div>
  </div>
 </body>
</html>
