<?xml version="1.0" encoding="UTF-8"?>
<!DOCTYPE html PUBLIC "-//W3C//DTD XHTML 1.0 Transitional//EN"
    "http://www.w3.org/TR/xhtml1/DTD/xhtml1-transitional.dtd">
<html xmlns="http://www.w3.org/1999/xhtml" xml:lang="en" lang="en">
 <head>
  <title>
</title>
<meta http-equiv="Content-Type" content="text/html;charset=utf-8" />
  <meta name='ocr-system' content='tesseract 3.04.00' />
  <meta name='ocr-capabilities' content='ocr_page ocr_carea ocr_par ocr_line ocrx_word'/>
</head>
<body>
  <div class='ocr_page' id='page_1' title='image "./locitheologicic02gerhgoog/locitheologicic02gerhgoog_0402.png"; bbox 0 0 4050 6014; ppageno 0'>
   <div class='ocr_carea' id='block_1_1' title="bbox 809 294 1857 383">
    <p class='ocr_par' dir='ltr' id='par_1_1' title="bbox 809 294 1857 383">
     <span class='ocr_line' id='line_1_1' title="bbox 809 294 1857 383; baseline 0.01 -29"><span class='ocrx_word' id='word_1_1' title='bbox 809 294 1201 356; x_wconf 75' lang='lat' dir='ltr'><strong>nnvrmsnrnnua.</strong></span> <span class='ocrx_word' id='word_1_2' title='bbox 1795 304 1857 383; x_wconf 82' lang='lat' dir='ltr'><strong>sta</strong></span> 
     </span>
    </p>
   </div>
   <div class='ocr_carea' id='block_1_2' title="bbox 20 451 2009 5655">
    <p class='ocr_par' dir='ltr' id='par_1_2' title="bbox 20 451 2009 5655">
     <span class='ocr_line' id='line_1_2' title="bbox 154 451 1859 524; baseline -0.001 -16"><span class='ocrx_word' id='word_1_3' title='bbox 154 451 268 523; x_wconf 83' lang='lat' dir='ltr'><strong>partiali</strong></span> <span class='ocrx_word' id='word_1_4' title='bbox 287 454 393 524; x_wconf 89' lang='lat' dir='ltr'><strong>primus</strong></span> <span class='ocrx_word' id='word_1_5' title='bbox 412 452 494 511; x_wconf 88' lang='lat' dir='ltr'><strong>homo</strong></span> <span class='ocrx_word' id='word_1_6' title='bbox 513 451 642 506; x_wconf 88' lang='lat' dir='ltr'><strong>immunis</strong></span> <span class='ocrx_word' id='word_1_7' title='bbox 661 452 753 515; x_wconf 81' lang='lat' dir='ltr'><strong>fuerit,</strong></span> <span class='ocrx_word' id='word_1_8' title='bbox 768 469 832 507; x_wconf 93' lang='lat' dir='ltr'><strong>cum</strong></span> <span class='ocrx_word' id='word_1_9' title='bbox 848 452 925 509; x_wconf 89' lang='lat' dir='ltr'><strong>calor</strong></span> <span class='ocrx_word' id='word_1_10' title='bbox 944 467 992 507; x_wconf 91' lang='lat' dir='ltr'><strong>na·</strong></span> <span class='ocrx_word' id='word_1_11' title='bbox 1021 454 1163 522; x_wconf 79' lang='lat' dir='ltr'><strong>quidquid</strong></span> <span class='ocrx_word' id='word_1_12' title='bbox 1184 455 1215 507; x_wconf 86' lang='lat' dir='ltr'><strong>in</strong></span> <span class='ocrx_word' id='word_1_13' title='bbox 1233 469 1267 507; x_wconf 88' lang='lat' dir='ltr'><strong>so</strong></span> <span class='ocrx_word' id='word_1_14' title='bbox 1285 462 1337 518; x_wconf 89' lang='lat' dir='ltr'><strong>est,</strong></span> <span class='ocrx_word' id='word_1_15' title='bbox 1362 452 1416 507; x_wconf 89' lang='lat' dir='ltr'><strong>erit</strong></span> <span class='ocrx_word' id='word_1_16' title='bbox 1432 454 1559 522; x_wconf 86' lang='lat' dir='ltr'><strong>perfecte</strong></span> <span class='ocrx_word' id='word_1_17' title='bbox 1575 451 1729 519; x_wconf 68' lang='lat' dir='ltr'><strong>subiectam</strong></span> <span class='ocrx_word' id='word_1_18' title='bbox 1745 451 1859 506; x_wconf 86' lang='lat' dir='ltr'><strong>animae</strong></span> 
     </span>
     <span class='ocr_line' id='line_1_3' title="bbox 154 536 1856 610; baseline -0.001 -17"><span class='ocrx_word' id='word_1_19' title='bbox 154 539 229 595; x_wconf 76' lang='lat' dir='ltr'><strong>titus</strong></span> <span class='ocrx_word' id='word_1_20' title='bbox 247 539 341 610; x_wconf 76' lang='lat' dir='ltr'><strong>egerit</strong></span> <span class='ocrx_word' id='word_1_21' title='bbox 363 538 392 594; x_wconf 90' lang='lat' dir='ltr'><strong>in</strong></span> <span class='ocrx_word' id='word_1_22' title='bbox 418 538 562 595; x_wconf 87' lang='lat' dir='ltr'><strong>humidum</strong></span> <span class='ocrx_word' id='word_1_23' title='bbox 582 536 713 604; x_wconf 72' lang='lat' dir='ltr'><strong>radicale,</strong></span> <span class='ocrx_word' id='word_1_24' title='bbox 732 555 796 594; x_wconf 90' lang='lat' dir='ltr'><strong>cum</strong></span> <span class='ocrx_word' id='word_1_25' title='bbox 812 538 897 594; x_wconf 88' lang='lat' dir='ltr'><strong>arbor</strong></span> <span class='ocrx_word' id='word_1_26' title='bbox 918 539 994 592; x_wconf 86' lang='lat' dir='ltr'><strong>vitae</strong></span> <span class='ocrx_word' id='word_1_27' title='bbox 1019 539 1165 607; x_wconf 86' lang='lat' dir='ltr'><strong>rationali,</strong></span> <span class='ocrx_word' id='word_1_28' title='bbox 1179 541 1252 594; x_wconf 68' lang='lat' dir='ltr'><strong>deut</strong></span> <span class='ocrx_word' id='word_1_29' title='bbox 1270 540 1367 593; x_wconf 84' lang='lat' dir='ltr'><strong>anima</strong></span> <span class='ocrx_word' id='word_1_30' title='bbox 1383 545 1509 608; x_wconf 83' lang='lat' dir='ltr'><strong>perfecte</strong></span> <span class='ocrx_word' id='word_1_31' title='bbox 1527 538 1654 607; x_wconf 82' lang='lat' dir='ltr'><strong>subjecta</strong></span> <span class='ocrx_word' id='word_1_32' title='bbox 1670 537 1725 592; x_wconf 86' lang='lat' dir='ltr'><strong>erit</strong></span> <span class='ocrx_word' id='word_1_33' title='bbox 1736 538 1810 603; x_wconf 83' lang='lat' dir='ltr'><strong>Dec,</strong></span> <span class='ocrx_word' id='word_1_34' title='bbox 1830 543 1856 592; x_wconf 80' lang='lat' dir='ltr'><strong>st</strong></span> 
     </span>
     <span class='ocr_line' id='line_1_4' title="bbox 154 620 1941 697; baseline -0.001 -18"><span class='ocrx_word' id='word_1_35' title='bbox 154 624 184 679; x_wconf 84' lang='lat' dir='ltr'><strong>iu</strong></span> <span class='ocrx_word' id='word_1_36' title='bbox 203 620 436 697; x_wconf 70' lang='lat' dir='ltr'><strong>upopulcmnds</strong></span> <span class='ocrx_word' id='word_1_37' title='bbox 454 623 524 680; x_wconf 84' lang='lat' dir='ltr'><strong>senii</strong></span> <span class='ocrx_word' id='word_1_38' title='bbox 543 640 577 679; x_wconf 89' lang='lat' dir='ltr'><strong>ac</strong></span> <span class='ocrx_word' id='word_1_39' title='bbox 595 624 692 680; x_wconf 87' lang='lat' dir='ltr'><strong>mortis</strong></span> <span class='ocrx_word' id='word_1_40' title='bbox 707 624 793 679; x_wconf 87' lang='lat' dir='ltr'><strong>fuerit</strong></span> <span class='ocrx_word' id='word_1_41' title='bbox 814 624 867 694; x_wconf 84' lang='lat' dir='ltr'><strong>ipsi</strong></span> <span class='ocrx_word' id='word_1_42' title='bbox 880 622 993 688; x_wconf 81' lang='lat' dir='ltr'><strong>tradita,</strong></span> <span class='ocrx_word' id='word_1_43' title='bbox 1019 625 1084 679; x_wconf 83' lang='lat' dir='ltr'><strong>ideo</strong></span> <span class='ocrx_word' id='word_1_44' title='bbox 1100 628 1131 678; x_wconf 92' lang='lat' dir='ltr'><strong>in</strong></span> <span class='ocrx_word' id='word_1_45' title='bbox 1149 642 1267 695; x_wconf 87' lang='lat' dir='ltr'><strong>corpore</strong></span> <span class='ocrx_word' id='word_1_46' title='bbox 1291 625 1415 693; x_wconf 75' lang='lat' dir='ltr'><strong>plorioso</strong></span> <span class='ocrx_word' id='word_1_47' title='bbox 1436 642 1491 678; x_wconf 91' lang='lat' dir='ltr'><strong>non</strong></span> <span class='ocrx_word' id='word_1_48' title='bbox 1511 624 1619 692; x_wconf 89' lang='lat' dir='ltr'><strong>poterit</strong></span> <span class='ocrx_word' id='word_1_49' title='bbox 1638 640 1699 678; x_wconf 82' lang='lat' dir='ltr'><strong>esse</strong></span> <span class='ocrx_word' id='word_1_50' title='bbox 1717 623 1779 678; x_wconf 87' lang='lat' dir='ltr'><strong>alia</strong></span> <span class='ocrx_word' id='word_1_51' title='bbox 1796 640 1857 678; x_wconf 89' lang='lat' dir='ltr'><strong>mu·</strong></span> <span class='ocrx_word' id='word_1_52' title='bbox 1935 672 1941 685; x_wconf 84' lang='grc'><strong>,</strong></span> 
     </span>
     <span class='ocr_line' id='line_1_5' title="bbox 154 708 1857 781; baseline 0 -17"><span class='ocrx_word' id='word_1_53' title='bbox 154 725 220 764; x_wconf 90' lang='lat' dir='ltr'><strong>cum</strong></span> <span class='ocrx_word' id='word_1_54' title='bbox 237 710 302 766; x_wconf 92' lang='lat' dir='ltr'><strong>cibo</strong></span> <span class='ocrx_word' id='word_1_55' title='bbox 322 727 357 767; x_wconf 83' lang='lat' dir='ltr'><strong>ac</strong></span> <span class='ocrx_word' id='word_1_56' title='bbox 377 716 447 780; x_wconf 86' lang='lat' dir='ltr'><strong>potu</strong></span> <span class='ocrx_word' id='word_1_57' title='bbox 468 709 504 764; x_wconf 91' lang='lat' dir='ltr'><strong>ad</strong></span> <span class='ocrx_word' id='word_1_58' title='bbox 525 716 641 766; x_wconf 88' lang='lat' dir='ltr'><strong>naturae</strong></span> <span class='ocrx_word' id='word_1_59' title='bbox 663 710 901 767; x_wconf 83' lang='lat' dir='ltr'><strong>conservationem</strong></span> <span class='ocrx_word' id='word_1_60' title='bbox 921 708 992 765; x_wconf 88' lang='lat' dir='ltr'><strong>iudi·</strong></span> <span class='ocrx_word' id='word_1_61' title='bbox 1019 712 1089 765; x_wconf 85' lang='lat' dir='ltr'><strong>tatic</strong></span> <span class='ocrx_word' id='word_1_62' title='bbox 1111 720 1211 766; x_wconf 67' lang='lat' dir='ltr'><strong>coneo</strong></span> <span class='ocrx_word' id='word_1_63' title='bbox 1231 710 1446 781; x_wconf 72' lang='lat' dir='ltr'><strong>dispositionem</strong></span> <span class='ocrx_word' id='word_1_64' title='bbox 1465 711 1558 776; x_wconf 87' lang='lat' dir='ltr'><strong>illam,</strong></span> <span class='ocrx_word' id='word_1_65' title='bbox 1577 727 1635 779; x_wconf 74' lang='lat' dir='ltr'><strong>quo</strong></span> <span class='ocrx_word' id='word_1_66' title='bbox 1651 709 1801 780; x_wconf 75' lang='lat' dir='ltr'><strong>perficetur</strong></span> <span class='ocrx_word' id='word_1_67' title='bbox 1820 709 1857 764; x_wconf 91' lang='lat' dir='ltr'><strong>ab</strong></span> 
     </span>
     <span class='ocr_line' id='line_1_6' title="bbox 154 795 1856 869; baseline 0.001 -18"><span class='ocrx_word' id='word_1_68' title='bbox 154 796 261 868; x_wconf 57' lang='lat' dir='ltr'><strong>guerin</strong></span> <span class='ocrx_word' id='word_1_69' title='bbox 281 795 351 856; x_wconf 89' lang='lat' dir='ltr'><strong>illud</strong></span> <span class='ocrx_word' id='word_1_70' title='bbox 370 803 463 852; x_wconf 60' lang='lat' dir='ltr'><strong>umen</strong></span> <span class='ocrx_word' id='word_1_71' title='bbox 481 800 588 851; x_wconf 72' lang='lat' dir='ltr'><strong>emtum</strong></span> <span class='ocrx_word' id='word_1_72' title='bbox 606 801 656 866; x_wconf 81' lang='lat' dir='ltr'><strong>est,</strong></span> <span class='ocrx_word' id='word_1_73' title='bbox 675 812 694 851; x_wconf 87' lang='lat' dir='ltr'><strong>a</strong></span> <span class='ocrx_word' id='word_1_74' title='bbox 713 796 842 867; x_wconf 72' lang='lat' dir='ltr'><strong>passione</strong></span> <span class='ocrx_word' id='word_1_75' title='bbox 862 795 993 851; x_wconf 83' lang='lat' dir='ltr'><strong>dolorosa</strong></span> <span class='ocrx_word' id='word_1_76' title='bbox 1020 798 1127 865; x_wconf 85' lang='lat' dir='ltr'><strong>anima,</strong></span> <span class='ocrx_word' id='word_1_77' title='bbox 1153 805 1180 852; x_wconf 88' lang='lat' dir='ltr'><strong>et</strong></span> <span class='ocrx_word' id='word_1_78' title='bbox 1202 797 1256 852; x_wconf 85' lang='lat' dir='ltr'><strong>bac</strong></span> <span class='ocrx_word' id='word_1_79' title='bbox 1279 798 1391 852; x_wconf 87' lang='lat' dir='ltr'><strong>ratione</strong></span> <span class='ocrx_word' id='word_1_80' title='bbox 1414 815 1537 869; x_wconf 81' lang='lat' dir='ltr'><strong>corpora</strong></span> <span class='ocrx_word' id='word_1_81' title='bbox 1556 804 1637 851; x_wconf 87' lang='lat' dir='ltr'><strong>erunt</strong></span> <span class='ocrx_word' id='word_1_82' title='bbox 1656 795 1856 866; x_wconf 78' lang='lat' dir='ltr'><strong>impassibilia.</strong></span> 
     </span>
     <span class='ocr_line' id='line_1_7' title="bbox 153 879 1858 953; baseline -0.001 -18"><span class='ocrx_word' id='word_1_83' title='bbox 153 897 188 935; x_wconf 88' lang='lat' dir='ltr'><strong>ac</strong></span> <span class='ocrx_word' id='word_1_84' title='bbox 207 881 325 938; x_wconf 89' lang='lat' dir='ltr'><strong>molesta</strong></span> <span class='ocrx_word' id='word_1_85' title='bbox 352 897 479 953; x_wconf 89' lang='lat' dir='ltr'><strong>quaeque</strong></span> <span class='ocrx_word' id='word_1_86' title='bbox 499 881 612 936; x_wconf 67' lang='lat' dir='ltr'><strong>andam</strong></span> <span class='ocrx_word' id='word_1_87' title='bbox 631 889 748 938; x_wconf 90' lang='lat' dir='ltr'><strong>mortem</strong></span> <span class='ocrx_word' id='word_1_88' title='bbox 767 899 817 953; x_wconf 90' lang='lat' dir='ltr'><strong>per</strong></span> <span class='ocrx_word' id='word_1_89' title='bbox 835 898 934 936; x_wconf 77' lang='lat' dir='ltr'><strong>musas</strong></span> <span class='ocrx_word' id='word_1_90' title='bbox 952 879 992 934; x_wconf 91' lang='lat' dir='ltr'><strong>in·</strong></span> <span class='ocrx_word' id='word_1_91' title='bbox 1018 880 1210 938; x_wconf 82' lang='lat' dir='ltr'><strong>Proficiscitur</strong></span> <span class='ocrx_word' id='word_1_92' title='bbox 1228 887 1321 937; x_wconf 89' lang='lat' dir='ltr'><strong>autem</strong></span> <span class='ocrx_word' id='word_1_93' title='bbox 1339 881 1393 937; x_wconf 87' lang='lat' dir='ltr'><strong>hoc</strong></span> <span class='ocrx_word' id='word_1_94' title='bbox 1408 881 1564 953; x_wconf 89' lang='lat' dir='ltr'><strong>plenarium</strong></span> <span class='ocrx_word' id='word_1_95' title='bbox 1584 881 1693 936; x_wconf 88' lang='lat' dir='ltr'><strong>animae</strong></span> <span class='ocrx_word' id='word_1_96' title='bbox 1709 882 1738 936; x_wconf 90' lang='lat' dir='ltr'><strong>in</strong></span> <span class='ocrx_word' id='word_1_97' title='bbox 1755 896 1858 951; x_wconf 88' lang='lat' dir='ltr'><strong>corpus</strong></span> 
     </span>
     <span class='ocr_line' id='line_1_8' title="bbox 154 964 1857 1039; baseline -0.001 -17"><span class='ocrx_word' id='word_1_98' title='bbox 154 974 248 1022; x_wconf 88' lang='lat' dir='ltr'><strong>ternas</strong></span> <span class='ocrx_word' id='word_1_99' title='bbox 268 967 314 1023; x_wconf 85' lang='lat' dir='ltr'><strong>vel</strong></span> <span class='ocrx_word' id='word_1_100' title='bbox 332 975 459 1028; x_wconf 85' lang='lat' dir='ltr'><strong>externas</strong></span> <span class='ocrx_word' id='word_1_101' title='bbox 474 968 614 1023; x_wconf 85' lang='lat' dir='ltr'><strong>adducere</strong></span> <span class='ocrx_word' id='word_1_102' title='bbox 630 968 781 1039; x_wconf 83' lang='lat' dir='ltr'><strong>potuisset,</strong></span> <span class='ocrx_word' id='word_1_103' title='bbox 806 967 926 1038; x_wconf 88' lang='lat' dir='ltr'><strong>primam</strong></span> <span class='ocrx_word' id='word_1_104' title='bbox 944 964 993 1020; x_wconf 90' lang='lat' dir='ltr'><strong>ho·</strong></span> <span class='ocrx_word' id='word_1_105' title='bbox 1018 966 1166 1038; x_wconf 88' lang='lat' dir='ltr'><strong>imperium</strong></span> <span class='ocrx_word' id='word_1_106' title='bbox 1186 983 1204 1021; x_wconf 90' lang='lat' dir='ltr'><strong>a</strong></span> <span class='ocrx_word' id='word_1_107' title='bbox 1223 966 1359 1037; x_wconf 85' lang='lat' dir='ltr'><strong>qualitate</strong></span> <span class='ocrx_word' id='word_1_108' title='bbox 1378 967 1584 1037; x_wconf 70' lang='lat' dir='ltr'><strong>supernaturali</strong></span> <span class='ocrx_word' id='word_1_109' title='bbox 1603 966 1736 1022; x_wconf 82' lang='lat' dir='ltr'><strong>divinitus</strong></span> <span class='ocrx_word' id='word_1_110' title='bbox 1755 965 1857 1034; x_wconf 76' lang='lat' dir='ltr'><strong>inlisas,</strong></span> 
     </span>
     <span class='ocr_line' id='line_1_9' title="bbox 154 1051 1858 1125; baseline -0.001 -17"><span class='ocrx_word' id='word_1_111' title='bbox 154 1054 257 1108; x_wconf 88' lang='lat' dir='ltr'><strong>minam</strong></span> <span class='ocrx_word' id='word_1_112' title='bbox 277 1058 343 1110; x_wconf 88' lang='lat' dir='ltr'><strong>ante</strong></span> <span class='ocrx_word' id='word_1_113' title='bbox 364 1053 474 1123; x_wconf 88' lang='lat' dir='ltr'><strong>lapsum</strong></span> <span class='ocrx_word' id='word_1_114' title='bbox 494 1054 605 1125; x_wconf 90' lang='lat' dir='ltr'><strong>penitus</strong></span> <span class='ocrx_word' id='word_1_115' title='bbox 623 1054 710 1109; x_wconf 79' lang='lat' dir='ltr'><strong>fuisse</strong></span> <span class='ocrx_word' id='word_1_116' title='bbox 729 1051 855 1108; x_wconf 87' lang='lat' dir='ltr'><strong>liberum.</strong></span> <span class='ocrx_word' id='word_1_117' title='bbox 890 1051 991 1106; x_wconf 89' lang='lat' dir='ltr'><strong>Beato·</strong></span> <span class='ocrx_word' id='word_1_118' title='bbox 1019 1071 1091 1124; x_wconf 87' lang='lat' dir='ltr'><strong>quae</strong></span> <span class='ocrx_word' id='word_1_119' title='bbox 1120 1052 1347 1124; x_wconf 75' lang='lat' dir='ltr'><strong>perfectissimam</strong></span> <span class='ocrx_word' id='word_1_120' title='bbox 1376 1053 1487 1124; x_wconf 83' lang='lat' dir='ltr'><strong>corpori</strong></span> <span class='ocrx_word' id='word_1_121' title='bbox 1513 1053 1661 1111; x_wconf 87' lang='lat' dir='ltr'><strong>sanitatem</strong></span> <span class='ocrx_word' id='word_1_122' title='bbox 1688 1051 1858 1109; x_wconf 82' lang='lat' dir='ltr'><strong>conciliabit</strong></span> 
     </span>
     <span class='ocr_line' id='line_1_10' title="bbox 154 1137 1857 1210; baseline 0.001 -17"><span class='ocrx_word' id='word_1_123' title='bbox 154 1156 216 1193; x_wconf 92' lang='lat' dir='ltr'><strong>rum</strong></span> <span class='ocrx_word' id='word_1_124' title='bbox 236 1139 324 1210; x_wconf 72' lang='lat' dir='ltr'><strong>igitur</strong></span> <span class='ocrx_word' id='word_1_125' title='bbox 349 1155 468 1209; x_wconf 88' lang='lat' dir='ltr'><strong>corpora</strong></span> <span class='ocrx_word' id='word_1_126' title='bbox 486 1139 574 1196; x_wconf 89' lang='lat' dir='ltr'><strong>multo</strong></span> <span class='ocrx_word' id='word_1_127' title='bbox 593 1139 682 1210; x_wconf 79' lang='lat' dir='ltr'><strong>magis</strong></span> <span class='ocrx_word' id='word_1_128' title='bbox 699 1156 733 1195; x_wconf 93' lang='lat' dir='ltr'><strong>ac</strong></span> <span class='ocrx_word' id='word_1_129' title='bbox 751 1139 779 1194; x_wconf 89' lang='lat' dir='ltr'><strong>in</strong></span> <span class='ocrx_word' id='word_1_130' title='bbox 800 1137 891 1209; x_wconf 81' lang='lat' dir='ltr'><strong>gradu</strong></span> <span class='ocrx_word' id='word_1_131' title='bbox 909 1138 992 1207; x_wconf 77' lang='lat' dir='ltr'><strong>longe</strong></span> <span class='ocrx_word' id='word_1_132' title='bbox 1019 1139 1050 1192; x_wconf 86' lang='lat' dir='ltr'><strong>si</strong></span> <span class='ocrx_word' id='word_1_133' title='bbox 1066 1139 1140 1195; x_wconf 87' lang='lat' dir='ltr'><strong>enim</strong></span> <span class='ocrx_word' id='word_1_134' title='bbox 1151 1139 1181 1193; x_wconf 91' lang='lat' dir='ltr'><strong>in</strong></span> <span class='ocrx_word' id='word_1_135' title='bbox 1195 1138 1249 1193; x_wconf 89' lang='lat' dir='ltr'><strong>hac</strong></span> <span class='ocrx_word' id='word_1_136' title='bbox 1260 1139 1319 1193; x_wconf 82' lang='lat' dir='ltr'><strong>vita</strong></span> <span class='ocrx_word' id='word_1_137' title='bbox 1330 1156 1381 1209; x_wconf 91' lang='lat' dir='ltr'><strong>per</strong></span> <span class='ocrx_word' id='word_1_138' title='bbox 1392 1138 1596 1195; x_wconf 79' lang='lat' dir='ltr'><strong>medicamenta</strong></span> <span class='ocrx_word' id='word_1_139' title='bbox 1611 1139 1737 1209; x_wconf 89' lang='lat' dir='ltr'><strong>corporis</strong></span> <span class='ocrx_word' id='word_1_140' title='bbox 1752 1139 1857 1194; x_wconf 69' lang='lat' dir='ltr'><strong>sanim</strong></span> 
     </span>
     <span class='ocr_line' id='line_1_11' title="bbox 153 1222 1858 1296; baseline 0.001 -17"><span class='ocrx_word' id='word_1_141' title='bbox 153 1224 314 1296; x_wconf 78' lang='lat' dir='ltr'><strong>perfectiori</strong></span> <span class='ocrx_word' id='word_1_142' title='bbox 343 1231 425 1280; x_wconf 88' lang='lat' dir='ltr'><strong>erunt</strong></span> <span class='ocrx_word' id='word_1_143' title='bbox 461 1225 659 1296; x_wconf 90' lang='lat' dir='ltr'><strong>impassibilia,</strong></span> <span class='ocrx_word' id='word_1_144' title='bbox 692 1225 758 1296; x_wconf 90' lang='lat' dir='ltr'><strong>quia</strong></span> <span class='ocrx_word' id='word_1_145' title='bbox 783 1223 855 1280; x_wconf 89' lang='lat' dir='ltr'><strong>nulli</strong></span> <span class='ocrx_word' id='word_1_146' title='bbox 882 1222 992 1294; x_wconf 86' lang='lat' dir='ltr'><strong>penitus</strong></span> <span class='ocrx_word' id='word_1_147' title='bbox 1018 1224 1161 1295; x_wconf 87' lang='lat' dir='ltr'><strong>aliquanto</strong></span> <span class='ocrx_word' id='word_1_148' title='bbox 1191 1231 1319 1295; x_wconf 89' lang='lat' dir='ltr'><strong>tempore</strong></span> <span class='ocrx_word' id='word_1_149' title='bbox 1342 1224 1500 1280; x_wconf 84' lang='lat' dir='ltr'><strong>conservari</strong></span> <span class='ocrx_word' id='word_1_150' title='bbox 1524 1231 1632 1296; x_wconf 88' lang='lat' dir='ltr'><strong>potest,</strong></span> <span class='ocrx_word' id='word_1_151' title='bbox 1658 1225 1756 1295; x_wconf 91' lang='lat' dir='ltr'><strong>quidni</strong></span> <span class='ocrx_word' id='word_1_152' title='bbox 1780 1224 1858 1280; x_wconf 86' lang='lat' dir='ltr'><strong>Dens</strong></span> 
     </span>
     <span class='ocr_line' id='line_1_12' title="bbox 152 1309 1858 1382; baseline 0.001 -17"><span class='ocrx_word' id='word_1_153' title='bbox 152 1310 278 1382; x_wconf 86' lang='lat' dir='ltr'><strong>passioni</strong></span> <span class='ocrx_word' id='word_1_154' title='bbox 309 1310 353 1365; x_wconf 81' lang='lat' dir='ltr'><strong>sel</strong></span> <span class='ocrx_word' id='word_1_155' title='bbox 382 1312 540 1367; x_wconf 83' lang='lat' dir='ltr'><strong>alterationi</strong></span> <span class='ocrx_word' id='word_1_156' title='bbox 573 1317 656 1366; x_wconf 88' lang='lat' dir='ltr'><strong>arunt</strong></span> <span class='ocrx_word' id='word_1_157' title='bbox 681 1310 817 1375; x_wconf 84' lang='lat' dir='ltr'><strong>obnoxia,</strong></span> <span class='ocrx_word' id='word_1_158' title='bbox 844 1321 991 1379; x_wconf 88' lang='lat' dir='ltr'><strong>postquam</strong></span> <span class='ocrx_word' id='word_1_159' title='bbox 1019 1312 1048 1365; x_wconf 92' lang='lat' dir='ltr'><strong>in</strong></span> <span class='ocrx_word' id='word_1_160' title='bbox 1072 1310 1130 1364; x_wconf 86' lang='lat' dir='ltr'><strong>vita</strong></span> <span class='ocrx_word' id='word_1_161' title='bbox 1155 1319 1269 1367; x_wconf 88' lang='lat' dir='ltr'><strong>aeterna</strong></span> <span class='ocrx_word' id='word_1_162' title='bbox 1292 1326 1343 1380; x_wconf 90' lang='lat' dir='ltr'><strong>per</strong></span> <span class='ocrx_word' id='word_1_163' title='bbox 1367 1309 1531 1380; x_wconf 72' lang='lat' dir='ltr'><strong>qualitatem</strong></span> <span class='ocrx_word' id='word_1_164' title='bbox 1549 1310 1672 1381; x_wconf 87' lang='lat' dir='ltr'><strong>aliquam</strong></span> <span class='ocrx_word' id='word_1_165' title='bbox 1690 1315 1858 1381; x_wconf 85' lang='lat' dir='ltr'><strong>supernatu-</strong></span> 
     </span>
     <span class='ocr_line' id='line_1_13' title="bbox 152 1393 1858 1467; baseline -0.001 -15"><span class='ocrx_word' id='word_1_166' title='bbox 152 1401 287 1467; x_wconf 85' lang='lat' dir='ltr'><strong>exoptata</strong></span> <span class='ocrx_word' id='word_1_167' title='bbox 311 1396 362 1452; x_wconf 88' lang='lat' dir='ltr'><strong>illa</strong></span> <span class='ocrx_word' id='word_1_168' title='bbox 385 1393 614 1459; x_wconf 78' lang='grc' dir='ltr'><strong><em>ἀποκατάστασις</em></strong></span> <span class='ocrx_word' id='word_1_169' title='bbox 639 1393 755 1452; x_wconf 77' lang='grc' dir='ltr'><strong><em>πάντων</em></strong></span> <span class='ocrx_word' id='word_1_170' title='bbox 777 1394 863 1450; x_wconf 80' lang='lat' dir='ltr'><strong>suerit</strong></span> <span class='ocrx_word' id='word_1_171' title='bbox 887 1400 991 1459; x_wconf 82' lang='lat' dir='ltr'><strong>secuta,</strong></span> <span class='ocrx_word' id='word_1_172' title='bbox 1019 1397 1106 1451; x_wconf 85' lang='lat' dir='ltr'><strong>ratem</strong></span> <span class='ocrx_word' id='word_1_173' title='bbox 1124 1412 1159 1450; x_wconf 87' lang='lat' dir='ltr'><strong>ac</strong></span> <span class='ocrx_word' id='word_1_174' title='bbox 1179 1411 1229 1465; x_wconf 91' lang='lat' dir='ltr'><strong>per</strong></span> <span class='ocrx_word' id='word_1_175' title='bbox 1247 1393 1407 1449; x_wconf 85' lang='lat' dir='ltr'><strong>beatificam</strong></span> <span class='ocrx_word' id='word_1_176' title='bbox 1426 1395 1469 1451; x_wconf 91' lang='lat' dir='ltr'><strong>sui</strong></span> <span class='ocrx_word' id='word_1_177' title='bbox 1487 1395 1621 1451; x_wconf 76' lang='lat' dir='ltr'><strong>visionem</strong></span> <span class='ocrx_word' id='word_1_178' title='bbox 1641 1395 1767 1467; x_wconf 88' lang='lat' dir='ltr'><strong>corporis</strong></span> <span class='ocrx_word' id='word_1_179' title='bbox 1784 1394 1858 1451; x_wconf 87' lang='lat' dir='ltr'><strong>sani·</strong></span> 
     </span>
     <span class='ocr_line' id='line_1_14' title="bbox 108 1480 1565 1551; baseline 0 -15"><span class='ocrx_word' id='word_1_180' title='bbox 108 1538 111 1548; x_wconf 72' lang='grc'>,</span> <span class='ocrx_word' id='word_1_181' title='bbox 152 1481 217 1538; x_wconf 74' lang='lat' dir='ltr'><strong>Act.</strong></span> <span class='ocrx_word' id='word_1_182' title='bbox 242 1487 267 1547; x_wconf 80' lang='lat'><strong>3,</strong></span> <span class='ocrx_word' id='word_1_183' title='bbox 293 1500 320 1536; x_wconf 85' lang='lat' dir='ltr'><strong>v.</strong></span> <span class='ocrx_word' id='word_1_184' title='bbox 345 1487 387 1538; x_wconf 99' lang='grc'><strong>21.</strong></span> <span class='ocrx_word' id='word_1_185' title='bbox 423 1481 463 1539; x_wconf 89' lang='lat' dir='ltr'><strong>Ut</strong></span> <span class='ocrx_word' id='word_1_186' title='bbox 486 1481 569 1551; x_wconf 90' lang='lat' dir='ltr'><strong>primi</strong></span> <span class='ocrx_word' id='word_1_187' title='bbox 591 1481 717 1537; x_wconf 88' lang='lat' dir='ltr'><strong>homines</strong></span> <span class='ocrx_word' id='word_1_188' title='bbox 735 1481 765 1536; x_wconf 94' lang='lat' dir='ltr'><strong>in</strong></span> <span class='ocrx_word' id='word_1_189' title='bbox 782 1487 859 1535; x_wconf 88' lang='lat' dir='ltr'><strong>statu</strong></span> <span class='ocrx_word' id='word_1_190' title='bbox 878 1480 992 1550; x_wconf 78' lang='lat' dir='ltr'><strong>integri-</strong></span> <span class='ocrx_word' id='word_1_191' title='bbox 1019 1487 1105 1536; x_wconf 84' lang='lat' dir='ltr'><strong>tatem</strong></span> <span class='ocrx_word' id='word_1_192' title='bbox 1122 1488 1257 1551; x_wconf 85' lang='lat' dir='ltr'><strong>perpetuo</strong></span> <span class='ocrx_word' id='word_1_193' title='bbox 1274 1495 1439 1536; x_wconf 80' lang='lat' dir='ltr'><strong>conservare</strong></span> <span class='ocrx_word' id='word_1_194' title='bbox 1456 1481 1565 1550; x_wconf 79' lang='lat' dir='ltr'><strong>possit?</strong></span> 
     </span>
     <span class='ocr_line' id='line_1_15' title="bbox 153 1565 1858 1638; baseline -0.001 -16"><span class='ocrx_word' id='word_1_195' title='bbox 153 1568 220 1622; x_wconf 88' lang='lat' dir='ltr'><strong>tatis</strong></span> <span class='ocrx_word' id='word_1_196' title='bbox 243 1575 323 1623; x_wconf 80' lang='lat' dir='ltr'><strong>amnt</strong></span> <span class='ocrx_word' id='word_1_197' title='bbox 345 1584 379 1624; x_wconf 92' lang='lat' dir='ltr'><strong>co</strong></span> <span class='ocrx_word' id='word_1_198' title='bbox 404 1584 488 1624; x_wconf 88' lang='lat' dir='ltr'><strong>sensu</strong></span> <span class='ocrx_word' id='word_1_199' title='bbox 505 1584 539 1623; x_wconf 89' lang='lat' dir='ltr'><strong>ac</strong></span> <span class='ocrx_word' id='word_1_200' title='bbox 558 1573 687 1637; x_wconf 86' lang='lat' dir='ltr'><strong>respectu</strong></span> <span class='ocrx_word' id='word_1_201' title='bbox 706 1568 894 1631; x_wconf 84' lang='lat' dir='ltr'><strong>immortates,</strong></span> <span class='ocrx_word' id='word_1_202' title='bbox 915 1565 992 1636; x_wconf 89' lang='lat' dir='ltr'><strong>quod</strong></span> <span class='ocrx_word' id='word_1_203' title='bbox 1053 1571 1095 1622; x_wconf 82' lang='grc'><strong>911.</strong></span> <span class='ocrx_word' id='word_1_204' title='bbox 1115 1566 1160 1620; x_wconf 90' lang='lat' dir='ltr'><strong>De</strong></span> <span class='ocrx_word' id='word_1_205' title='bbox 1179 1565 1230 1621; x_wconf 87' lang='lat' dir='ltr'><strong>hac</strong></span> <span class='ocrx_word' id='word_1_206' title='bbox 1248 1565 1480 1635; x_wconf 88' lang='lat' dir='ltr'><strong>impassibilitatis</strong></span> <span class='ocrx_word' id='word_1_207' title='bbox 1495 1566 1561 1622; x_wconf 88' lang='lat' dir='ltr'><strong>dote</strong></span> <span class='ocrx_word' id='word_1_208' title='bbox 1578 1566 1621 1622; x_wconf 92' lang='lat' dir='ltr'><strong>sic</strong></span> <span class='ocrx_word' id='word_1_209' title='bbox 1638 1567 1792 1638; x_wconf 89' lang='lat' dir='ltr'><strong>loquuntur</strong></span> <span class='ocrx_word' id='word_1_210' title='bbox 1808 1581 1858 1621; x_wconf 81' lang='lat' dir='ltr'><strong>se·</strong></span> 
     </span>
     <span class='ocr_line' id='line_1_16' title="bbox 153 1651 1857 1724; baseline 0.001 -16"><span class='ocrx_word' id='word_1_211' title='bbox 153 1659 285 1724; x_wconf 90' lang='lat' dir='ltr'><strong>poterant</strong></span> <span class='ocrx_word' id='word_1_212' title='bbox 301 1669 357 1709; x_wconf 93' lang='lat' dir='ltr'><strong>non</strong></span> <span class='ocrx_word' id='word_1_213' title='bbox 375 1654 459 1722; x_wconf 80' lang='lat' dir='ltr'><strong>mori3</strong></span> <span class='ocrx_word' id='word_1_214' title='bbox 484 1653 524 1708; x_wconf 90' lang='lat' dir='ltr'><strong>sic</strong></span> <span class='ocrx_word' id='word_1_215' title='bbox 549 1669 582 1709; x_wconf 91' lang='lat' dir='ltr'><strong>eo</strong></span> <span class='ocrx_word' id='word_1_216' title='bbox 607 1669 690 1708; x_wconf 83' lang='lat' dir='ltr'><strong>sensu</strong></span> <span class='ocrx_word' id='word_1_217' title='bbox 716 1659 745 1707; x_wconf 90' lang='lat' dir='ltr'><strong>et</strong></span> <span class='ocrx_word' id='word_1_218' title='bbox 767 1659 895 1722; x_wconf 88' lang='lat' dir='ltr'><strong>respectu</strong></span> <span class='ocrx_word' id='word_1_219' title='bbox 913 1659 992 1707; x_wconf 90' lang='lat' dir='ltr'><strong>erant</strong></span> <span class='ocrx_word' id='word_1_220' title='bbox 1019 1660 1098 1709; x_wconf 84' lang='lat' dir='ltr'><strong>teres.</strong></span> <span class='ocrx_word' id='word_1_221' title='bbox 1133 1651 1323 1707; x_wconf 77' lang='lat' dir='ltr'><strong>Tertullianus</strong></span> <span class='ocrx_word' id='word_1_222' title='bbox 1350 1652 1412 1708; x_wconf 84' lang='lat' dir='ltr'><strong>libr.</strong></span> <span class='ocrx_word' id='word_1_223' title='bbox 1439 1653 1475 1709; x_wconf 91' lang='lat' dir='ltr'><strong>de</strong></span> <span class='ocrx_word' id='word_1_224' title='bbox 1498 1669 1597 1709; x_wconf 80' lang='lat' dir='ltr'><strong>rasum.</strong></span> <span class='ocrx_word' id='word_1_225' title='bbox 1614 1652 1705 1708; x_wconf 88' lang='lat' dir='ltr'><strong>caruis</strong></span> <span class='ocrx_word' id='word_1_226' title='bbox 1724 1669 1789 1724; x_wconf 89' lang='lat' dir='ltr'><strong>cap.</strong></span> <span class='ocrx_word' id='word_1_227' title='bbox 1807 1658 1857 1711; x_wconf 80' lang='lat' dir='ltr'><strong>bl:</strong></span> 
     </span>
     <span class='ocr_line' id='line_1_17' title="bbox 153 1738 1856 1810; baseline 0 -17"><span class='ocrx_word' id='word_1_228' title='bbox 153 1740 357 1809; x_wconf 85' lang='lat' dir='ltr'><strong>impassibiles,</strong></span> <span class='ocrx_word' id='word_1_229' title='bbox 385 1739 460 1810; x_wconf 88' lang='lat' dir='ltr'><strong>quod</strong></span> <span class='ocrx_word' id='word_1_230' title='bbox 478 1745 608 1809; x_wconf 86' lang='lat' dir='ltr'><strong>poterant</strong></span> <span class='ocrx_word' id='word_1_231' title='bbox 626 1756 683 1795; x_wconf 94' lang='lat' dir='ltr'><strong>non</strong></span> <span class='ocrx_word' id='word_1_232' title='bbox 703 1739 770 1810; x_wconf 88' lang='lat' dir='ltr'><strong>pati,</strong></span> <span class='ocrx_word' id='word_1_233' title='bbox 788 1739 818 1793; x_wconf 89' lang='lat' dir='ltr'><strong>id</strong></span> <span class='ocrx_word' id='word_1_234' title='bbox 835 1746 878 1794; x_wconf 90' lang='lat' dir='ltr'><strong>est</strong></span> <span class='ocrx_word' id='word_1_235' title='bbox 894 1756 990 1795; x_wconf 88' lang='lat' dir='ltr'><strong>omnes</strong></span> <span class='ocrx_word' id='word_1_236' title='bbox 1017 1738 1148 1792; x_wconf 78' lang='lat' dir='ltr'><strong>Manebit</strong></span> <span class='ocrx_word' id='word_1_237' title='bbox 1165 1738 1280 1807; x_wconf 73' lang='lat' dir='ltr'><strong>quidem</strong></span> <span class='ocrx_word' id='word_1_238' title='bbox 1299 1756 1366 1792; x_wconf 90' lang='lat' dir='ltr'><strong>caro</strong></span> <span class='ocrx_word' id='word_1_239' title='bbox 1383 1739 1469 1793; x_wconf 86' lang='lat' dir='ltr'><strong>etiam</strong></span> <span class='ocrx_word' id='word_1_240' title='bbox 1481 1747 1546 1809; x_wconf 89' lang='lat' dir='ltr'><strong>post</strong></span> <span class='ocrx_word' id='word_1_241' title='bbox 1558 1740 1790 1794; x_wconf 72' lang='lat' dir='ltr'><strong>resurrectionen</strong></span> <span class='ocrx_word' id='word_1_242' title='bbox 1808 1755 1856 1793; x_wconf 86' lang='lat' dir='ltr'><strong>ea·</strong></span> 
     </span>
     <span class='ocr_line' id='line_1_18' title="bbox 152 1824 1857 1896; baseline 0 -16"><span class='ocrx_word' id='word_1_243' title='bbox 152 1825 298 1896; x_wconf 84' lang='lat' dir='ltr'><strong>passiones</strong></span> <span class='ocrx_word' id='word_1_244' title='bbox 309 1830 339 1881; x_wconf 90' lang='lat' dir='ltr'><strong>et</strong></span> <span class='ocrx_word' id='word_1_245' title='bbox 349 1826 510 1896; x_wconf 87' lang='lat' dir='ltr'><strong>passionum</strong></span> <span class='ocrx_word' id='word_1_246' title='bbox 521 1841 622 1880; x_wconf 86' lang='lat' dir='ltr'><strong>causas</strong></span> <span class='ocrx_word' id='word_1_247' title='bbox 634 1824 784 1896; x_wconf 86' lang='lat' dir='ltr'><strong>prudentia</strong></span> <span class='ocrx_word' id='word_1_248' title='bbox 795 1841 847 1880; x_wconf 89' lang='lat' dir='ltr'><strong>sua</strong></span> <span class='ocrx_word' id='word_1_249' title='bbox 858 1833 990 1879; x_wconf 85' lang='lat' dir='ltr'><strong>avertere.</strong></span> <span class='ocrx_word' id='word_1_250' title='bbox 1017 1832 1097 1879; x_wconf 85' lang='lat' dir='ltr'><strong>tanus</strong></span> <span class='ocrx_word' id='word_1_251' title='bbox 1107 1825 1264 1894; x_wconf 75' lang='lat' dir='ltr'><strong>passibilis,</strong></span> <span class='ocrx_word' id='word_1_252' title='bbox 1284 1842 1341 1893; x_wconf 72' lang='lat' dir='ltr'><strong>aaa</strong></span> <span class='ocrx_word' id='word_1_253' title='bbox 1357 1825 1431 1895; x_wconf 75' lang='lat' dir='ltr'><strong>apsa,</strong></span> <span class='ocrx_word' id='word_1_254' title='bbox 1451 1843 1507 1896; x_wconf 78' lang='lat' dir='ltr'><strong>qum</strong></span> <span class='ocrx_word' id='word_1_255' title='bbox 1525 1828 1630 1894; x_wconf 77' lang='lat' dir='ltr'><strong>cadon,</strong></span> <span class='ocrx_word' id='word_1_256' title='bbox 1649 1833 1677 1879; x_wconf 88' lang='lat' dir='ltr'><strong>st</strong></span> <span class='ocrx_word' id='word_1_257' title='bbox 1694 1833 1787 1880; x_wconf 83' lang='lat' dir='ltr'><strong>tamen</strong></span> <span class='ocrx_word' id='word_1_258' title='bbox 1805 1825 1857 1880; x_wconf 88' lang='lat' dir='ltr'><strong>im·</strong></span> 
     </span>
     <span class='ocr_line' id='line_1_19' title="bbox 153 1910 1856 1981; baseline -0.001 -14"><span class='ocrx_word' id='word_1_259' title='bbox 153 1910 211 1967; x_wconf 78' lang='lat' dir='ltr'><strong>Sed</strong></span> <span class='ocrx_word' id='word_1_260' title='bbox 237 1910 383 1967; x_wconf 86' lang='lat' dir='ltr'><strong>beatorum</strong></span> <span class='ocrx_word' id='word_1_261' title='bbox 409 1911 603 1967; x_wconf 86' lang='lat' dir='ltr'><strong>immortalitas</strong></span> <span class='ocrx_word' id='word_1_262' title='bbox 629 1916 658 1966; x_wconf 92' lang='lat' dir='ltr'><strong>et</strong></span> <span class='ocrx_word' id='word_1_263' title='bbox 686 1910 896 1981; x_wconf 87' lang='lat' dir='ltr'><strong>impassibilitas</strong></span> <span class='ocrx_word' id='word_1_264' title='bbox 923 1927 988 1966; x_wconf 92' lang='lat' dir='ltr'><strong>con·</strong></span> <span class='ocrx_word' id='word_1_265' title='bbox 1013 1910 1173 1978; x_wconf 81' lang='lat' dir='ltr'><strong>passibilis,</strong></span> <span class='ocrx_word' id='word_1_266' title='bbox 1190 1928 1246 1978; x_wconf 74' lang='lat' dir='ltr'><strong>qua</strong></span> <span class='ocrx_word' id='word_1_267' title='bbox 1266 1911 1297 1964; x_wconf 88' lang='lat' dir='ltr'><strong>in</strong></span> <span class='ocrx_word' id='word_1_268' title='bbox 1316 1911 1368 1965; x_wconf 86' lang='lat' dir='ltr'><strong>boc</strong></span> <span class='ocrx_word' id='word_1_269' title='bbox 1385 1911 1478 1980; x_wconf 87' lang='lat' dir='ltr'><strong>ipsum</strong></span> <span class='ocrx_word' id='word_1_270' title='bbox 1488 1929 1575 1965; x_wconf 86' lang='lat' dir='ltr'><strong>manu</strong></span> <span class='ocrx_word' id='word_1_271' title='bbox 1589 1913 1675 1965; x_wconf 88' lang='lat' dir='ltr'><strong>missa</strong></span> <span class='ocrx_word' id='word_1_272' title='bbox 1691 1930 1710 1966; x_wconf 92' lang='lat' dir='ltr'><strong>a</strong></span> <span class='ocrx_word' id='word_1_273' title='bbox 1724 1911 1856 1978; x_wconf 87' lang='lat' dir='ltr'><strong>Domino,</strong></span> 
     </span>
     <span class='ocr_line' id='line_1_20' title="bbox 153 1995 1857 2068; baseline 0.002 -18"><span class='ocrx_word' id='word_1_274' title='bbox 153 1998 235 2052; x_wconf 87' lang='lat' dir='ltr'><strong>sistet</strong></span> <span class='ocrx_word' id='word_1_275' title='bbox 251 1997 280 2051; x_wconf 88' lang='lat' dir='ltr'><strong>in</strong></span> <span class='ocrx_word' id='word_1_276' title='bbox 297 2013 339 2062; x_wconf 91' lang='lat' dir='ltr'><strong>eo,</strong></span> <span class='ocrx_word' id='word_1_277' title='bbox 361 1997 436 2068; x_wconf 85' lang='lat' dir='ltr'><strong>quod</strong></span> <span class='ocrx_word' id='word_1_278' title='bbox 456 2015 513 2051; x_wconf 88' lang='lat' dir='ltr'><strong>non</strong></span> <span class='ocrx_word' id='word_1_279' title='bbox 527 2001 662 2066; x_wconf 84' lang='lat' dir='ltr'><strong>poterunt</strong></span> <span class='ocrx_word' id='word_1_280' title='bbox 680 1998 755 2050; x_wconf 83' lang='lat' dir='ltr'><strong>mori</strong></span> <span class='ocrx_word' id='word_1_281' title='bbox 768 1997 811 2051; x_wconf 84' lang='lat' dir='ltr'><strong>uel</strong></span> <span class='ocrx_word' id='word_1_282' title='bbox 824 1997 898 2064; x_wconf 86' lang='lat' dir='ltr'><strong>poti,</strong></span> <span class='ocrx_word' id='word_1_283' title='bbox 913 1997 989 2067; x_wconf 90' lang='lat' dir='ltr'><strong>quod</strong></span> <span class='ocrx_word' id='word_1_284' title='bbox 1016 2012 1051 2050; x_wconf 85' lang='lat' dir='ltr'><strong>ne</strong></span> <span class='ocrx_word' id='word_1_285' title='bbox 1070 1995 1150 2050; x_wconf 88' lang='lat' dir='ltr'><strong>ultra</strong></span> <span class='ocrx_word' id='word_1_286' title='bbox 1164 1998 1232 2064; x_wconf 88' lang='lat' dir='ltr'><strong>pati</strong></span> <span class='ocrx_word' id='word_1_287' title='bbox 1245 1997 1344 2066; x_wconf 85' lang='lat' dir='ltr'><strong>possit.</strong></span> <span class='ocrx_word' id='word_1_288' title='bbox 1375 1996 1551 2067; x_wconf 79' lang='lat' dir='ltr'><strong>Augustinus</strong></span> <span class='ocrx_word' id='word_1_289' title='bbox 1575 1997 1605 2050; x_wconf 91' lang='lat' dir='ltr'><strong>in</strong></span> <span class='ocrx_word' id='word_1_290' title='bbox 1623 1995 1704 2066; x_wconf 89' lang='lat' dir='ltr'><strong>epist.</strong></span> <span class='ocrx_word' id='word_1_291' title='bbox 1722 1997 1760 2050; x_wconf 90' lang='lat' dir='ltr'><strong>ad</strong></span> <span class='ocrx_word' id='word_1_292' title='bbox 1774 1996 1857 2053; x_wconf 90' lang='lat' dir='ltr'><strong>Dios·</strong></span> 
     </span>
     <span class='ocr_line' id='line_1_21' title="bbox 151 2080 1856 2152; baseline 0 -16"><span class='ocrx_word' id='word_1_293' title='bbox 151 2096 272 2151; x_wconf 85' lang='lat' dir='ltr'><strong>corpora</strong></span> <span class='ocrx_word' id='word_1_294' title='bbox 288 2098 383 2138; x_wconf 89' lang='lat' dir='ltr'><strong>eorum</strong></span> <span class='ocrx_word' id='word_1_295' title='bbox 404 2081 481 2137; x_wconf 90' lang='lat' dir='ltr'><strong>nullo</strong></span> <span class='ocrx_word' id='word_1_296' title='bbox 500 2081 583 2152; x_wconf 85' lang='lat' dir='ltr'><strong>plane</strong></span> <span class='ocrx_word' id='word_1_297' title='bbox 604 2081 686 2137; x_wconf 92' lang='lat' dir='ltr'><strong>modo</strong></span> <span class='ocrx_word' id='word_1_298' title='bbox 706 2081 789 2135; x_wconf 89' lang='lat' dir='ltr'><strong>ullius</strong></span> <span class='ocrx_word' id='word_1_299' title='bbox 806 2080 944 2151; x_wconf 88' lang='lat' dir='ltr'><strong>passionis</strong></span> <span class='ocrx_word' id='word_1_300' title='bbox 963 2087 991 2137; x_wconf 84' lang='lat' dir='ltr'><strong>et</strong></span> <span class='ocrx_word' id='word_1_301' title='bbox 1017 2099 1078 2138; x_wconf 89' lang='lat' dir='ltr'><strong>cor:</strong></span> <span class='ocrx_word' id='word_1_302' title='bbox 1106 2082 1223 2136; x_wconf 80' lang='lat' dir='ltr'><strong>Sanitas</strong></span> <span class='ocrx_word' id='word_1_303' title='bbox 1239 2084 1369 2151; x_wconf 78' lang='lat' dir='ltr'><strong>perfecta</strong></span> <span class='ocrx_word' id='word_1_304' title='bbox 1388 2084 1517 2151; x_wconf 83' lang='lat' dir='ltr'><strong>corporis</strong></span> <span class='ocrx_word' id='word_1_305' title='bbox 1542 2083 1596 2138; x_wconf 85' lang='lat' dir='ltr'><strong>illa</strong></span> <span class='ocrx_word' id='word_1_306' title='bbox 1624 2091 1748 2138; x_wconf 83' lang='lat' dir='ltr'><strong>eatrema</strong></span> <span class='ocrx_word' id='word_1_307' title='bbox 1771 2083 1856 2137; x_wconf 83' lang='lat' dir='ltr'><strong>totius</strong></span> 
     </span>
     <span class='ocr_line' id='line_1_22' title="bbox 151 2162 1856 2237; baseline -0.001 -14"><span class='ocrx_word' id='word_1_308' title='bbox 151 2168 331 2237; x_wconf 83' lang='lat' dir='ltr'><strong>corruptivas</strong></span> <span class='ocrx_word' id='word_1_309' title='bbox 359 2168 533 2223; x_wconf 86' lang='lat' dir='ltr'><strong>alterationis</strong></span> <span class='ocrx_word' id='word_1_310' title='bbox 564 2174 646 2222; x_wconf 90' lang='lat' dir='ltr'><strong>erunt</strong></span> <span class='ocrx_word' id='word_1_311' title='bbox 673 2162 785 2223; x_wconf 75' lang='grc' dir='ltr'><strong>δεκτικά</strong></span> <span class='ocrx_word' id='word_1_312' title='bbox 810 2183 843 2222; x_wconf 90' lang='lat' dir='ltr'><strong>ac</strong></span> <span class='ocrx_word' id='word_1_313' title='bbox 866 2167 989 2236; x_wconf 85' lang='lat' dir='ltr'><strong>capacia.</strong></span> <span class='ocrx_word' id='word_1_314' title='bbox 1017 2167 1138 2220; x_wconf 70' lang='lat' dir='ltr'><strong>bominis</strong></span> <span class='ocrx_word' id='word_1_315' title='bbox 1149 2168 1348 2222; x_wconf 84' lang='lat' dir='ltr'><strong>immortalitas</strong></span> <span class='ocrx_word' id='word_1_316' title='bbox 1364 2167 1425 2222; x_wconf 86' lang='lat' dir='ltr'><strong>erit.</strong></span> <span class='ocrx_word' id='word_1_317' title='bbox 1455 2169 1527 2221; x_wconf 81' lang='lat' dir='ltr'><strong>Tam</strong></span> <span class='ocrx_word' id='word_1_318' title='bbox 1541 2168 1650 2237; x_wconf 86' lang='lat' dir='ltr'><strong>potenti</strong></span> <span class='ocrx_word' id='word_1_319' title='bbox 1663 2170 1737 2222; x_wconf 89' lang='lat' dir='ltr'><strong>enim</strong></span> <span class='ocrx_word' id='word_1_320' title='bbox 1749 2176 1856 2222; x_wconf 85' lang='lat' dir='ltr'><strong>natura</strong></span> 
     </span>
     <span class='ocr_line' id='line_1_23' title="bbox 153 2252 1856 2324; baseline 0 -17"><span class='ocrx_word' id='word_1_321' title='bbox 153 2253 215 2309; x_wconf 90' lang='lat' dir='ltr'><strong>Biel</strong></span> <span class='ocrx_word' id='word_1_322' title='bbox 241 2259 265 2310; x_wconf 92' lang='grc'><strong>2.</strong></span> <span class='ocrx_word' id='word_1_323' title='bbox 283 2261 352 2309; x_wconf 90' lang='lat' dir='ltr'><strong>sent.</strong></span> <span class='ocrx_word' id='word_1_324' title='bbox 374 2254 437 2308; x_wconf 82' lang='lat' dir='ltr'><strong>dist</strong></span> <span class='ocrx_word' id='word_1_325' title='bbox 459 2259 498 2310; x_wconf 86' lang='grc'><strong>19.</strong></span> <span class='ocrx_word' id='word_1_326' title='bbox 527 2271 553 2324; x_wconf 85' lang='lat' dir='ltr'><strong>q.</strong></span> <span class='ocrx_word' id='word_1_327' title='bbox 571 2271 620 2309; x_wconf 92' lang='lat' dir='ltr'><strong>un.</strong></span> <span class='ocrx_word' id='word_1_328' title='bbox 639 2259 690 2310; x_wconf 89' lang='lat' dir='ltr'><strong>art.</strong></span> <span class='ocrx_word' id='word_1_329' title='bbox 718 2258 745 2308; x_wconf 85' lang='lat'><strong>1:</strong></span> <span class='ocrx_word' id='word_1_330' title='bbox 782 2252 947 2309; x_wconf 85' lang='lat' dir='ltr'><strong>Immortats</strong></span> <span class='ocrx_word' id='word_1_331' title='bbox 965 2261 992 2308; x_wconf 89' lang='lat' dir='ltr'><strong>st</strong></span> <span class='ocrx_word' id='word_1_332' title='bbox 1016 2254 1088 2317; x_wconf 81' lang='lat' dir='ltr'><strong>fecit</strong></span> <span class='ocrx_word' id='word_1_333' title='bbox 1105 2254 1185 2307; x_wconf 88' lang='lat' dir='ltr'><strong>Deus</strong></span> <span class='ocrx_word' id='word_1_334' title='bbox 1211 2253 1351 2318; x_wconf 89' lang='lat' dir='ltr'><strong>animam,</strong></span> <span class='ocrx_word' id='word_1_335' title='bbox 1375 2261 1406 2307; x_wconf 92' lang='lat' dir='ltr'><strong>ut</strong></span> <span class='ocrx_word' id='word_1_336' title='bbox 1424 2271 1457 2308; x_wconf 83' lang='lat' dir='ltr'><strong>aa</strong></span> <span class='ocrx_word' id='word_1_337' title='bbox 1477 2254 1538 2322; x_wconf 85' lang='lat' dir='ltr'><strong>ejus</strong></span> <span class='ocrx_word' id='word_1_338' title='bbox 1550 2253 1721 2322; x_wconf 88' lang='lat' dir='ltr'><strong>plenissima</strong></span> <span class='ocrx_word' id='word_1_339' title='bbox 1737 2254 1856 2308; x_wconf 71' lang='lat' dir='ltr'><strong>demitu-</strong></span> 
     </span>
     <span class='ocr_line' id='line_1_24' title="bbox 152 2338 1856 2410; baseline 0 -16"><span class='ocrx_word' id='word_1_340' title='bbox 152 2340 330 2410; x_wconf 83' lang='lat' dir='ltr'><strong>impassibsle</strong></span> <span class='ocrx_word' id='word_1_341' title='bbox 356 2340 498 2408; x_wconf 86' lang='lat' dir='ltr'><strong>accipitur</strong></span> <span class='ocrx_word' id='word_1_342' title='bbox 515 2340 634 2407; x_wconf 80' lang='lat' dir='ltr'><strong>proprie</strong></span> <span class='ocrx_word' id='word_1_343' title='bbox 655 2340 699 2394; x_wconf 86' lang='lat' dir='ltr'><strong>cel</strong></span> <span class='ocrx_word' id='word_1_344' title='bbox 718 2340 883 2407; x_wconf 80' lang='lat' dir='ltr'><strong>improprie.</strong></span> <span class='ocrx_word' id='word_1_345' title='bbox 918 2340 991 2394; x_wconf 86' lang='lat' dir='ltr'><strong>Pro·</strong></span> <span class='ocrx_word' id='word_1_346' title='bbox 1018 2339 1085 2392; x_wconf 88' lang='lat' dir='ltr'><strong>dine</strong></span> <span class='ocrx_word' id='word_1_347' title='bbox 1107 2341 1246 2393; x_wconf 79' lang='lat' dir='ltr'><strong>redundet</strong></span> <span class='ocrx_word' id='word_1_348' title='bbox 1269 2338 1353 2393; x_wconf 85' lang='lat' dir='ltr'><strong>ctiam</strong></span> <span class='ocrx_word' id='word_1_349' title='bbox 1377 2338 1408 2390; x_wconf 91' lang='lat' dir='ltr'><strong>in</strong></span> <span class='ocrx_word' id='word_1_350' title='bbox 1427 2355 1530 2406; x_wconf 87' lang='lat' dir='ltr'><strong>corpus</strong></span> <span class='ocrx_word' id='word_1_351' title='bbox 1542 2339 1695 2407; x_wconf 87' lang='lat' dir='ltr'><strong>plenitudo</strong></span> <span class='ocrx_word' id='word_1_352' title='bbox 1713 2338 1856 2407; x_wconf 84' lang='lat' dir='ltr'><strong>sanitatis,</strong></span> 
     </span>
     <span class='ocr_line' id='line_1_25' title="bbox 146 2423 1856 2495; baseline -0.001 -15"><span class='ocrx_word' id='word_1_353' title='bbox 146 2426 226 2495; x_wconf 82' lang='lat' dir='ltr'><strong>pris,</strong></span> <span class='ocrx_word' id='word_1_354' title='bbox 240 2433 271 2480; x_wconf 88' lang='lat' dir='ltr'><strong>ut</strong></span> <span class='ocrx_word' id='word_1_355' title='bbox 288 2426 511 2480; x_wconf 88' lang='lat' dir='ltr'><strong>contradictorie</strong></span> <span class='ocrx_word' id='word_1_356' title='bbox 524 2426 676 2493; x_wconf 88' lang='lat' dir='ltr'><strong>opponitur</strong></span> <span class='ocrx_word' id='word_1_357' title='bbox 690 2425 763 2492; x_wconf 86' lang='lat' dir='ltr'><strong>buic,</strong></span> <span class='ocrx_word' id='word_1_358' title='bbox 779 2428 857 2493; x_wconf 78' lang='lat' dir='ltr'><strong>qnod</strong></span> <span class='ocrx_word' id='word_1_359' title='bbox 869 2434 909 2480; x_wconf 89' lang='lat' dir='ltr'><strong>est</strong></span> <span class='ocrx_word' id='word_1_360' title='bbox 919 2443 991 2481; x_wconf 87' lang='lat' dir='ltr'><strong>mor-</strong></span> <span class='ocrx_word' id='word_1_361' title='bbox 1016 2425 1036 2479; x_wconf 80' lang='lat' dir='ltr'><strong>i.</strong></span> <span class='ocrx_word' id='word_1_362' title='bbox 1051 2440 1073 2480; x_wconf 89' lang='lat' dir='ltr'><strong>s.</strong></span> <span class='ocrx_word' id='word_1_363' title='bbox 1090 2424 1312 2493; x_wconf 78' lang='lat' dir='ltr'><strong>incorruptionis</strong></span> <span class='ocrx_word' id='word_1_364' title='bbox 1325 2424 1411 2492; x_wconf 76' lang='lat' dir='ltr'><strong>sipon.</strong></span> <span class='ocrx_word' id='word_1_365' title='bbox 1446 2423 1569 2480; x_wconf 85' lang='lat' dir='ltr'><strong>Junilius</strong></span> <span class='ocrx_word' id='word_1_366' title='bbox 1582 2424 1611 2478; x_wconf 93' lang='lat' dir='ltr'><strong>in</strong></span> <span class='ocrx_word' id='word_1_367' title='bbox 1629 2424 1744 2480; x_wconf 80' lang='lat' dir='ltr'><strong>Genea:</strong></span> <span class='ocrx_word' id='word_1_368' title='bbox 1763 2424 1856 2480; x_wconf 86' lang='lat' dir='ltr'><strong>Nulla</strong></span> 
     </span>
     <span class='ocr_line' id='line_1_26' title="bbox 150 2509 1857 2581; baseline -0.001 -15"><span class='ocrx_word' id='word_1_369' title='bbox 150 2511 225 2581; x_wconf 87' lang='lat' dir='ltr'><strong>tale,</strong></span> <span class='ocrx_word' id='word_1_370' title='bbox 249 2517 281 2564; x_wconf 87' lang='lat' dir='ltr'><strong>ut</strong></span> <span class='ocrx_word' id='word_1_371' title='bbox 307 2511 438 2565; x_wconf 81' lang='lat' dir='ltr'><strong>uidelicet</strong></span> <span class='ocrx_word' id='word_1_372' title='bbox 465 2511 579 2579; x_wconf 68' lang='lat' dir='ltr'><strong>necatio</strong></span> <span class='ocrx_word' id='word_1_373' title='bbox 603 2511 714 2564; x_wconf 88' lang='lat' dir='ltr'><strong>inclusa</strong></span> <span class='ocrx_word' id='word_1_374' title='bbox 735 2519 820 2580; x_wconf 69' lang='lat' dir='ltr'><strong>necat</strong></span> <span class='ocrx_word' id='word_1_375' title='bbox 835 2512 991 2579; x_wconf 87' lang='lat' dir='ltr'><strong>potentiam</strong></span> <span class='ocrx_word' id='word_1_376' title='bbox 1016 2517 1144 2580; x_wconf 74' lang='lat' dir='ltr'><strong>meppetet</strong></span> <span class='ocrx_word' id='word_1_377' title='bbox 1161 2510 1246 2564; x_wconf 88' lang='lat' dir='ltr'><strong>carni</strong></span> <span class='ocrx_word' id='word_1_378' title='bbox 1261 2528 1280 2564; x_wconf 92' lang='lat' dir='ltr'><strong>a</strong></span> <span class='ocrx_word' id='word_1_379' title='bbox 1295 2511 1375 2574; x_wconf 79' lang='lat' dir='ltr'><strong>same</strong></span> <span class='ocrx_word' id='word_1_380' title='bbox 1393 2510 1437 2563; x_wconf 86' lang='lat' dir='ltr'><strong>cel</strong></span> <span class='ocrx_word' id='word_1_381' title='bbox 1453 2509 1627 2565; x_wconf 70' lang='lat' dir='ltr'><strong>lassdadine</strong></span> <span class='ocrx_word' id='word_1_382' title='bbox 1642 2510 1686 2565; x_wconf 84' lang='lat' dir='ltr'><strong>rel</strong></span> <span class='ocrx_word' id='word_1_383' title='bbox 1705 2511 1770 2566; x_wconf 78' lang='lat' dir='ltr'><strong>otio</strong></span> <span class='ocrx_word' id='word_1_384' title='bbox 1787 2527 1857 2581; x_wconf 71' lang='lat' dir='ltr'><strong>aaa</strong></span> 
     </span>
     <span class='ocr_line' id='line_1_27' title="bbox 154 2594 1857 2667; baseline 0.002 -17"><span class='ocrx_word' id='word_1_385' title='bbox 154 2597 305 2667; x_wconf 84' lang='lat' dir='ltr'><strong>moriendi,</strong></span> <span class='ocrx_word' id='word_1_386' title='bbox 324 2605 350 2652; x_wconf 86' lang='lat' dir='ltr'><strong>et</strong></span> <span class='ocrx_word' id='word_1_387' title='bbox 370 2597 412 2651; x_wconf 88' lang='lat' dir='ltr'><strong>sic</strong></span> <span class='ocrx_word' id='word_1_388' title='bbox 431 2597 508 2651; x_wconf 84' lang='lat' dir='ltr'><strong>calet</strong></span> <span class='ocrx_word' id='word_1_389' title='bbox 525 2596 690 2663; x_wconf 79' lang='lat' dir='ltr'><strong>immortale,</strong></span> <span class='ocrx_word' id='word_1_390' title='bbox 709 2596 742 2650; x_wconf 88' lang='lat' dir='ltr'><strong>id</strong></span> <span class='ocrx_word' id='word_1_391' title='bbox 762 2605 802 2650; x_wconf 88' lang='lat' dir='ltr'><strong>est</strong></span> <span class='ocrx_word' id='word_1_392' title='bbox 819 2614 876 2651; x_wconf 89' lang='lat' dir='ltr'><strong>non</strong></span> <span class='ocrx_word' id='word_1_393' title='bbox 888 2604 991 2666; x_wconf 90' lang='lat' dir='ltr'><strong>potens</strong></span> <span class='ocrx_word' id='word_1_394' title='bbox 1016 2597 1084 2650; x_wconf 88' lang='lat' dir='ltr'><strong>libet</strong></span> <span class='ocrx_word' id='word_1_395' title='bbox 1100 2596 1264 2665; x_wconf 77' lang='lat' dir='ltr'><strong>infirmitate</strong></span> <span class='ocrx_word' id='word_1_396' title='bbox 1283 2597 1413 2665; x_wconf 86' lang='lat' dir='ltr'><strong>desectio.</strong></span> <span class='ocrx_word' id='word_1_397' title='bbox 1454 2594 1624 2651; x_wconf 79' lang='lat' dir='ltr'><strong>Ansbelmus</strong></span> <span class='ocrx_word' id='word_1_398' title='bbox 1642 2597 1706 2652; x_wconf 88' lang='lat' dir='ltr'><strong>libr.</strong></span> <span class='ocrx_word' id='word_1_399' title='bbox 1727 2598 1763 2652; x_wconf 92' lang='lat' dir='ltr'><strong>de</strong></span> <span class='ocrx_word' id='word_1_400' title='bbox 1782 2596 1857 2653; x_wconf 88' lang='lat' dir='ltr'><strong>aimi-</strong></span> 
     </span>
     <span class='ocr_line' id='line_1_28' title="bbox 152 2681 1857 2753; baseline 0 -14"><span class='ocrx_word' id='word_1_401' title='bbox 152 2684 243 2749; x_wconf 88' lang='lat' dir='ltr'><strong>mori;</strong></span> <span class='ocrx_word' id='word_1_402' title='bbox 269 2684 434 2753; x_wconf 80' lang='lat' dir='ltr'><strong>improprie,</strong></span> <span class='ocrx_word' id='word_1_403' title='bbox 457 2690 489 2736; x_wconf 86' lang='lat' dir='ltr'><strong>at</strong></span> <span class='ocrx_word' id='word_1_404' title='bbox 515 2700 572 2736; x_wconf 89' lang='lat' dir='ltr'><strong>non</strong></span> <span class='ocrx_word' id='word_1_405' title='bbox 589 2683 743 2751; x_wconf 85' lang='lat' dir='ltr'><strong>opponitur</strong></span> <span class='ocrx_word' id='word_1_406' title='bbox 761 2684 991 2747; x_wconf 84' lang='lat' dir='ltr'><strong>cotrtrudictcris,</strong></span> <span class='ocrx_word' id='word_1_407' title='bbox 1016 2681 1097 2740; x_wconf 88' lang='lat' dir='ltr'><strong>litud.</strong></span> <span class='ocrx_word' id='word_1_408' title='bbox 1123 2699 1185 2752; x_wconf 88' lang='lat' dir='ltr'><strong>cap.</strong></span> <span class='ocrx_word' id='word_1_409' title='bbox 1208 2687 1255 2738; x_wconf 80' lang='lat' dir='ltr'><strong>tt:</strong></span> <span class='ocrx_word' id='word_1_410' title='bbox 1282 2683 1495 2752; x_wconf 77' lang='lat' dir='ltr'><strong>Incunctanter,</strong></span> <span class='ocrx_word' id='word_1_411' title='bbox 1522 2690 1553 2735; x_wconf 90' lang='lat' dir='ltr'><strong>ut</strong></span> <span class='ocrx_word' id='word_1_412' title='bbox 1574 2700 1637 2737; x_wconf 88' lang='lat' dir='ltr'><strong>mea</strong></span> <span class='ocrx_word' id='word_1_413' title='bbox 1661 2684 1774 2752; x_wconf 79' lang='lat' dir='ltr'><strong>quidem</strong></span> <span class='ocrx_word' id='word_1_414' title='bbox 1797 2684 1857 2749; x_wconf 73' lang='lat' dir='ltr'><strong>sert</strong></span> 
     </span>
     <span class='ocr_line' id='line_1_29' title="bbox 152 2768 1855 2839; baseline 0 -15"><span class='ocrx_word' id='word_1_415' title='bbox 152 2772 207 2824; x_wconf 88' lang='lat' dir='ltr'><strong>sed</strong></span> <span class='ocrx_word' id='word_1_416' title='bbox 223 2771 309 2839; x_wconf 66' lang='lat' dir='ltr'><strong>masi</strong></span> <span class='ocrx_word' id='word_1_417' title='bbox 326 2768 535 2837; x_wconf 81' lang='lat' dir='ltr'><strong>subcontrario,</strong></span> <span class='ocrx_word' id='word_1_418' title='bbox 558 2777 590 2823; x_wconf 90' lang='lat' dir='ltr'><strong>ut</strong></span> <span class='ocrx_word' id='word_1_419' title='bbox 607 2768 738 2823; x_wconf 85' lang='lat' dir='ltr'><strong>uidelicet</strong></span> <span class='ocrx_word' id='word_1_420' title='bbox 755 2770 867 2837; x_wconf 70' lang='lat' dir='ltr'><strong>necatio</strong></span> <span class='ocrx_word' id='word_1_421' title='bbox 880 2769 991 2823; x_wconf 90' lang='lat' dir='ltr'><strong>inclusa</strong></span> <span class='ocrx_word' id='word_1_422' title='bbox 1017 2768 1126 2836; x_wconf 88' lang='lat' dir='ltr'><strong>opinio,</strong></span> <span class='ocrx_word' id='word_1_423' title='bbox 1148 2769 1299 2822; x_wconf 80' lang='lat' dir='ltr'><strong>adstruere</strong></span> <span class='ocrx_word' id='word_1_424' title='bbox 1316 2768 1396 2832; x_wconf 88' lang='lat' dir='ltr'><strong>licet,</strong></span> <span class='ocrx_word' id='word_1_425' title='bbox 1417 2768 1565 2821; x_wconf 89' lang='lat' dir='ltr'><strong>sanitatem</strong></span> <span class='ocrx_word' id='word_1_426' title='bbox 1584 2770 1700 2832; x_wconf 78' lang='lat' dir='ltr'><strong>futurae</strong></span> <span class='ocrx_word' id='word_1_427' title='bbox 1717 2769 1792 2824; x_wconf 80' lang='lat' dir='ltr'><strong>ortae</strong></span> <span class='ocrx_word' id='word_1_428' title='bbox 1810 2769 1855 2823; x_wconf 85' lang='lat' dir='ltr'><strong>ita</strong></span> 
     </span>
     <span class='ocr_line' id='line_1_30' title="bbox 151 2853 1857 2924; baseline 0 -15"><span class='ocrx_word' id='word_1_429' title='bbox 151 2871 210 2909; x_wconf 88' lang='lat' dir='ltr'><strong>non</strong></span> <span class='ocrx_word' id='word_1_430' title='bbox 227 2863 313 2923; x_wconf 79' lang='lat' dir='ltr'><strong>nepot</strong></span> <span class='ocrx_word' id='word_1_431' title='bbox 328 2855 495 2923; x_wconf 85' lang='lat' dir='ltr'><strong>potentiam,</strong></span> <span class='ocrx_word' id='word_1_432' title='bbox 515 2856 567 2908; x_wconf 87' lang='lat' dir='ltr'><strong>sed</strong></span> <span class='ocrx_word' id='word_1_433' title='bbox 586 2861 679 2907; x_wconf 89' lang='lat' dir='ltr'><strong>actum</strong></span> <span class='ocrx_word' id='word_1_434' title='bbox 697 2855 794 2908; x_wconf 84' lang='lat' dir='ltr'><strong>valens</strong></span> <span class='ocrx_word' id='word_1_435' title='bbox 813 2863 923 2908; x_wconf 90' lang='lat' dir='ltr'><strong>tantum</strong></span> <span class='ocrx_word' id='word_1_436' title='bbox 941 2855 990 2907; x_wconf 87' lang='lat' dir='ltr'><strong>im·</strong></span> <span class='ocrx_word' id='word_1_437' title='bbox 1017 2854 1111 2923; x_wconf 75' lang='lat' dir='ltr'><strong>cipere</strong></span> <span class='ocrx_word' id='word_1_438' title='bbox 1130 2861 1156 2908; x_wconf 89' lang='lat' dir='ltr'><strong>et</strong></span> <span class='ocrx_word' id='word_1_439' title='bbox 1175 2853 1375 2907; x_wconf 71' lang='lat' dir='ltr'><strong>immutabilem</strong></span> <span class='ocrx_word' id='word_1_440' title='bbox 1395 2869 1430 2906; x_wconf 89' lang='lat' dir='ltr'><strong>ac</strong></span> <span class='ocrx_word' id='word_1_441' title='bbox 1449 2853 1641 2908; x_wconf 79' lang='lat' dir='ltr'><strong>inviolabilem</strong></span> <span class='ocrx_word' id='word_1_442' title='bbox 1651 2856 1739 2924; x_wconf 87' lang='lat' dir='ltr'><strong>fore,</strong></span> <span class='ocrx_word' id='word_1_443' title='bbox 1763 2861 1795 2908; x_wconf 85' lang='lat' dir='ltr'><strong>ut</strong></span> <span class='ocrx_word' id='word_1_444' title='bbox 1813 2855 1857 2909; x_wconf 75' lang='lat' dir='ltr'><strong>in·</strong></span> 
     </span>
     <span class='ocr_line' id='line_1_31' title="bbox 151 2939 1855 3010; baseline 0.002 -16"><span class='ocrx_word' id='word_1_445' title='bbox 151 2941 280 3008; x_wconf 74' lang='lat' dir='ltr'><strong>mortale,</strong></span> <span class='ocrx_word' id='word_1_446' title='bbox 297 2941 331 2994; x_wconf 86' lang='lat' dir='ltr'><strong>id</strong></span> <span class='ocrx_word' id='word_1_447' title='bbox 345 2948 386 2995; x_wconf 85' lang='lat' dir='ltr'><strong>est</strong></span> <span class='ocrx_word' id='word_1_448' title='bbox 400 2948 503 3008; x_wconf 87' lang='lat' dir='ltr'><strong>potens</strong></span> <span class='ocrx_word' id='word_1_449' title='bbox 522 2958 578 2995; x_wconf 89' lang='lat' dir='ltr'><strong>nen</strong></span> <span class='ocrx_word' id='word_1_450' title='bbox 590 2941 672 3000; x_wconf 87' lang='lat' dir='ltr'><strong>mori.</strong></span> <span class='ocrx_word' id='word_1_451' title='bbox 702 2941 803 2994; x_wconf 86' lang='lat' dir='ltr'><strong>Priori</strong></span> <span class='ocrx_word' id='word_1_452' title='bbox 814 2944 897 2994; x_wconf 89' lang='lat' dir='ltr'><strong>modo</strong></span> <span class='ocrx_word' id='word_1_453' title='bbox 909 2942 990 2996; x_wconf 86' lang='lat' dir='ltr'><strong>bomo</strong></span> <span class='ocrx_word' id='word_1_454' title='bbox 1018 2940 1128 3010; x_wconf 72' lang='lat' dir='ltr'><strong>effabsli</strong></span> <span class='ocrx_word' id='word_1_455' title='bbox 1145 2941 1270 3009; x_wconf 62' lang='lat' dir='ltr'><strong>modam</strong></span> <span class='ocrx_word' id='word_1_456' title='bbox 1282 2939 1435 2995; x_wconf 85' lang='lat' dir='ltr'><strong>dulcedine</strong></span> <span class='ocrx_word' id='word_1_457' title='bbox 1450 2941 1600 2994; x_wconf 77' lang='lat' dir='ltr'><strong>maritatis</strong></span> <span class='ocrx_word' id='word_1_458' title='bbox 1618 2948 1704 2994; x_wconf 87' lang='lat' dir='ltr'><strong>tatum</strong></span> <span class='ocrx_word' id='word_1_459' title='bbox 1716 2941 1855 2997; x_wconf 83' lang='lat' dir='ltr'><strong>bominem</strong></span> 
     </span>
     <span class='ocr_line' id='line_1_32' title="bbox 149 3025 1855 3097; baseline 0.001 -17"><span class='ocrx_word' id='word_1_460' title='bbox 149 3043 210 3080; x_wconf 89' lang='lat' dir='ltr'><strong>non</strong></span> <span class='ocrx_word' id='word_1_461' title='bbox 236 3026 334 3079; x_wconf 80' lang='lat' dir='ltr'><strong>babuit</strong></span> <span class='ocrx_word' id='word_1_462' title='bbox 361 3042 465 3094; x_wconf 85' lang='lat' dir='ltr'><strong>corpas</strong></span> <span class='ocrx_word' id='word_1_463' title='bbox 493 3026 653 3080; x_wconf 87' lang='lat' dir='ltr'><strong>immortale</strong></span> <span class='ocrx_word' id='word_1_464' title='bbox 680 3027 720 3094; x_wconf 87' lang='lat' dir='ltr'><strong>(et</strong></span> <span class='ocrx_word' id='word_1_465' title='bbox 751 3025 931 3097; x_wconf 87' lang='lat' dir='ltr'><strong>impassibile)</strong></span> <span class='ocrx_word' id='word_1_466' title='bbox 961 3027 991 3080; x_wconf 88' lang='lat' dir='ltr'><strong>in</strong></span> <span class='ocrx_word' id='word_1_467' title='bbox 1016 3026 1164 3095; x_wconf 87' lang='lat' dir='ltr'><strong>replsatet</strong></span> <span class='ocrx_word' id='word_1_468' title='bbox 1182 3041 1274 3093; x_wconf 72' lang='lat' dir='ltr'><strong>onum,</strong></span> <span class='ocrx_word' id='word_1_469' title='bbox 1292 3027 1371 3094; x_wconf 74' lang='lat' dir='ltr'><strong>parad</strong></span> <span class='ocrx_word' id='word_1_470' title='bbox 1392 3025 1517 3094; x_wconf 82' lang='lat' dir='ltr'><strong>alicujus</strong></span> <span class='ocrx_word' id='word_1_471' title='bbox 1538 3026 1569 3079; x_wconf 90' lang='lat' dir='ltr'><strong>in</strong></span> <span class='ocrx_word' id='word_1_472' title='bbox 1592 3041 1622 3079; x_wconf 89' lang='lat' dir='ltr'><strong>sc</strong></span> <span class='ocrx_word' id='word_1_473' title='bbox 1644 3025 1855 3093; x_wconf 70' lang='lat' dir='ltr'><strong>vicissitudinis,</strong></span> 
     </span>
     <span class='ocr_line' id='line_1_33' title="bbox 152 3111 1856 3180; baseline 0.001 -14"><span class='ocrx_word' id='word_1_474' title='bbox 152 3120 228 3167; x_wconf 86' lang='lat' dir='ltr'><strong>statu</strong></span> <span class='ocrx_word' id='word_1_475' title='bbox 245 3112 429 3179; x_wconf 86' lang='lat' dir='ltr'><strong>innocentiae,</strong></span> <span class='ocrx_word' id='word_1_476' title='bbox 448 3114 501 3166; x_wconf 88' lang='lat' dir='ltr'><strong>sed</strong></span> <span class='ocrx_word' id='word_1_477' title='bbox 517 3113 655 3178; x_wconf 76' lang='lat' dir='ltr'><strong>secsmd03</strong></span> <span class='ocrx_word' id='word_1_478' title='bbox 674 3111 704 3164; x_wconf 91' lang='lat' dir='ltr'><strong>in</strong></span> <span class='ocrx_word' id='word_1_479' title='bbox 721 3111 781 3165; x_wconf 86' lang='lat' dir='ltr'><strong>cita</strong></span> <span class='ocrx_word' id='word_1_480' title='bbox 797 3120 991 3166; x_wconf 87' lang='lat' dir='ltr'><strong>aeternaaero</strong></span> <span class='ocrx_word' id='word_1_481' title='bbox 1017 3111 1214 3166; x_wconf 87' lang='lat' dir='ltr'><strong>mutabilitatis</strong></span> <span class='ocrx_word' id='word_1_482' title='bbox 1231 3118 1282 3165; x_wconf 89' lang='lat' dir='ltr'><strong>aut</strong></span> <span class='ocrx_word' id='word_1_483' title='bbox 1309 3111 1445 3165; x_wconf 86' lang='lat' dir='ltr'><strong>laesionis</strong></span> <span class='ocrx_word' id='word_1_484' title='bbox 1464 3111 1650 3180; x_wconf 74' lang='lat' dir='ltr'><strong>mupicrbnem</strong></span> <span class='ocrx_word' id='word_1_485' title='bbox 1666 3115 1856 3180; x_wconf 83' lang='lat' dir='ltr'><strong>praetendere</strong></span> 
     </span>
     <span class='ocr_line' id='line_1_34' title="bbox 153 3195 1855 3269; baseline 0.002 -17"><span class='ocrx_word' id='word_1_486' title='bbox 153 3214 305 3267; x_wconf 83' lang='lat' dir='ltr'><strong>carpasso</strong></span> <span class='ocrx_word' id='word_1_487' title='bbox 324 3201 409 3251; x_wconf 88' lang='lat' dir='ltr'><strong>modo</strong></span> <span class='ocrx_word' id='word_1_488' title='bbox 429 3215 464 3251; x_wconf 90' lang='lat' dir='ltr'><strong>ac</strong></span> <span class='ocrx_word' id='word_1_489' title='bbox 481 3214 564 3251; x_wconf 82' lang='lat' dir='ltr'><strong>sensu</strong></span> <span class='ocrx_word' id='word_1_490' title='bbox 577 3197 736 3251; x_wconf 84' lang='lat' dir='ltr'><strong>immortale</strong></span> <span class='ocrx_word' id='word_1_491' title='bbox 754 3200 794 3264; x_wconf 89' lang='lat' dir='ltr'><strong>(et</strong></span> <span class='ocrx_word' id='word_1_492' title='bbox 809 3197 991 3269; x_wconf 86' lang='lat' dir='ltr'><strong>impassibile)</strong></span> <span class='ocrx_word' id='word_1_493' title='bbox 1017 3208 1109 3268; x_wconf 78' lang='lat' dir='ltr'><strong>occat,</strong></span> <span class='ocrx_word' id='word_1_494' title='bbox 1124 3197 1227 3266; x_wconf 88' lang='lat' dir='ltr'><strong>procul</strong></span> <span class='ocrx_word' id='word_1_495' title='bbox 1240 3205 1338 3250; x_wconf 89' lang='lat' dir='ltr'><strong>arceat</strong></span> <span class='ocrx_word' id='word_1_496' title='bbox 1355 3203 1440 3266; x_wconf 77' lang='lat' dir='ltr'><strong>atque</strong></span> <span class='ocrx_word' id='word_1_497' title='bbox 1451 3196 1579 3265; x_wconf 83' lang='lat' dir='ltr'><strong>repellat</strong></span> <span class='ocrx_word' id='word_1_498' title='bbox 1599 3195 1788 3254; x_wconf 76' lang='lat' dir='ltr'><strong>Dammcenm</strong></span> <span class='ocrx_word' id='word_1_499' title='bbox 1807 3196 1855 3255; x_wconf 89' lang='lat' dir='ltr'><strong>lib.</strong></span> 
     </span>
     <span class='ocr_line' id='line_1_35' title="bbox 151 3281 1856 3353; baseline -0.001 -14"><span class='ocrx_word' id='word_1_500' title='bbox 151 3284 281 3353; x_wconf 82' lang='lat' dir='ltr'><strong>accipiet.</strong></span> <span class='ocrx_word' id='word_1_501' title='bbox 316 3289 340 3339; x_wconf 81' lang='lat' dir='ltr'><strong>t.</strong></span> <span class='ocrx_word' id='word_1_502' title='bbox 369 3284 416 3337; x_wconf 84' lang='lat' dir='ltr'><strong>Es</strong></span> <span class='ocrx_word' id='word_1_503' title='bbox 440 3283 641 3347; x_wconf 81' lang='lat' dir='ltr'><strong>conformitate</strong></span> <span class='ocrx_word' id='word_1_504' title='bbox 667 3300 729 3336; x_wconf 90' lang='lat' dir='ltr'><strong>cum</strong></span> <span class='ocrx_word' id='word_1_505' title='bbox 757 3283 874 3352; x_wconf 75' lang='lat' dir='ltr'><strong>arspelis¹</strong></span> <span class='ocrx_word' id='word_1_506' title='bbox 910 3282 991 3338; x_wconf 89' lang='lat' dir='ltr'><strong>Beati</strong></span> <span class='ocrx_word' id='word_1_507' title='bbox 1018 3291 1044 3343; x_wconf 81' lang='grc'><strong>3.</strong></span> <span class='ocrx_word' id='word_1_508' title='bbox 1068 3284 1141 3342; x_wconf 91' lang='lat' dir='ltr'><strong>orth.</strong></span> <span class='ocrx_word' id='word_1_509' title='bbox 1164 3281 1212 3338; x_wconf 90' lang='lat' dir='ltr'><strong>fid.</strong></span> <span class='ocrx_word' id='word_1_510' title='bbox 1236 3299 1297 3352; x_wconf 87' lang='lat' dir='ltr'><strong>cap.</strong></span> <span class='ocrx_word' id='word_1_511' title='bbox 1315 3286 1363 3339; x_wconf 82' lang='lat'><strong>28:</strong></span> <span class='ocrx_word' id='word_1_512' title='bbox 1390 3282 1518 3338; x_wconf 80' lang='lat' dir='ltr'><strong>Cbristus</strong></span> <span class='ocrx_word' id='word_1_513' title='bbox 1539 3283 1688 3352; x_wconf 87' lang='lat' dir='ltr'><strong>primitiae</strong></span> <span class='ocrx_word' id='word_1_514' title='bbox 1712 3290 1738 3337; x_wconf 90' lang='lat' dir='ltr'><strong>et</strong></span> <span class='ocrx_word' id='word_1_515' title='bbox 1759 3300 1856 3338; x_wconf 73' lang='lat' dir='ltr'><strong>meas·</strong></span> 
     </span>
     <span class='ocr_line' id='line_1_36' title="bbox 151 3366 1856 3442; baseline -0.001 -17"><span class='ocrx_word' id='word_1_516' title='bbox 151 3376 236 3425; x_wconf 79' lang='lat' dir='ltr'><strong>erum</strong></span> <span class='ocrx_word' id='word_1_517' title='bbox 251 3366 405 3442; x_wconf 78' lang='lat' dir='ltr'><strong>toiyyrios.</strong></span> <span class='ocrx_word' id='word_1_518' title='bbox 440 3370 583 3425; x_wconf 80' lang='lat' dir='ltr'><strong>Jamrero</strong></span> <span class='ocrx_word' id='word_1_519' title='bbox 599 3368 693 3439; x_wconf 79' lang='lat' dir='ltr'><strong>angeli</strong></span> <span class='ocrx_word' id='word_1_520' title='bbox 712 3374 777 3423; x_wconf 84' lang='lat' dir='ltr'><strong>sunt</strong></span> <span class='ocrx_word' id='word_1_521' title='bbox 796 3368 990 3438; x_wconf 86' lang='lat' dir='ltr'><strong>impassibiles,</strong></span> <span class='ocrx_word' id='word_1_522' title='bbox 1017 3371 1151 3426; x_wconf 86' lang='lat' dir='ltr'><strong>rectionis</strong></span> <span class='ocrx_word' id='word_1_523' title='bbox 1188 3376 1215 3422; x_wconf 90' lang='lat' dir='ltr'><strong>et</strong></span> <span class='ocrx_word' id='word_1_524' title='bbox 1246 3368 1526 3439; x_wconf 84' lang='lat' dir='ltr'><strong>incorruptibilitatis</strong></span> <span class='ocrx_word' id='word_1_525' title='bbox 1560 3376 1587 3424; x_wconf 92' lang='lat' dir='ltr'><strong>et</strong></span> <span class='ocrx_word' id='word_1_526' title='bbox 1615 3368 1856 3437; x_wconf 85' lang='lat' dir='ltr'><strong>impassibilitatis</strong></span> 
     </span>
     <span class='ocr_line' id='line_1_37' title="bbox 151 3452 1857 3526; baseline 0 -16"><span class='ocrx_word' id='word_1_527' title='bbox 151 3471 221 3526; x_wconf 76' lang='lat' dir='ltr'><strong>ergo</strong></span> <span class='ocrx_word' id='word_1_528' title='bbox 240 3463 269 3511; x_wconf 85' lang='lat' dir='ltr'><strong>et</strong></span> <span class='ocrx_word' id='word_1_529' title='bbox 287 3455 370 3510; x_wconf 87' lang='lat' dir='ltr'><strong>beati.</strong></span> <span class='ocrx_word' id='word_1_530' title='bbox 407 3463 431 3512; x_wconf 85' lang='lat' dir='ltr'><strong>b.</strong></span> <span class='ocrx_word' id='word_1_531' title='bbox 452 3458 498 3510; x_wconf 81' lang='lat' dir='ltr'><strong>Ea</strong></span> <span class='ocrx_word' id='word_1_532' title='bbox 512 3457 664 3510; x_wconf 89' lang='lat' dir='ltr'><strong>remotione</strong></span> <span class='ocrx_word' id='word_1_533' title='bbox 676 3471 826 3508; x_wconf 87' lang='lat' dir='ltr'><strong>causarum</strong></span> <span class='ocrx_word' id='word_1_534' title='bbox 834 3454 989 3526; x_wconf 81' lang='lat' dir='ltr'><strong>passionis.</strong></span> <span class='ocrx_word' id='word_1_535' title='bbox 1017 3457 1098 3510; x_wconf 88' lang='lat' dir='ltr'><strong>nobis</strong></span> <span class='ocrx_word' id='word_1_536' title='bbox 1115 3458 1221 3522; x_wconf 80' lang='lat' dir='ltr'><strong>factus.</strong></span> <span class='ocrx_word' id='word_1_537' title='bbox 1256 3452 1397 3525; x_wconf 81' lang='lat' dir='ltr'><strong>Repertus</strong></span> <span class='ocrx_word' id='word_1_538' title='bbox 1415 3454 1434 3512; x_wconf 92' lang='lat' dir='ltr'><strong>l.</strong></span> <span class='ocrx_word' id='word_1_539' title='bbox 1454 3461 1479 3510; x_wconf 87' lang='grc'><strong>2.</strong></span> <span class='ocrx_word' id='word_1_540' title='bbox 1499 3454 1529 3508; x_wconf 88' lang='lat' dir='ltr'><strong>in</strong></span> <span class='ocrx_word' id='word_1_541' title='bbox 1545 3454 1634 3525; x_wconf 74' lang='lat' dir='ltr'><strong>Apoc.</strong></span> <span class='ocrx_word' id='word_1_542' title='bbox 1652 3470 1677 3509; x_wconf 80' lang='lat' dir='ltr'><strong>c.</strong></span> <span class='ocrx_word' id='word_1_543' title='bbox 1692 3461 1721 3510; x_wconf 80' lang='lat'><strong>2:</strong></span> <span class='ocrx_word' id='word_1_544' title='bbox 1741 3456 1857 3510; x_wconf 81' lang='lat' dir='ltr'><strong>Mertai</strong></span> 
     </span>
     <span class='ocr_line' id='line_1_38' title="bbox 153 3538 1856 3611; baseline 0.001 -15"><span class='ocrx_word' id='word_1_545' title='bbox 153 3541 187 3596; x_wconf 90' lang='lat' dir='ltr'><strong>In</strong></span> <span class='ocrx_word' id='word_1_546' title='bbox 219 3556 293 3597; x_wconf 83' lang='lat' dir='ltr'><strong>nova</strong></span> <span class='ocrx_word' id='word_1_547' title='bbox 321 3540 400 3596; x_wconf 91' lang='lat' dir='ltr'><strong>coelo</strong></span> <span class='ocrx_word' id='word_1_548' title='bbox 425 3557 459 3595; x_wconf 87' lang='lat' dir='ltr'><strong>ac</strong></span> <span class='ocrx_word' id='word_1_549' title='bbox 492 3557 566 3595; x_wconf 86' lang='lat' dir='ltr'><strong>nova</strong></span> <span class='ocrx_word' id='word_1_550' title='bbox 591 3547 666 3594; x_wconf 90' lang='lat' dir='ltr'><strong>terra</strong></span> <span class='ocrx_word' id='word_1_551' title='bbox 689 3538 783 3593; x_wconf 92' lang='lat' dir='ltr'><strong>nullus</strong></span> <span class='ocrx_word' id='word_1_552' title='bbox 809 3540 862 3594; x_wconf 89' lang='lat' dir='ltr'><strong>erit</strong></span> <span class='ocrx_word' id='word_1_553' title='bbox 888 3546 991 3608; x_wconf 90' lang='lat' dir='ltr'><strong>aestus,</strong></span> <span class='ocrx_word' id='word_1_554' title='bbox 1017 3548 1182 3611; x_wconf 73' lang='lat' dir='ltr'><strong>rampant,</strong></span> <span class='ocrx_word' id='word_1_555' title='bbox 1208 3540 1300 3608; x_wconf 81' lang='lat' dir='ltr'><strong>inquit</strong></span> <span class='ocrx_word' id='word_1_556' title='bbox 1322 3541 1482 3609; x_wconf 86' lang='lat' dir='ltr'><strong>apostolus,</strong></span> <span class='ocrx_word' id='word_1_557' title='bbox 1510 3548 1535 3594; x_wconf 89' lang='lat' dir='ltr'><strong>et</strong></span> <span class='ocrx_word' id='word_1_558' title='bbox 1562 3558 1613 3594; x_wconf 91' lang='lat' dir='ltr'><strong>nos</strong></span> <span class='ocrx_word' id='word_1_559' title='bbox 1640 3542 1856 3598; x_wconf 78' lang='lat' dir='ltr'><strong>immutabimur.</strong></span> 
     </span>
     <span class='ocr_line' id='line_1_39' title="bbox 153 3624 1855 3697; baseline 0 -17"><span class='ocrx_word' id='word_1_560' title='bbox 153 3626 262 3682; x_wconf 90' lang='lat' dir='ltr'><strong>nullum</strong></span> <span class='ocrx_word' id='word_1_561' title='bbox 274 3625 371 3697; x_wconf 81' lang='lat' dir='ltr'><strong>frigus,</strong></span> <span class='ocrx_word' id='word_1_562' title='bbox 388 3625 465 3696; x_wconf 90' lang='lat' dir='ltr'><strong>quod</strong></span> <span class='ocrx_word' id='word_1_563' title='bbox 480 3625 568 3681; x_wconf 87' lang='lat' dir='ltr'><strong>beatis</strong></span> <span class='ocrx_word' id='word_1_564' title='bbox 583 3641 683 3681; x_wconf 89' lang='lat' dir='ltr'><strong>nocere</strong></span> <span class='ocrx_word' id='word_1_565' title='bbox 694 3625 790 3694; x_wconf 82' lang='lat' dir='ltr'><strong>possit</strong></span> <span class='ocrx_word' id='word_1_566' title='bbox 815 3624 901 3682; x_wconf 88' lang='lat' dir='ltr'><strong>Beati</strong></span> <span class='ocrx_word' id='word_1_567' title='bbox 910 3633 992 3681; x_wconf 91' lang='lat' dir='ltr'><strong>erunt</strong></span> <span class='ocrx_word' id='word_1_568' title='bbox 1018 3627 1173 3682; x_wconf 88' lang='lat' dir='ltr'><strong>Immutnri</strong></span> <span class='ocrx_word' id='word_1_569' title='bbox 1191 3641 1310 3693; x_wconf 71' lang='lat' dir='ltr'><strong>nammis</strong></span> <span class='ocrx_word' id='word_1_570' title='bbox 1331 3632 1491 3680; x_wconf 86' lang='lat' dir='ltr'><strong>sanctorum</strong></span> <span class='ocrx_word' id='word_1_571' title='bbox 1511 3631 1552 3679; x_wconf 84' lang='lat' dir='ltr'><strong>est</strong></span> <span class='ocrx_word' id='word_1_572' title='bbox 1574 3632 1698 3688; x_wconf 87' lang='lat' dir='ltr'><strong>tantum,</strong></span> <span class='ocrx_word' id='word_1_573' title='bbox 1726 3627 1855 3696; x_wconf 73' lang='lat' dir='ltr'><strong>idemque</strong></span> 
     </span>
     <span class='ocr_line' id='line_1_40' title="bbox 153 3710 1856 3784; baseline -0.001 -16"><span class='ocrx_word' id='word_1_574' title='bbox 153 3728 234 3784; x_wconf 73' lang='lat' dir='ltr'><strong>reges</strong></span> <span class='ocrx_word' id='word_1_575' title='bbox 247 3712 421 3779; x_wconf 84' lang='lat' dir='ltr'><strong>stricturas,</strong></span> <span class='ocrx_word' id='word_1_576' title='bbox 438 3717 520 3766; x_wconf 88' lang='lat' dir='ltr'><strong>erunt</strong></span> <span class='ocrx_word' id='word_1_577' title='bbox 533 3710 637 3765; x_wconf 91' lang='lat' dir='ltr'><strong>domini</strong></span> <span class='ocrx_word' id='word_1_578' title='bbox 652 3711 776 3766; x_wconf 90' lang='lat' dir='ltr'><strong>omnium</strong></span> <span class='ocrx_word' id='word_1_579' title='bbox 788 3717 991 3782; x_wconf 72' lang='lat' dir='ltr'><strong>creaturarum,</strong></span> <span class='ocrx_word' id='word_1_580' title='bbox 1018 3722 1066 3779; x_wconf 86' lang='lat' dir='ltr'><strong>est,</strong></span> <span class='ocrx_word' id='word_1_581' title='bbox 1086 3731 1121 3767; x_wconf 90' lang='lat' dir='ltr'><strong>ac</strong></span> <span class='ocrx_word' id='word_1_582' title='bbox 1136 3714 1165 3766; x_wconf 87' lang='lat' dir='ltr'><strong>si</strong></span> <span class='ocrx_word' id='word_1_583' title='bbox 1181 3713 1294 3777; x_wconf 85' lang='lat' dir='ltr'><strong>diceret,</strong></span> <span class='ocrx_word' id='word_1_584' title='bbox 1312 3711 1391 3765; x_wconf 84' lang='lat' dir='ltr'><strong>ultra</strong></span> <span class='ocrx_word' id='word_1_585' title='bbox 1409 3729 1467 3764; x_wconf 90' lang='lat' dir='ltr'><strong>non</strong></span> <span class='ocrx_word' id='word_1_586' title='bbox 1487 3713 1648 3780; x_wconf 71' lang='lat' dir='ltr'><strong>moriem,</strong></span> <span class='ocrx_word' id='word_1_587' title='bbox 1666 3711 1856 3782; x_wconf 84' lang='lat' dir='ltr'><strong>impassibiles</strong></span> 
     </span>
     <span class='ocr_line' id='line_1_41' title="bbox 151 3795 1856 3870; baseline -0.002 -14"><span class='ocrx_word' id='word_1_588' title='bbox 151 3815 221 3870; x_wconf 82' lang='lat' dir='ltr'><strong>ergo</strong></span> <span class='ocrx_word' id='word_1_589' title='bbox 254 3813 335 3853; x_wconf 91' lang='lat' dir='ltr'><strong>nemo</strong></span> <span class='ocrx_word' id='word_1_590' title='bbox 363 3795 493 3868; x_wconf 76' lang='lat' dir='ltr'><strong>injuriam</strong></span> <span class='ocrx_word' id='word_1_591' title='bbox 525 3795 580 3850; x_wconf 89' lang='lat' dir='ltr'><strong>illis</strong></span> <span class='ocrx_word' id='word_1_592' title='bbox 613 3795 713 3851; x_wconf 82' lang='lat' dir='ltr'><strong>inferre</strong></span> <span class='ocrx_word' id='word_1_593' title='bbox 739 3796 862 3852; x_wconf 89' lang='lat' dir='ltr'><strong>audebit.</strong></span> <span class='ocrx_word' id='word_1_594' title='bbox 907 3795 992 3852; x_wconf 87' lang='lat' dir='ltr'><strong>Nulla</strong></span> <span class='ocrx_word' id='word_1_595' title='bbox 1018 3801 1130 3854; x_wconf 88' lang='lat' dir='ltr'><strong>erimus.</strong></span> <span class='ocrx_word' id='word_1_596' title='bbox 1167 3796 1333 3854; x_wconf 75' lang='lat' dir='ltr'><strong>scholastici</strong></span> <span class='ocrx_word' id='word_1_597' title='bbox 1353 3803 1464 3864; x_wconf 89' lang='lat' dir='ltr'><strong>notant,</strong></span> <span class='ocrx_word' id='word_1_598' title='bbox 1487 3797 1648 3852; x_wconf 82' lang='lat' dir='ltr'><strong>affectiones</strong></span> <span class='ocrx_word' id='word_1_599' title='bbox 1665 3805 1695 3853; x_wconf 90' lang='lat' dir='ltr'><strong>et</strong></span> <span class='ocrx_word' id='word_1_600' title='bbox 1712 3797 1856 3868; x_wconf 86' lang='lat' dir='ltr'><strong>passiones</strong></span> 
     </span>
     <span class='ocr_line' id='line_1_42' title="bbox 152 3880 1856 3955; baseline -0.001 -15"><span class='ocrx_word' id='word_1_601' title='bbox 152 3884 206 3940; x_wconf 88' lang='lat' dir='ltr'><strong>erit</strong></span> <span class='ocrx_word' id='word_1_602' title='bbox 231 3883 433 3940; x_wconf 73' lang='lat' dir='ltr'><strong>conmanarum</strong></span> <span class='ocrx_word' id='word_1_603' title='bbox 459 3880 624 3952; x_wconf 88' lang='lat' dir='ltr'><strong>qualitatum</strong></span> <span class='ocrx_word' id='word_1_604' title='bbox 648 3881 677 3934; x_wconf 90' lang='lat' dir='ltr'><strong>in</strong></span> <span class='ocrx_word' id='word_1_605' title='bbox 699 3897 817 3952; x_wconf 89' lang='lat' dir='ltr'><strong>corpore</strong></span> <span class='ocrx_word' id='word_1_606' title='bbox 835 3882 990 3953; x_wconf 84' lang='lat' dir='ltr'><strong>glorificato</strong></span> <span class='ocrx_word' id='word_1_607' title='bbox 1018 3886 1047 3939; x_wconf 91' lang='lat' dir='ltr'><strong>in</strong></span> <span class='ocrx_word' id='word_1_608' title='bbox 1070 3883 1233 3955; x_wconf 85' lang='lat' dir='ltr'><strong>corporibus</strong></span> <span class='ocrx_word' id='word_1_609' title='bbox 1250 3899 1312 3937; x_wconf 89' lang='lat' dir='ltr'><strong>esse</strong></span> <span class='ocrx_word' id='word_1_610' title='bbox 1330 3882 1449 3952; x_wconf 90' lang='lat' dir='ltr'><strong>duplicis</strong></span> <span class='ocrx_word' id='word_1_611' title='bbox 1472 3881 1591 3954; x_wconf 80' lang='lat' dir='ltr'><strong>generis.</strong></span> <span class='ocrx_word' id='word_1_612' title='bbox 1625 3883 1771 3947; x_wconf 86' lang='lat' dir='ltr'><strong>Quaedam</strong></span> <span class='ocrx_word' id='word_1_613' title='bbox 1789 3888 1856 3939; x_wconf 86' lang='lat' dir='ltr'><strong>snnt</strong></span> 
     </span>
     <span class='ocr_line' id='line_1_43' title="bbox 153 3965 1855 4040; baseline 0.002 -19"><span class='ocrx_word' id='word_1_614' title='bbox 153 3984 265 4040; x_wconf 75' lang='lat' dir='ltr'><strong>pugna,</strong></span> <span class='ocrx_word' id='word_1_615' title='bbox 294 3983 368 4038; x_wconf 85' lang='lat' dir='ltr'><strong>quae</strong></span> <span class='ocrx_word' id='word_1_616' title='bbox 386 3966 527 4029; x_wconf 82' lang='lat' dir='ltr'><strong>interitum</strong></span> <span class='ocrx_word' id='word_1_617' title='bbox 552 3966 679 4036; x_wconf 87' lang='lat' dir='ltr'><strong>subjecto</strong></span> <span class='ocrx_word' id='word_1_618' title='bbox 698 3965 835 4023; x_wconf 89' lang='lat' dir='ltr'><strong>moliatur.</strong></span> <span class='ocrx_word' id='word_1_619' title='bbox 871 3966 991 4024; x_wconf 85' lang='lat' dir='ltr'><strong>Natirus</strong></span> <span class='ocrx_word' id='word_1_620' title='bbox 1018 3971 1180 4040; x_wconf 86' lang='lat' dir='ltr'><strong>maleficae,</strong></span> <span class='ocrx_word' id='word_1_621' title='bbox 1202 3985 1274 4038; x_wconf 76' lang='lat' dir='ltr'><strong>quae</strong></span> <span class='ocrx_word' id='word_1_622' title='bbox 1299 3986 1401 4038; x_wconf 80' lang='lat' dir='ltr'><strong>corpus</strong></span> <span class='ocrx_word' id='word_1_623' title='bbox 1420 3969 1552 4033; x_wconf 86' lang='lat' dir='ltr'><strong>laedunt,</strong></span> <span class='ocrx_word' id='word_1_624' title='bbox 1578 3976 1702 4024; x_wconf 88' lang='lat' dir='ltr'><strong>atterunt</strong></span> <span class='ocrx_word' id='word_1_625' title='bbox 1726 3988 1761 4024; x_wconf 90' lang='lat' dir='ltr'><strong>ac</strong></span> <span class='ocrx_word' id='word_1_626' title='bbox 1790 3987 1855 4024; x_wconf 89' lang='lat' dir='ltr'><strong>con·</strong></span> 
     </span>
     <span class='ocr_line' id='line_1_44' title="bbox 152 4050 1855 4125; baseline -0.001 -15"><span class='ocrx_word' id='word_1_627' title='bbox 152 4054 231 4110; x_wconf 88' lang='lat' dir='ltr'><strong>calor</strong></span> <span class='ocrx_word' id='word_1_628' title='bbox 248 4068 304 4108; x_wconf 90' lang='lat' dir='ltr'><strong>non</strong></span> <span class='ocrx_word' id='word_1_629' title='bbox 323 4052 452 4107; x_wconf 88' lang='lat' dir='ltr'><strong>absumet</strong></span> <span class='ocrx_word' id='word_1_630' title='bbox 469 4050 629 4116; x_wconf 88' lang='lat' dir='ltr'><strong>humidum,</strong></span> <span class='ocrx_word' id='word_1_631' title='bbox 648 4059 681 4107; x_wconf 91' lang='lat' dir='ltr'><strong>ut</strong></span> <span class='ocrx_word' id='word_1_632' title='bbox 699 4053 900 4108; x_wconf 86' lang='lat' dir='ltr'><strong>restauratione</strong></span> <span class='ocrx_word' id='word_1_633' title='bbox 920 4068 992 4123; x_wconf 85' lang='lat' dir='ltr'><strong>opus</strong></span> <span class='ocrx_word' id='word_1_634' title='bbox 1012 4058 1125 4125; x_wconf 81' lang='lat' dir='ltr'><strong>ficiunt,</strong></span> <span class='ocrx_word' id='word_1_635' title='bbox 1142 4062 1174 4110; x_wconf 91' lang='lat' dir='ltr'><strong>ut</strong></span> <span class='ocrx_word' id='word_1_636' title='bbox 1192 4054 1289 4124; x_wconf 85' lang='lat' dir='ltr'><strong>fames,</strong></span> <span class='ocrx_word' id='word_1_637' title='bbox 1308 4053 1380 4124; x_wconf 88' lang='lat' dir='ltr'><strong>sitis,</strong></span> <span class='ocrx_word' id='word_1_638' title='bbox 1399 4052 1527 4125; x_wconf 87' lang='lat' dir='ltr'><strong>morbus,</strong></span> <span class='ocrx_word' id='word_1_639' title='bbox 1547 4052 1627 4108; x_wconf 89' lang='lat' dir='ltr'><strong>dolor</strong></span> <span class='ocrx_word' id='word_1_640' title='bbox 1646 4061 1696 4109; x_wconf 85' lang='lat' dir='ltr'><strong>etc</strong></span> <span class='ocrx_word' id='word_1_641' title='bbox 1716 4055 1782 4109; x_wconf 90' lang='lat' dir='ltr'><strong>illae</strong></span> <span class='ocrx_word' id='word_1_642' title='bbox 1797 4070 1855 4109; x_wconf 89' lang='lat' dir='ltr'><strong>non</strong></span> 
     </span>
     <span class='ocr_line' id='line_1_45' title="bbox 153 4137 1855 4210; baseline -0.001 -15"><span class='ocrx_word' id='word_1_643' title='bbox 153 4140 192 4195; x_wconf 84' lang='lat' dir='ltr'><strong>eit</strong></span> <span class='ocrx_word' id='word_1_644' title='bbox 217 4156 268 4210; x_wconf 89' lang='lat' dir='ltr'><strong>per</strong></span> <span class='ocrx_word' id='word_1_645' title='bbox 285 4138 393 4204; x_wconf 84' lang='lat' dir='ltr'><strong>cibum;</strong></span> <span class='ocrx_word' id='word_1_646' title='bbox 418 4154 485 4209; x_wconf 76' lang='lat' dir='ltr'><strong>ergo</strong></span> <span class='ocrx_word' id='word_1_647' title='bbox 511 4137 599 4193; x_wconf 89' lang='lat' dir='ltr'><strong>multo</strong></span> <span class='ocrx_word' id='word_1_648' title='bbox 622 4139 712 4193; x_wconf 91' lang='lat' dir='ltr'><strong>minus</strong></span> <span class='ocrx_word' id='word_1_649' title='bbox 735 4139 913 4198; x_wconf 87' lang='lat' dir='ltr'><strong>metuendum</strong></span> <span class='ocrx_word' id='word_1_650' title='bbox 931 4140 992 4209; x_wconf 85' lang='lat' dir='ltr'><strong>erit,</strong></span> <span class='ocrx_word' id='word_1_651' title='bbox 1018 4139 1163 4196; x_wconf 85' lang='lat' dir='ltr'><strong>habebunt</strong></span> <span class='ocrx_word' id='word_1_652' title='bbox 1180 4141 1272 4195; x_wconf 91' lang='lat' dir='ltr'><strong>locum</strong></span> <span class='ocrx_word' id='word_1_653' title='bbox 1288 4140 1318 4194; x_wconf 91' lang='lat' dir='ltr'><strong>in</strong></span> <span class='ocrx_word' id='word_1_654' title='bbox 1336 4138 1427 4194; x_wconf 89' lang='lat' dir='ltr'><strong>beatis</strong></span> <span class='ocrx_word' id='word_1_655' title='bbox 1445 4137 1620 4210; x_wconf 80' lang='lat' dir='ltr'><strong>corporibns3</strong></span> <span class='ocrx_word' id='word_1_656' title='bbox 1638 4141 1776 4209; x_wconf 85' lang='lat' dir='ltr'><strong>quaedam</strong></span> <span class='ocrx_word' id='word_1_657' title='bbox 1788 4155 1855 4194; x_wconf 86' lang='lat' dir='ltr'><strong>vero</strong></span> 
     </span>
     <span class='ocr_line' id='line_1_46' title="bbox 154 4223 1855 4297; baseline -0.001 -16"><span class='ocrx_word' id='word_1_658' title='bbox 154 4241 190 4294; x_wconf 87' lang='lat' dir='ltr'><strong>ne</strong></span> <span class='ocrx_word' id='word_1_659' title='bbox 213 4242 365 4297; x_wconf 81' lang='lat' dir='ltr'><strong>progressu</strong></span> <span class='ocrx_word' id='word_1_660' title='bbox 388 4223 521 4294; x_wconf 88' lang='lat' dir='ltr'><strong>temporis</strong></span> <span class='ocrx_word' id='word_1_661' title='bbox 541 4224 612 4279; x_wconf 90' lang='lat' dir='ltr'><strong>illud</strong></span> <span class='ocrx_word' id='word_1_662' title='bbox 630 4225 742 4295; x_wconf 84' lang='lat' dir='ltr'><strong>penitus</strong></span> <span class='ocrx_word' id='word_1_663' title='bbox 761 4226 902 4296; x_wconf 85' lang='lat' dir='ltr'><strong>depascat.</strong></span> <span class='ocrx_word' id='word_1_664' title='bbox 936 4224 991 4282; x_wconf 91' lang='lat' dir='ltr'><strong>Po·</strong></span> <span class='ocrx_word' id='word_1_665' title='bbox 1018 4237 1151 4282; x_wconf 85' lang='lat' dir='ltr'><strong>naturam</strong></span> <span class='ocrx_word' id='word_1_666' title='bbox 1169 4229 1269 4296; x_wconf 85' lang='lat' dir='ltr'><strong>potius</strong></span> <span class='ocrx_word' id='word_1_667' title='bbox 1285 4228 1385 4294; x_wconf 74' lang='lat' dir='ltr'><strong>jurant</strong></span> <span class='ocrx_word' id='word_1_668' title='bbox 1405 4234 1431 4279; x_wconf 91' lang='lat' dir='ltr'><strong>ct</strong></span> <span class='ocrx_word' id='word_1_669' title='bbox 1451 4226 1604 4294; x_wconf 75' lang='lat' dir='ltr'><strong>perficiunt</strong></span> <span class='ocrx_word' id='word_1_670' title='bbox 1622 4241 1708 4294; x_wconf 77' lang='lat' dir='ltr'><strong>quum</strong></span> <span class='ocrx_word' id='word_1_671' title='bbox 1728 4224 1855 4289; x_wconf 85' lang='lat' dir='ltr'><strong>laedunt,</strong></span> 
     </span>
     <span class='ocr_line' id='line_1_47' title="bbox 153 4307 1938 4383; baseline -0.001 -13"><span class='ocrx_word' id='word_1_672' title='bbox 153 4311 244 4370; x_wconf 88' lang='lat' dir='ltr'><strong>tentia</strong></span> <span class='ocrx_word' id='word_1_673' title='bbox 262 4312 396 4368; x_wconf 89' lang='lat' dir='ltr'><strong>materiae</strong></span> <span class='ocrx_word' id='word_1_674' title='bbox 413 4312 442 4367; x_wconf 91' lang='lat' dir='ltr'><strong>in</strong></span> <span class='ocrx_word' id='word_1_675' title='bbox 459 4311 623 4381; x_wconf 86' lang='lat' dir='ltr'><strong>corporibus</strong></span> <span class='ocrx_word' id='word_1_676' title='bbox 643 4311 808 4383; x_wconf 82' lang='lat' dir='ltr'><strong>glorificatis</strong></span> <span class='ocrx_word' id='word_1_677' title='bbox 819 4311 859 4367; x_wconf 88' lang='lat' dir='ltr'><strong>ita</strong></span> <span class='ocrx_word' id='word_1_678' title='bbox 878 4313 930 4366; x_wconf 88' lang='lat' dir='ltr'><strong>erit</strong></span> <span class='ocrx_word' id='word_1_679' title='bbox 947 4329 992 4368; x_wconf 85' lang='lat' dir='ltr'><strong>ex·</strong></span> <span class='ocrx_word' id='word_1_680' title='bbox 1018 4323 1050 4371; x_wconf 89' lang='lat' dir='ltr'><strong>ut</strong></span> <span class='ocrx_word' id='word_1_681' title='bbox 1076 4332 1208 4370; x_wconf 87' lang='lat' dir='ltr'><strong>sensuum</strong></span> <span class='ocrx_word' id='word_1_682' title='bbox 1235 4313 1359 4369; x_wconf 88' lang='lat' dir='ltr'><strong>notitiae.</strong></span> <span class='ocrx_word' id='word_1_683' title='bbox 1407 4313 1471 4370; x_wconf 86' lang='lat' dir='ltr'><strong>Non</strong></span> <span class='ocrx_word' id='word_1_684' title='bbox 1502 4310 1622 4364; x_wconf 88' lang='lat' dir='ltr'><strong>laeditur</strong></span> <span class='ocrx_word' id='word_1_685' title='bbox 1647 4307 1759 4375; x_wconf 86' lang='lat' dir='ltr'><strong>oculus,</strong></span> <span class='ocrx_word' id='word_1_686' title='bbox 1790 4325 1855 4365; x_wconf 86' lang='lat' dir='ltr'><strong>cum</strong></span> <span class='ocrx_word' id='word_1_687' title='bbox 1933 4359 1938 4368; x_wconf 95' lang='lat'><em>.</em></span> 
     </span>
     <span class='ocr_line' id='line_1_48' title="bbox 154 4395 1856 4471; baseline -0.002 -18"><span class='ocrx_word' id='word_1_688' title='bbox 154 4399 257 4453; x_wconf 72' lang='lat' dir='ltr'><strong>satiem</strong></span> <span class='ocrx_word' id='word_1_689' title='bbox 274 4396 312 4454; x_wconf 85' lang='lat' dir='ltr'><strong>ab</strong></span> <span class='ocrx_word' id='word_1_690' title='bbox 332 4414 428 4452; x_wconf 90' lang='lat' dir='ltr'><strong>eorum</strong></span> <span class='ocrx_word' id='word_1_691' title='bbox 447 4398 549 4466; x_wconf 84' lang='lat' dir='ltr'><strong>forma,</strong></span> <span class='ocrx_word' id='word_1_692' title='bbox 568 4405 600 4452; x_wconf 92' lang='lat' dir='ltr'><strong>ut</strong></span> <span class='ocrx_word' id='word_1_693' title='bbox 616 4398 699 4451; x_wconf 77' lang='lat' dir='ltr'><strong>ubam</strong></span> <span class='ocrx_word' id='word_1_694' title='bbox 717 4414 769 4451; x_wconf 90' lang='lat' dir='ltr'><strong>nec</strong></span> <span class='ocrx_word' id='word_1_695' title='bbox 788 4402 917 4468; x_wconf 88' lang='lat' dir='ltr'><strong>appetat,</strong></span> <span class='ocrx_word' id='word_1_696' title='bbox 940 4414 992 4453; x_wconf 90' lang='lat' dir='ltr'><strong>nec</strong></span> <span class='ocrx_word' id='word_1_697' title='bbox 1018 4401 1139 4458; x_wconf 81' lang='lat' dir='ltr'><strong>afficitur</strong></span> <span class='ocrx_word' id='word_1_698' title='bbox 1155 4399 1279 4471; x_wconf 88' lang='lat' dir='ltr'><strong>pulchris</strong></span> <span class='ocrx_word' id='word_1_699' title='bbox 1297 4398 1449 4466; x_wconf 90' lang='lat' dir='ltr'><strong>coloribus,</strong></span> <span class='ocrx_word' id='word_1_700' title='bbox 1479 4412 1531 4451; x_wconf 91' lang='lat' dir='ltr'><strong>nec</strong></span> <span class='ocrx_word' id='word_1_701' title='bbox 1551 4395 1677 4462; x_wconf 89' lang='lat' dir='ltr'><strong>auditus,</strong></span> <span class='ocrx_word' id='word_1_702' title='bbox 1705 4411 1769 4449; x_wconf 89' lang='lat' dir='ltr'><strong>cum</strong></span> <span class='ocrx_word' id='word_1_703' title='bbox 1792 4410 1856 4466; x_wconf 88' lang='lat' dir='ltr'><strong>per·</strong></span> 
     </span>
     <span class='ocr_line' id='line_1_49' title="bbox 155 4479 1855 4557; baseline -0.004 -17"><span class='ocrx_word' id='word_1_704' title='bbox 155 4484 293 4540; x_wconf 86' lang='lat' dir='ltr'><strong>admittat.</strong></span> <span class='ocrx_word' id='word_1_705' title='bbox 329 4483 393 4539; x_wconf 86' lang='lat' dir='ltr'><strong>Non</strong></span> <span class='ocrx_word' id='word_1_706' title='bbox 411 4489 492 4539; x_wconf 81' lang='lat' dir='ltr'><strong>munt</strong></span> <span class='ocrx_word' id='word_1_707' title='bbox 510 4484 550 4538; x_wconf 91' lang='lat' dir='ltr'><strong>ibi</strong></span> <span class='ocrx_word' id='word_1_708' title='bbox 567 4484 655 4555; x_wconf 83' lang='lat' dir='ltr'><strong>gladii</strong></span> <span class='ocrx_word' id='word_1_709' title='bbox 668 4483 838 4539; x_wconf 85' lang='lat' dir='ltr'><strong>dissecantes</strong></span> <span class='ocrx_word' id='word_1_710' title='bbox 855 4499 889 4537; x_wconf 88' lang='lat' dir='ltr'><strong>ac</strong></span> <span class='ocrx_word' id='word_1_711' title='bbox 909 4483 992 4538; x_wconf 88' lang='lat' dir='ltr'><strong>inter·</strong></span> <span class='ocrx_word' id='word_1_712' title='bbox 1018 4487 1087 4557; x_wconf 87' lang='lat' dir='ltr'><strong>cipit</strong></span> <span class='ocrx_word' id='word_1_713' title='bbox 1100 4501 1213 4540; x_wconf 80' lang='lat' dir='ltr'><strong>suavem</strong></span> <span class='ocrx_word' id='word_1_714' title='bbox 1232 4483 1417 4549; x_wconf 82' lang='lat' dir='ltr'><strong>barmoniam3</strong></span> <span class='ocrx_word' id='word_1_715' title='bbox 1445 4482 1528 4552; x_wconf 90' lang='lat' dir='ltr'><strong>hujus</strong></span> <span class='ocrx_word' id='word_1_716' title='bbox 1557 4480 1720 4550; x_wconf 80' lang='lat' dir='ltr'><strong>posterioris</strong></span> <span class='ocrx_word' id='word_1_717' title='bbox 1743 4479 1855 4551; x_wconf 82' lang='lat' dir='ltr'><strong>generis</strong></span> 
     </span>
     <span class='ocr_line' id='line_1_50' title="bbox 154 4566 1855 4643; baseline -0.002 -17"><span class='ocrx_word' id='word_1_718' title='bbox 154 4571 292 4639; x_wconf 86' lang='lat' dir='ltr'><strong>ficientes,</strong></span> <span class='ocrx_word' id='word_1_719' title='bbox 320 4585 354 4625; x_wconf 87' lang='lat' dir='ltr'><strong>ac</strong></span> <span class='ocrx_word' id='word_1_720' title='bbox 381 4570 405 4623; x_wconf 92' lang='lat' dir='ltr'><strong>si</strong></span> <span class='ocrx_word' id='word_1_721' title='bbox 435 4570 480 4626; x_wconf 84' lang='lat' dir='ltr'><strong>vel</strong></span> <span class='ocrx_word' id='word_1_722' title='bbox 506 4570 624 4625; x_wconf 85' lang='lat' dir='ltr'><strong>maxime</strong></span> <span class='ocrx_word' id='word_1_723' title='bbox 650 4575 755 4634; x_wconf 87' lang='lat' dir='ltr'><strong>essent,</strong></span> <span class='ocrx_word' id='word_1_724' title='bbox 783 4575 905 4623; x_wconf 89' lang='lat' dir='ltr'><strong>attamen</strong></span> <span class='ocrx_word' id='word_1_725' title='bbox 934 4573 991 4624; x_wconf 89' lang='lat' dir='ltr'><strong>tam</strong></span> <span class='ocrx_word' id='word_1_726' title='bbox 1017 4573 1161 4643; x_wconf 87' lang='lat' dir='ltr'><strong>passiones</strong></span> <span class='ocrx_word' id='word_1_727' title='bbox 1179 4570 1238 4625; x_wconf 84' lang='lat' dir='ltr'><strong>sive</strong></span> <span class='ocrx_word' id='word_1_728' title='bbox 1256 4568 1419 4623; x_wconf 81' lang='lat' dir='ltr'><strong>affectiones</strong></span> <span class='ocrx_word' id='word_1_729' title='bbox 1438 4567 1596 4622; x_wconf 87' lang='lat' dir='ltr'><strong>concedunt</strong></span> <span class='ocrx_word' id='word_1_730' title='bbox 1616 4566 1730 4631; x_wconf 69' lang='lat' dir='ltr'><strong>murus,</strong></span> <span class='ocrx_word' id='word_1_731' title='bbox 1749 4566 1855 4638; x_wconf 88' lang='lat' dir='ltr'><strong>quippe</strong></span> 
     </span>
     <span class='ocr_line' id='line_1_51' title="bbox 155 4653 1819 4729; baseline -0.003 -15"><span class='ocrx_word' id='word_1_732' title='bbox 155 4673 212 4719; x_wconf 89' lang='lat' dir='ltr'><strong>aon</strong></span> <span class='ocrx_word' id='word_1_733' title='bbox 230 4664 345 4726; x_wconf 88' lang='lat' dir='ltr'><strong>possent</strong></span> <span class='ocrx_word' id='word_1_734' title='bbox 363 4656 473 4713; x_wconf 86' lang='lat' dir='ltr'><strong>laedere</strong></span> <span class='ocrx_word' id='word_1_735' title='bbox 485 4673 586 4727; x_wconf 91' lang='lat' dir='ltr'><strong>corpus</strong></span> <span class='ocrx_word' id='word_1_736' title='bbox 599 4655 784 4728; x_wconf 80' lang='lat' dir='ltr'><strong>glorificatum</strong></span> <span class='ocrx_word' id='word_1_737' title='bbox 794 4670 878 4727; x_wconf 90' lang='lat' dir='ltr'><strong>quam</strong></span> <span class='ocrx_word' id='word_1_738' title='bbox 889 4656 991 4724; x_wconf 76' lang='lat' dir='ltr'><strong>aerem,</strong></span> <span class='ocrx_word' id='word_1_739' title='bbox 1017 4674 1089 4729; x_wconf 88' lang='lat' dir='ltr'><strong>quae</strong></span> <span class='ocrx_word' id='word_1_740' title='bbox 1105 4673 1161 4711; x_wconf 94' lang='lat' dir='ltr'><strong>non</strong></span> <span class='ocrx_word' id='word_1_741' title='bbox 1177 4661 1310 4710; x_wconf 76' lang='grc' dir='ltr'><strong>κακίοσιν</strong></span> <span class='ocrx_word' id='word_1_742' title='bbox 1328 4653 1377 4709; x_wconf 88' lang='lat' dir='ltr'><strong>sed</strong></span> <span class='ocrx_word' id='word_1_743' title='bbox 1397 4654 1490 4723; x_wconf 89' lang='lat' dir='ltr'><strong>potius</strong></span> <span class='ocrx_word' id='word_1_744' title='bbox 1503 4657 1649 4722; x_wconf 70' lang='lat' dir='ltr'><strong>petitorio</strong></span> <span class='ocrx_word' id='word_1_745' title='bbox 1666 4653 1819 4709; x_wconf 78' lang='lat' dir='ltr'><strong>moenem.</strong></span> 
     </span>
     <span class='ocr_line' id='line_1_52' title="bbox 155 4738 2009 4813; baseline -0.003 -15"><span class='ocrx_word' id='word_1_746' title='bbox 155 4759 239 4813; x_wconf 88' lang='lat' dir='ltr'><strong>quam</strong></span> <span class='ocrx_word' id='word_1_747' title='bbox 262 4742 384 4811; x_wconf 89' lang='lat' dir='ltr'><strong>coelum,</strong></span> <span class='ocrx_word' id='word_1_748' title='bbox 406 4759 490 4813; x_wconf 88' lang='lat' dir='ltr'><strong>quam</strong></span> <span class='ocrx_word' id='word_1_749' title='bbox 514 4743 649 4812; x_wconf 86' lang='lat' dir='ltr'><strong>spiritum.</strong></span> <span class='ocrx_word' id='word_1_750' title='bbox 685 4740 771 4797; x_wconf 85' lang='lat' dir='ltr'><strong>Nulla</strong></span> <span class='ocrx_word' id='word_1_751' title='bbox 789 4740 828 4794; x_wconf 92' lang='lat' dir='ltr'><strong>ibi</strong></span> <span class='ocrx_word' id='word_1_752' title='bbox 847 4756 918 4810; x_wconf 87' lang='lat' dir='ltr'><strong>opus</strong></span> <span class='ocrx_word' id='word_1_753' title='bbox 937 4741 991 4796; x_wconf 88' lang='lat' dir='ltr'><strong>erit</strong></span> <span class='ocrx_word' id='word_1_754' title='bbox 1051 4747 1093 4798; x_wconf 81' lang='grc'><strong>91.</strong></span> <span class='ocrx_word' id='word_1_755' title='bbox 1129 4747 1155 4798; x_wconf 81' lang='lat' dir='ltr'><strong>t.</strong></span> <span class='ocrx_word' id='word_1_756' title='bbox 1180 4740 1283 4808; x_wconf 78' lang='lat' dir='ltr'><strong>Olera,</strong></span> <span class='ocrx_word' id='word_1_757' title='bbox 1299 4739 1469 4809; x_wconf 85' lang='lat' dir='ltr'><strong>splendida,</strong></span> <span class='ocrx_word' id='word_1_758' title='bbox 1486 4738 1600 4803; x_wconf 86' lang='lat' dir='ltr'><strong>lucida,</strong></span> <span class='ocrx_word' id='word_1_759' title='bbox 1616 4738 1776 4807; x_wconf 74' lang='lat' dir='ltr'><strong>sulcantis,</strong></span> <span class='ocrx_word' id='word_1_760' title='bbox 1797 4754 1856 4793; x_wconf 86' lang='lat' dir='ltr'><strong>non</strong></span> <span class='ocrx_word' id='word_1_761' title='bbox 1869 4748 1890 4789; x_wconf 81' lang='lat' dir='ltr'><strong>t.</strong></span> <span class='ocrx_word' id='word_1_762' title='bbox 1903 4744 2009 4792; x_wconf 74' lang='lat' dir='ltr'><strong>ctsrtus.</strong></span> 
     </span>
     <span class='ocr_line' id='line_1_53' title="bbox 129 4823 1856 4900; baseline -0.002 -16"><span class='ocrx_word' id='word_1_763' title='bbox 129 4830 316 4900; x_wconf 74' lang='lat' dir='ltr'><strong>pulmonum</strong></span> <span class='ocrx_word' id='word_1_764' title='bbox 342 4827 558 4892; x_wconf 79' lang='lat' dir='ltr'><strong>eventilatione,</strong></span> <span class='ocrx_word' id='word_1_765' title='bbox 572 4828 650 4883; x_wconf 90' lang='lat' dir='ltr'><strong>nulla</strong></span> <span class='ocrx_word' id='word_1_766' title='bbox 667 4828 703 4881; x_wconf 92' lang='lat' dir='ltr'><strong>ad</strong></span> <span class='ocrx_word' id='word_1_767' title='bbox 723 4827 808 4881; x_wconf 85' lang='lat' dir='ltr'><strong>vitam</strong></span> <span class='ocrx_word' id='word_1_768' title='bbox 824 4842 990 4885; x_wconf 85' lang='lat' dir='ltr'><strong>conservan-</strong></span> <span class='ocrx_word' id='word_1_769' title='bbox 1017 4829 1150 4893; x_wconf 88' lang='lat' dir='ltr'><strong>obscara,</strong></span> <span class='ocrx_word' id='word_1_770' title='bbox 1175 4827 1319 4881; x_wconf 86' lang='lat' dir='ltr'><strong>tenebrosa</strong></span> <span class='ocrx_word' id='word_1_771' title='bbox 1344 4831 1396 4882; x_wconf 87' lang='lat' dir='ltr'><strong>etc.</strong></span> <span class='ocrx_word' id='word_1_772' title='bbox 1435 4823 1575 4880; x_wconf 84' lang='lat' dir='ltr'><strong>Probatur</strong></span> <span class='ocrx_word' id='word_1_773' title='bbox 1597 4823 1666 4880; x_wconf 88' lang='lat' dir='ltr'><strong>haec</strong></span> <span class='ocrx_word' id='word_1_774' title='bbox 1686 4823 1801 4879; x_wconf 85' lang='lat' dir='ltr'><strong>claritas</strong></span> <span class='ocrx_word' id='word_1_775' title='bbox 1827 4829 1856 4891; x_wconf 80' lang='grc'><strong>1)</strong></span> 
     </span>
     <span class='ocr_line' id='line_1_54' title="bbox 20 4909 1854 4985; baseline -0.005 -10"><span class='ocrx_word' id='word_1_776' title='bbox 20 4924 81 4975; x_wconf 65' lang='lat' dir='ltr'><strong>xx</strong></span> <span class='ocrx_word' id='word_1_777' title='bbox 92 4927 142 4973; x_wconf 76' lang='lat' dir='ltr'><strong>ete.</strong></span> <span class='ocrx_word' id='word_1_778' title='bbox 154 4915 218 4982; x_wconf 82' lang='lat' dir='ltr'><strong>dam</strong></span> <span class='ocrx_word' id='word_1_779' title='bbox 241 4915 429 4985; x_wconf 84' lang='lat' dir='ltr'><strong>exspiratione</strong></span> <span class='ocrx_word' id='word_1_780' title='bbox 449 4921 478 4971; x_wconf 90' lang='lat' dir='ltr'><strong>et</strong></span> <span class='ocrx_word' id='word_1_781' title='bbox 502 4914 699 4984; x_wconf 88' lang='lat' dir='ltr'><strong>respiratione,</strong></span> <span class='ocrx_word' id='word_1_782' title='bbox 723 4913 772 4968; x_wconf 88' lang='lat' dir='ltr'><strong>sed</strong></span> <span class='ocrx_word' id='word_1_783' title='bbox 797 4913 889 4969; x_wconf 87' lang='lat' dir='ltr'><strong>omnia</strong></span> <span class='ocrx_word' id='word_1_784' title='bbox 908 4919 991 4968; x_wconf 88' lang='lat' dir='ltr'><strong>erunt</strong></span> <span class='ocrx_word' id='word_1_785' title='bbox 1017 4932 1051 4970; x_wconf 82' lang='lat' dir='ltr'><strong>es</strong></span> <span class='ocrx_word' id='word_1_786' title='bbox 1066 4914 1221 4984; x_wconf 89' lang='lat' dir='ltr'><strong>perspicua</strong></span> <span class='ocrx_word' id='word_1_787' title='bbox 1234 4913 1403 4981; x_wconf 80' lang='lat' dir='ltr'><strong>Scripturas</strong></span> <span class='ocrx_word' id='word_1_788' title='bbox 1422 4912 1587 4967; x_wconf 71' lang='lat' dir='ltr'><strong>assertione,</strong></span> <span class='ocrx_word' id='word_1_789' title='bbox 1622 4909 1696 4965; x_wconf 87' lang='lat' dir='ltr'><strong>Dan.</strong></span> <span class='ocrx_word' id='word_1_790' title='bbox 1718 4914 1758 4973; x_wconf 90' lang='grc'><strong>12,</strong></span> <span class='ocrx_word' id='word_1_791' title='bbox 1776 4927 1803 4966; x_wconf 82' lang='lat' dir='ltr'><strong>v.</strong></span> <span class='ocrx_word' id='word_1_792' title='bbox 1821 4914 1854 4966; x_wconf 74' lang='lat' dir='ltr'><strong>bt</strong></span> 
     </span>
     <span class='ocr_line' id='line_1_55' title="bbox 154 4997 1854 5072; baseline -0.002 -16"><span class='ocrx_word' id='word_1_793' title='bbox 154 4999 311 5072; x_wconf 82' lang='lat' dir='ltr'><strong>spiritualia</strong></span> <span class='ocrx_word' id='word_1_794' title='bbox 331 5007 361 5055; x_wconf 89' lang='lat' dir='ltr'><strong>et</strong></span> <span class='ocrx_word' id='word_1_795' title='bbox 380 4998 570 5070; x_wconf 79' lang='lat' dir='ltr'><strong>impassibilia</strong></span> <span class='ocrx_word' id='word_1_796' title='bbox 605 5005 629 5055; x_wconf 88' lang='grc'><strong>6.</strong></span> <span class='ocrx_word' id='word_1_797' title='bbox 653 5001 700 5052; x_wconf 83' lang='lat' dir='ltr'><strong>Ec</strong></span> <span class='ocrx_word' id='word_1_798' title='bbox 722 4998 807 5068; x_wconf 87' lang='lat' dir='ltr'><strong>pleno</strong></span> <span class='ocrx_word' id='word_1_799' title='bbox 828 5001 940 5054; x_wconf 88' lang='lat' dir='ltr'><strong>animae</strong></span> <span class='ocrx_word' id='word_1_800' title='bbox 960 5001 991 5055; x_wconf 86' lang='lat' dir='ltr'><strong>in</strong></span> <span class='ocrx_word' id='word_1_801' title='bbox 1020 5001 1077 5064; x_wconf 78' lang='lat' dir='ltr'><strong>Qui</strong></span> <span class='ocrx_word' id='word_1_802' title='bbox 1101 5007 1194 5054; x_wconf 73' lang='lat' dir='ltr'><strong>aedem</strong></span> <span class='ocrx_word' id='word_1_803' title='bbox 1218 5000 1296 5053; x_wconf 87' lang='lat' dir='ltr'><strong>docti</strong></span> <span class='ocrx_word' id='word_1_804' title='bbox 1309 4997 1434 5068; x_wconf 70' lang='lat' dir='ltr'><strong>fuerint,</strong></span> <span class='ocrx_word' id='word_1_805' title='bbox 1458 4998 1607 5068; x_wconf 76' lang='lat' dir='ltr'><strong>fulpebunt</strong></span> <span class='ocrx_word' id='word_1_806' title='bbox 1629 4997 1705 5049; x_wconf 73' lang='lat' dir='ltr'><strong>siccat</strong></span> <span class='ocrx_word' id='word_1_807' title='bbox 1717 4997 1854 5066; x_wconf 74' lang='lat' dir='ltr'><strong>splendor</strong></span> 
     </span>
     <span class='ocr_line' id='line_1_56' title="bbox 153 5081 1852 5159; baseline -0.002 -19"><span class='ocrx_word' id='word_1_808' title='bbox 153 5104 256 5159; x_wconf 81' lang='lat' dir='ltr'><strong>corpus</strong></span> <span class='ocrx_word' id='word_1_809' title='bbox 274 5085 408 5141; x_wconf 88' lang='lat' dir='ltr'><strong>dominio.</strong></span> <span class='ocrx_word' id='word_1_810' title='bbox 444 5086 526 5141; x_wconf 85' lang='lat' dir='ltr'><strong>Hanc</strong></span> <span class='ocrx_word' id='word_1_811' title='bbox 542 5084 678 5139; x_wconf 88' lang='lat' dir='ltr'><strong>rationem</strong></span> <span class='ocrx_word' id='word_1_812' title='bbox 694 5083 802 5156; x_wconf 81' lang='lat' dir='ltr'><strong>profert</strong></span> <span class='ocrx_word' id='word_1_813' title='bbox 819 5084 942 5141; x_wconf 86' lang='lat' dir='ltr'><strong>Thomas</strong></span> <span class='ocrx_word' id='word_1_814' title='bbox 961 5088 990 5139; x_wconf 93' lang='lat' dir='ltr'><strong>in</strong></span> <span class='ocrx_word' id='word_1_815' title='bbox 1017 5086 1200 5152; x_wconf 70' lang='lat' dir='ltr'><strong>firmamenti,</strong></span> <span class='ocrx_word' id='word_1_816' title='bbox 1223 5093 1250 5139; x_wconf 88' lang='lat' dir='ltr'><strong>et</strong></span> <span class='ocrx_word' id='word_1_817' title='bbox 1270 5085 1321 5154; x_wconf 76' lang='lat' dir='ltr'><strong>qui</strong></span> <span class='ocrx_word' id='word_1_818' title='bbox 1338 5084 1536 5152; x_wconf 86' lang='lat' dir='ltr'><strong>adjustitiam</strong></span> <span class='ocrx_word' id='word_1_819' title='bbox 1555 5081 1721 5136; x_wconf 85' lang='lat' dir='ltr'><strong>erudierunt</strong></span> <span class='ocrx_word' id='word_1_820' title='bbox 1740 5083 1852 5152; x_wconf 87' lang='lat' dir='ltr'><strong>multos,</strong></span> 
     </span>
     <span class='ocr_line' id='line_1_57' title="bbox 153 5166 1855 5242; baseline -0.003 -15"><span class='ocrx_word' id='word_1_821' title='bbox 153 5171 285 5228; x_wconf 85' lang='lat' dir='ltr'><strong>additam.</strong></span> <span class='ocrx_word' id='word_1_822' title='bbox 304 5189 331 5242; x_wconf 87' lang='lat' dir='ltr'><strong>q.</strong></span> <span class='ocrx_word' id='word_1_823' title='bbox 349 5176 391 5228; x_wconf 85' lang='grc'><strong>82.</strong></span> <span class='ocrx_word' id='word_1_824' title='bbox 411 5177 462 5226; x_wconf 81' lang='lat' dir='ltr'><strong>art</strong></span> <span class='ocrx_word' id='word_1_825' title='bbox 484 5177 512 5226; x_wconf 82' lang='lat'><strong>1:</strong></span> <span class='ocrx_word' id='word_1_826' title='bbox 550 5170 648 5223; x_wconf 83' lang='lat' dir='ltr'><strong>Omnis</strong></span> <span class='ocrx_word' id='word_1_827' title='bbox 666 5171 764 5238; x_wconf 85' lang='lat' dir='ltr'><strong>passio</strong></span> <span class='ocrx_word' id='word_1_828' title='bbox 783 5172 815 5234; x_wconf 76' lang='lat' dir='ltr'><strong>fit</strong></span> <span class='ocrx_word' id='word_1_829' title='bbox 830 5187 886 5239; x_wconf 88' lang='lat' dir='ltr'><strong>per</strong></span> <span class='ocrx_word' id='word_1_830' title='bbox 905 5172 991 5225; x_wconf 87' lang='lat' dir='ltr'><strong>m&#39;cto-</strong></span> <span class='ocrx_word' id='word_1_831' title='bbox 1017 5173 1090 5227; x_wconf 86' lang='lat' dir='ltr'><strong>sicut</strong></span> <span class='ocrx_word' id='word_1_832' title='bbox 1102 5171 1200 5226; x_wconf 73' lang='lat' dir='ltr'><strong>sullae</strong></span> <span class='ocrx_word' id='word_1_833' title='bbox 1217 5172 1248 5225; x_wconf 86' lang='lat' dir='ltr'><strong>in</strong></span> <span class='ocrx_word' id='word_1_834' title='bbox 1267 5171 1391 5224; x_wconf 81' lang='lat' dir='ltr'><strong>samolum</strong></span> <span class='ocrx_word' id='word_1_835' title='bbox 1408 5174 1435 5222; x_wconf 89' lang='lat' dir='ltr'><strong>et</strong></span> <span class='ocrx_word' id='word_1_836' title='bbox 1456 5168 1486 5221; x_wconf 89' lang='lat' dir='ltr'><strong>in</strong></span> <span class='ocrx_word' id='word_1_837' title='bbox 1504 5175 1657 5222; x_wconf 71' lang='lat' dir='ltr'><strong>amenum.</strong></span> <span class='ocrx_word' id='word_1_838' title='bbox 1692 5166 1855 5238; x_wconf 66' lang='lat' dir='ltr'><strong>Matthia,</strong></span> 
     </span>
     <span class='ocr_line' id='line_1_58' title="bbox 154 5253 1855 5326; baseline -0.002 -14"><span class='ocrx_word' id='word_1_839' title='bbox 154 5258 231 5312; x_wconf 68' lang='lat' dir='ltr'><strong>mam</strong></span> <span class='ocrx_word' id='word_1_840' title='bbox 250 5257 360 5326; x_wconf 75' lang='lat' dir='ltr'><strong>coeatis</strong></span> <span class='ocrx_word' id='word_1_841' title='bbox 376 5256 602 5324; x_wconf 86' lang='lat' dir='ltr'><strong>superpatiens.</strong></span> <span class='ocrx_word' id='word_1_842' title='bbox 639 5254 817 5324; x_wconf 82' lang='lat' dir='ltr'><strong>Impossibile</strong></span> <span class='ocrx_word' id='word_1_843' title='bbox 835 5263 876 5310; x_wconf 87' lang='lat' dir='ltr'><strong>est</strong></span> <span class='ocrx_word' id='word_1_844' title='bbox 891 5264 992 5326; x_wconf 72' lang='lat' dir='ltr'><strong>auum,</strong></span> <span class='ocrx_word' id='word_1_845' title='bbox 1018 5276 1044 5314; x_wconf 85' lang='lat' dir='ltr'><strong>v.</strong></span> <span class='ocrx_word' id='word_1_846' title='bbox 1062 5263 1109 5314; x_wconf 78' lang='lat'><strong>43:</strong></span> <span class='ocrx_word' id='word_1_847' title='bbox 1136 5259 1214 5312; x_wconf 77' lang='lat' dir='ltr'><strong>tunc</strong></span> <span class='ocrx_word' id='word_1_848' title='bbox 1220 5257 1297 5326; x_wconf 77' lang='lat' dir='ltr'><strong>justi</strong></span> <span class='ocrx_word' id='word_1_849' title='bbox 1307 5255 1456 5326; x_wconf 74' lang='lat' dir='ltr'><strong>tulpebunt</strong></span> <span class='ocrx_word' id='word_1_850' title='bbox 1470 5255 1542 5307; x_wconf 78' lang='lat' dir='ltr'><strong>sicstt</strong></span> <span class='ocrx_word' id='word_1_851' title='bbox 1554 5253 1598 5308; x_wconf 89' lang='lat' dir='ltr'><strong>sol</strong></span> <span class='ocrx_word' id='word_1_852' title='bbox 1618 5254 1650 5306; x_wconf 90' lang='lat' dir='ltr'><strong>in</strong></span> <span class='ocrx_word' id='word_1_853' title='bbox 1661 5270 1748 5323; x_wconf 78' lang='lat' dir='ltr'><strong>repno</strong></span> <span class='ocrx_word' id='word_1_854' title='bbox 1757 5256 1855 5324; x_wconf 85' lang='lat' dir='ltr'><strong>patrie</strong></span> 
     </span>
     <span class='ocr_line' id='line_1_59' title="bbox 156 5337 1856 5414; baseline -0.002 -16"><span class='ocrx_word' id='word_1_855' title='bbox 156 5345 233 5414; x_wconf 72' lang='lat' dir='ltr'><strong>quood</strong></span> <span class='ocrx_word' id='word_1_856' title='bbox 251 5342 366 5411; x_wconf 76' lang='lat' dir='ltr'><strong>aliquid</strong></span> <span class='ocrx_word' id='word_1_857' title='bbox 376 5343 634 5409; x_wconf 83' lang='lat' dir='ltr'><strong>dominetursuper</strong></span> <span class='ocrx_word' id='word_1_858' title='bbox 644 5342 767 5409; x_wconf 87' lang='lat' dir='ltr'><strong>patiens,</strong></span> <span class='ocrx_word' id='word_1_859' title='bbox 786 5342 845 5395; x_wconf 86' lang='lat' dir='ltr'><strong>nisi</strong></span> <span class='ocrx_word' id='word_1_860' title='bbox 856 5342 887 5396; x_wconf 89' lang='lat' dir='ltr'><strong>in</strong></span> <span class='ocrx_word' id='word_1_861' title='bbox 904 5360 992 5412; x_wconf 78' lang='lat' dir='ltr'><strong>quun-</strong></span> <span class='ocrx_word' id='word_1_862' title='bbox 1019 5344 1080 5398; x_wconf 88' lang='lat' dir='ltr'><strong>mei.</strong></span> <span class='ocrx_word' id='word_1_863' title='bbox 1115 5339 1193 5400; x_wconf 87' lang='lat' dir='ltr'><strong>Rom.</strong></span> <span class='ocrx_word' id='word_1_864' title='bbox 1209 5348 1234 5412; x_wconf 82' lang='grc'><strong>8,</strong></span> <span class='ocrx_word' id='word_1_865' title='bbox 1253 5359 1280 5396; x_wconf 85' lang='lat' dir='ltr'><strong>v.</strong></span> <span class='ocrx_word' id='word_1_866' title='bbox 1300 5346 1344 5398; x_wconf 84' lang='lat' dir='ltr'><strong>te:</strong></span> <span class='ocrx_word' id='word_1_867' title='bbox 1363 5341 1519 5394; x_wconf 88' lang='lat' dir='ltr'><strong>Passiones</strong></span> <span class='ocrx_word' id='word_1_868' title='bbox 1539 5339 1624 5408; x_wconf 76' lang='lat' dir='ltr'><strong>buius</strong></span> <span class='ocrx_word' id='word_1_869' title='bbox 1644 5341 1779 5408; x_wconf 85' lang='lat' dir='ltr'><strong>temporis</strong></span> <span class='ocrx_word' id='word_1_870' title='bbox 1798 5337 1856 5395; x_wconf 81' lang='lat' dir='ltr'><strong>noa</strong></span> 
     </span>
     <span class='ocr_line' id='line_1_60' title="bbox 155 5422 1856 5497; baseline -0.003 -12"><span class='ocrx_word' id='word_1_871' title='bbox 155 5437 213 5485; x_wconf 73' lang='lat' dir='ltr'><strong>mm</strong></span> <span class='ocrx_word' id='word_1_872' title='bbox 232 5428 397 5484; x_wconf 85' lang='lat' dir='ltr'><strong>debilitatur</strong></span> <span class='ocrx_word' id='word_1_873' title='bbox 424 5427 578 5488; x_wconf 76' lang='lat' dir='ltr'><strong>domimum</strong></span> <span class='ocrx_word' id='word_1_874' title='bbox 607 5427 720 5491; x_wconf 82' lang='lat' dir='ltr'><strong>formae</strong></span> <span class='ocrx_word' id='word_1_875' title='bbox 744 5429 884 5497; x_wconf 85' lang='lat' dir='ltr'><strong>propriae</strong></span> <span class='ocrx_word' id='word_1_876' title='bbox 906 5446 992 5497; x_wconf 89' lang='lat' dir='ltr'><strong>super</strong></span> <span class='ocrx_word' id='word_1_877' title='bbox 1017 5437 1081 5483; x_wconf 85' lang='lat' dir='ltr'><strong>sunt</strong></span> <span class='ocrx_word' id='word_1_878' title='bbox 1101 5429 1205 5496; x_wconf 72' lang='lat' dir='ltr'><strong>dionae</strong></span> <span class='ocrx_word' id='word_1_879' title='bbox 1222 5429 1264 5483; x_wconf 84' lang='lat' dir='ltr'><strong>ad</strong></span> <span class='ocrx_word' id='word_1_880' title='bbox 1279 5428 1412 5493; x_wconf 65' lang='lat' dir='ltr'><strong>suarum</strong></span> <span class='ocrx_word' id='word_1_881' title='bbox 1430 5422 1523 5490; x_wconf 75' lang='grc' dir='ltr'><strong>δόξαν.</strong></span> <span class='ocrx_word' id='word_1_882' title='bbox 1540 5443 1566 5479; x_wconf 84' lang='lat' dir='ltr'><strong>v.</strong></span> <span class='ocrx_word' id='word_1_883' title='bbox 1588 5430 1630 5481; x_wconf 91' lang='grc'><strong>21.</strong></span> <span class='ocrx_word' id='word_1_884' title='bbox 1647 5424 1678 5478; x_wconf 88' lang='lat' dir='ltr'><strong>in</strong></span> <span class='ocrx_word' id='word_1_885' title='bbox 1696 5424 1856 5480; x_wconf 85' lang='lat' dir='ltr'><strong>libertatem</strong></span> 
     </span>
     <span class='ocr_line' id='line_1_61' title="bbox 153 5508 1856 5586; baseline -0.004 -13"><span class='ocrx_word' id='word_1_886' title='bbox 153 5516 303 5573; x_wconf 60' lang='lat' dir='ltr'><strong>mam</strong></span> <span class='ocrx_word' id='word_1_887' title='bbox 331 5515 476 5582; x_wconf 86' lang='lat' dir='ltr'><strong>patientis.</strong></span> <span class='ocrx_word' id='word_1_888' title='bbox 529 5508 638 5582; x_wconf 77' lang='lat' dir='ltr'><strong>Corpus</strong></span> <span class='ocrx_word' id='word_1_889' title='bbox 662 5521 756 5569; x_wconf 73' lang='lat' dir='ltr'><strong>ouum</strong></span> <span class='ocrx_word' id='word_1_890' title='bbox 782 5515 933 5568; x_wconf 78' lang='lat' dir='ltr'><strong>bwnonum</strong></span> <span class='ocrx_word' id='word_1_891' title='bbox 959 5522 988 5569; x_wconf 90' lang='lat' dir='ltr'><strong>et</strong></span> <span class='ocrx_word' id='word_1_892' title='bbox 1017 5515 1130 5586; x_wconf 78' lang='lat' dir='ltr'><strong>plurios</strong></span> <span class='ocrx_word' id='word_1_893' title='bbox 1145 5514 1272 5578; x_wconf 74' lang='lat' dir='ltr'><strong>filiorum</strong></span> <span class='ocrx_word' id='word_1_894' title='bbox 1290 5513 1356 5568; x_wconf 86' lang='lat' dir='ltr'><strong>Dei.</strong></span> <span class='ocrx_word' id='word_1_895' title='bbox 1395 5518 1419 5568; x_wconf 85' lang='lat'><strong>1.</strong></span> <span class='ocrx_word' id='word_1_896' title='bbox 1436 5511 1497 5566; x_wconf 86' lang='lat' dir='ltr'><strong>Cor.</strong></span> <span class='ocrx_word' id='word_1_897' title='bbox 1518 5518 1558 5580; x_wconf 85' lang='lat' dir='ltr'><strong>lb,</strong></span> <span class='ocrx_word' id='word_1_898' title='bbox 1579 5529 1604 5566; x_wconf 84' lang='lat' dir='ltr'><strong>v.</strong></span> <span class='ocrx_word' id='word_1_899' title='bbox 1625 5515 1673 5568; x_wconf 80' lang='lat' dir='ltr'><strong>st:</strong></span> <span class='ocrx_word' id='word_1_900' title='bbox 1700 5511 1772 5566; x_wconf 75' lang='lat' dir='ltr'><strong>Ata</strong></span> <span class='ocrx_word' id='word_1_901' title='bbox 1795 5510 1856 5566; x_wconf 88' lang='lat' dir='ltr'><strong>cla·</strong></span> 
     </span>
     <span class='ocr_line' id='line_1_62' title="bbox 207 5598 1635 5655; baseline -0.001 0"><span class='ocrx_word' id='word_1_902' title='bbox 207 5609 373 5655; x_wconf 64' lang='lat' dir='ltr'><strong>minutos.</strong></span> <span class='ocrx_word' id='word_1_903' title='bbox 397 5608 433 5651; x_wconf 77' lang='grc' dir='ltr'><strong>ιι.</strong></span> <span class='ocrx_word' id='word_1_904' title='bbox 1599 5598 1635 5654; x_wconf 81' lang='grc'><strong>24</strong></span> 
     </span>
    </p>
   </div>
   <div class='ocr_carea' id='block_1_3' title="bbox 0 0 2031 6004">
    <p class='ocr_par' dir='ltr' id='par_1_3' title="bbox 0 0 2031 6004">
     <span class='ocr_line' id='line_1_63' title="bbox 0 0 2031 6004; baseline 0 0"><span class='ocrx_word' id='word_1_905' title='bbox 0 0 2031 6004; x_wconf 95' lang='lat' dir='ltr'><strong> </strong></span> 
     </span>
    </p>
   </div>
  </div>
 </body>
</html>
