4050 6014
602 195 655 250 Du
672 193 842 252 memo
860 193 933 253 SEU
950 192 1083 251 MORTE
1099 192 1290 251 muneret.
1731 203 1792 261 239

89 351 187 421 potira
213 351 362 420 appellata
390 367 476 419 quam
507 350 574 405 rita.
608 349 658 404 lib.
683 351 770 422 eJ‘und
797 367 859 420 cup.
892 355 931 406 11.
959 348 1000 402 vit
1012 347 1231 416 dirnrajurtitia
1237 347 1393 418 peccatori.
1412 346 1566 418 Gregoriue
1576 348 1595 403 l.
1607 352 1792 406 &mone-39:

91 435 246 491 circuilu:
272 437 406 490 Secunda
422 455 498 492 more
515 446 556 492 eet
573 438 695 493 omniurn
712 439 853 491 malorum
866 452 931 504 pee-
958 434 1007 487 itt
1025 433 1136 488 mirerie
1155 451 1232 487 more
1247 435 1308 487 eine
1325 442 1429 498 morte,
1452 434 1521 503 quia
1540 452 1616 488 more
1633 435 1749 503 perimit
1768 444 1793 488 et

90 525 179 592 eima,
204 541 276 593 qnae
296 542 352 578 non
369 525 401 588 tit
418 526 596 597 soporatione
611 526 723 578 animae
741 533 767 578 et
790 523 930 592 corporie,
958 538 1014 574 non
1034 521 1191 588 enetinpuit.
1230 519 1399 591 Smnrngdue
1418 520 1454 574 ed
1476 538 1499 575 e.
1519 527 1543 576 t.
1563 537 1621 591 reg.
1643 537 1676 575 ex
1695 521 1792 591 l'roep.

90 611 145 662 red
156 610 187 662 in
198 618 341 663 aeternam
359 625 482 678 poenam
501 613 597 679 potine
611 612 758 679 utrimque
774 609 928 678 complexu.
958 605 975 658 l.
995 611 1019 661 3.
1038 606 1072 660 de
1089 605 1137 660 vit.
1158 605 1306 675 contempl.
1324 621 1349 660 c.
1368 610 1413 661 12:
1435 607 1537 659 Omnes
1554 606 1604 675 qui
1622 607 1652 660 in
1665 608 1793 676 pedenna

92 695 141 748 Ibi
159 713 215 749 non
230 703 312 749 erunt
324 696 448 750 bominee
460 704 526 749 ante
547 704 663 750 mortem
676 703 761 765 atqrm
778 703 845 764 port
858 711 931 747 mor-
957 692 1090 746 diertmm
1107 693 1214 758 occidi,
1237 709 1294 746 non
1311 692 1363 746 boc
1382 709 1443 745 curn
1461 693 1523 746 illie
1543 694 1651 761 upitrrr,
1678 701 1709 746 ut
1728 711 1792 747 eon·

91 787 155 846 un,
175 783 227 834 red
244 798 353 851 temper
372 782 402 834 in
421 790 517 846 morte,
537 799 571 834 ac
587 797 641 850 per
657 781 711 834 hoe
728 799 872 850 nunquam
892 780 930 833 ui·
956 780 1041 832 eumti
1058 779 1205 833 coloritus
1222 779 1380 847 aliquando
1400 779 1541 848 deficiant,
1561 781 1660 833 redut
1682 781 1712 832 in
1731 780 1793 834 etto

90 873 198 935 rentes,
223 885 367 937 nouercam
392 869 509 937 mortui,
535 870 586 921 red
612 868 673 920 eine
698 868 752 930 tine
775 867 931 920 morientee.
952 865 1115 934 poenaliter
1147 866 1249 919 oioant.
1283 863 1405 934 Algerue
1427 862 1445 916 l.
1470 869 1495 918 2.
1519 864 1556 918 de
1579 864 1688 920 eueher.
1715 881 1739 921 c.
1763 873 1792 920 5:

91 954 245 1022 Nunquam
265 955 338 1006 enirn
356 954 410 1007 erit
427 954 535 1007 bomini
553 955 639 1024 pejue
663 955 693 1007 in
716 961 818 1021 morte,
846 970 931 1021 queam
958 952 1036 1004 Mali
1057 953 1141 1005 etiam
1167 951 1197 1004 in
1221 966 1339 1019 corpore
1363 949 1451 1004 uitam
1477 958 1621 1004 aeternam
1646 952 1792 1021 habebunt,

91 1039 140 1090 ubi
157 1040 211 1091 erit
230 1056 306 1092 more
325 1040 390 1107 ipra
408 1041 468 1092 eine
488 1046 587 1095 morte.
622 1039 669 1096 lib.
692 1045 732 1096 tt.
756 1039 792 1094 de
807 1039 858 1093 eir.
877 1037 931 1093 Dei
957 1053 1040 1105 queem
1058 1044 1151 1090 tomen
1169 1037 1260 1105 mopio
1281 1044 1394 1089 mortem
1413 1036 1542 1100 dicernit,
1564 1038 1633 1104 quia
1652 1039 1725 1106 Deo,
1743 1040 1793 1109 qui

92 1141 117 1179 c.
135 1129 183 1180 2⁸:
216 1126 339 1178 Mireria
366 1127 565 1180 damnatorum
590 1126 774 1194 sempiterna,
797 1126 864 1178 iuteo
890 1141 931 1179 ee·
956 1140 1020 1177 uere
1038 1124 1096 1176 nita
1115 1131 1170 1190 ert,
1197 1140 1253 1175 non
1273 1122 1439 1190 placebunt,
1467 1130 1493 1175 et
1520 1123 1584 1176 ideo
1608 1125 1667 1178 eine
1693 1126 1791 1178 diuino

91 1214 188 1264 cunda
204 1228 281 1264 more
300 1211 419 1279 dicitur,
443 1212 512 1280 quia
530 1227 579 1264 nec
598 1211 695 1264 anima
717 1211 758 1263 ibi
776 1211 868 1264 rivere
887 1209 929 1264 di·
956 1210 1052 1276 pratia
1069 1210 1174 1262 mirera
1192 1209 1245 1262 erit
1263 1209 1424 1272 aeternitas,
1450 1209 1517 1276 ontio
1535 1217 1651 1263 aeterno
1668 1211 1790 1267 miceria.

91 1299 185 1350 condo
200 1304 257 1365 ert,
276 1313 348 1366 qnae
368 1315 386 1350 α
406 1298 466 1350 rito
485 1297 544 1350 Dei
563 1297 690 1350 alienata
710 1296 765 1349 erit
772 1316 784 1360 ;
800 1313 850 1349 nee
869 1312 930 1349 cor·
957 1293 1134 1349 Bcrnherdue
1153 1295 1181 1348 in
1201 1295 1270 1348 med.
1284 1294 1381 1348 deret.
1403 1312 1425 1348 c.
1445 1298 1469 1349 3.
1488 1294 1540 1348 col.
1563 1301 1643 1352 1193:
1665 1299 1733 1351 Brit
1752 1299 1793 1351 ilu'

87 1400 160 1453 pue,
187 1384 265 1453 qnod
282 1385 405 1436 aeterne}
422 1384 594 1437 cruciatibru
611 1383 776 1452 rnbjaeebit.
813 1383 858 1435 Ac
874 1399 931 1450 per
957 1399 1031 1434 more
1048 1382 1159 1434 animae
1177 1389 1204 1434 et
1223 1382 1366 1448 corporee,
1390 1381 1431 1432 eie
1451 1388 1546 1434 tamen
1567 1383 1734 1448 morientur,
1761 1393 1790 1437 ut

90 1469 143 1522 boe
162 1470 228 1522 ideo
246 1471 348 1523 durior
367 1470 425 1522 ieta
442 1471 566 1524 eearnda
586 1485 663 1522 more
680 1469 740 1536 erit,
767 1469 837 1536 quea
852 1468 933 1533 finiri
957 1483 1065 1536 temper
1091 1469 1200 1531 mount,
1228 1467 1269 1519 eie
1295 1467 1398 1533 uiuent,
1430 1474 1461 1519 ut
1488 1483 1599 1536 semper
1624 1471 1789 1524 moriantur.

90 1564 178 1609 morte
205 1573 261 1609 non
285 1556 392 1625 poterit
419 1560 470 1610 etc.
511 1554 594 1617 Quod
627 1555 731 1608 betium
758 1554 875 1622 praeiret
904 1561 931 1606 et
957 1551 1048 1607 Idem:
1082 1552 1145 1607 Vite
1163 1554 1216 1606 erit
1237 1553 1389 1619 mortifera
1407 1558 1433 1604 et
1450 1570 1526 1604 more
1543 1553 1719 1610 immortetie.
1757 1558 1792 1612 Si

46 1662 77 1704 ns,
90 1642 218 1694 amarint
238 1640 361 1708 copitari
371 1647 475 1709 poteet,
503 1657 586 1709 paam
603 1640 653 1692 ubi
668 1640 799 1693 voluntat
815 1640 858 1691 eic
876 1639 927 1692 ad·
957 1638 1015 1690 uita
1035 1655 1073 1706 ee,
1091 1656 1141 1691 eur
1161 1638 1290 1691 accidie!
1309 1638 1336 1688 n·
1353 1653 1437 1704 more,
1454 1641 1593 1706 quornodo
1610 1657 1720 1710 temper
1739 1645 1789 1695 ‹iro-

92 1742 175 1780 oereu
200 1735 241 1780 ert
263 1727 394 1795 parrioni
417 1735 444 1780 et
465 1727 566 1796 patrio
590 1726 740 1790 voluntati,
769 1733 800 1778 ut
824 1724 932 1778 nulline
956 1725 1026 1776 raet
1060 1723 1137 1777 Idem
1163 1723 1198 1776 ed
1222 1722 1329 1793 Eugen.
1357 1739 1472 1793 papum:
1507 1724 1624 1792 Uoprtn,
1656 1736 1789 1796 potamum

93 1829 190 1866 earum
212 1813 333 1865 victorio
358 1813 431 1867 tuter
454 1811 620 1865 inimicitiae
645 1812 797 1876 finianum,
827 1819 854 1863 et
883 1810 932 1862 nbi
957 1811 1062 1864 matum
1080 1811 1116 1862 rit
1133 1809 1208 1861 mori
1222 1809 1297 1862 oitue
1314 1817 1461 1877 aeternae,
1477 1810 1570 1864 rivere
1588 1815 1674 1866 morti
1690 1817 1791 1883 tempi-

92 1899 134 1951 eie
150 1899 276 1966 conflipit
293 1916 356 1951 cum
370 1900 435 1968 ipea
458 1907 565 1952 natura
590 1899 720 1968 corporir
742 1899 785 1951 rie
809 1897 927 1964 dolorr'e,
955 1905 1061 1951 ternae.
1087 1895 1200 1949 Meuuel
1216 1894 1404 1966 Peleeologun
1421 1901 1490 1951 erut.
1512 1903 1542 1952 6:
1562 1899 1602 1952 Ar
1619 1899 1669 1952 abi
1686 1901 1790 1954 trictio-

93 1991 124 2036 nt
141 1991 271 2037 neutrum
289 1983 378 2037 atteri
394 1986 499 2038 cedat!
534 1985 591 2037 Hic
614 1986 686 2037 enim
718 1985 833 2052 quando
862 1999 929 2035 con·
957 1984 1056 2036 rimam
1076 1983 1157 2036 idom
1176 1990 1291 2036 mortem
1309 1984 1463 2050 appetierit
1482 1984 1607 2053 animm,
1629 1987 1712 2041 etiam
1729 2006 1791 2042 cor-

93 2071 177 2138 tinpit
203 2070 255 2123 iete
281 2071 442 2138 conflictue,
469 2078 519 2124 ant
546 2071 630 2125 dolor
656 2071 742 2124 vincit
767 2077 794 2124 et
819 2086 928 2122 eeneum
951 2086 1014 2138 pue
1032 2069 1125 2137 iprum
1145 2076 1212 2137 poet
1235 2069 1469 2121 resurrectionem
1495 2070 1579 2138 prem
1603 2081 1741 2127 mor-tumn
1764 2083 1790 2126 et

93 2173 169 2208 more
188 2156 304 2223 adimit,
330 2164 380 2208 aut
398 2165 505 2210 natura
517 2159 684 2225 perdurant
701 2157 788 2209 uincit
807 2164 833 2207 et
851 2156 930 2209 doio·
956 2155 1087 2208 mirorum
1105 2155 1197 2208 modio
1217 2154 1344 2207 omnibue
1362 2155 1422 2207 erit.
1459 2156 1535 2208 Num
1554 2174 1609 2224 quo
1633 2167 1719 2227 pacto
1745 2178 1790 2212 ree

94 2256 153 2294 rem
167 2242 275 2294 nonime
294 2241 389 2305 tottin-
416 2242 457 2294 ibi
475 2251 567 2296 antem
582 2253 608 2296 et
628 2244 713 2297 dolor
724 2249 881 2312 peroranti,
900 2249 930 2293 ut
956 2240 1042 2295 aliter
1059 2257 1089 2295 ee
1108 2240 1327 2309 interemerit,
1348 2257 1409 2294 etun
1429 2241 1469 2307 iu,
1487 2244 1565 2309 quod
1582 2243 1674 2312 iprum
1687 2263 1790 2314 corpur

93 2327 217 2396 afflipat,
237 2335 264 2380 et
280 2334 385 2380 natura
401 2330 550 2397 perdurat,
569 2337 598 2381 ut
616 2328 726 2396 rentiat,
744 2330 929 2396 ptiarttrum-
954 2328 1087 2394 vivificat,
1106 2345 1201 2381 ueram
1220 2328 1315 2393 uitam,
1335 2327 1386 2394 qni
1398 2327 1478 2380 Deae
1498 2336 1547 2396 eet,
1567 2319 1718 2384 amieerit!
1746 2331 1788 2384 Ex

94 2429 147 2483 que
164 2415 230 2466 ideo
248 2431 304 2466 non
321 2414 424 2483 defient,
440 2429 476 2466 ne
496 2430 590 2482 poena
609 2416 729 2482 deficiat.
767 2411 814 2468 lib.
833 2419 875 2469 21.
893 2413 929 2467 de
956 2411 1058 2483 quibus
1077 2412 1161 2467 fenile
1179 2411 1298 2482 intelligi
1315 2416 1416 2481 potent,
1436 2412 1504 2481 quid
1519 2415 1741 2484 respondendum
1754 2417 1790 2472 eit

93 2500 145 2553 cir.
166 2498 218 2553 Dei
245 2516 307 2571 cup.
327 2506 355 2554 3:
387 2502 453 2554 Non
480 2501 552 2554 enim
572 2502 654 2554 nullo
682 2503 734 2555 red
760 2500 929 2570 sempiterno
955 2499 991 2553 ud
1009 2499 1208 2569 quaestionem,
1234 2498 1371 2569 quomodo
1388 2502 1479 2552 statur
1497 2499 1692 2555 damnatorum
1714 2503 1788 2557 dice·

94 2603 169 2639 more
186 2587 254 2654 erit,
280 2589 394 2656 pondo
413 2603 463 2640 nee
480 2588 573 2641 vivere
592 2588 689 2641 anima
711 2589 817 2656 poterit
835 2589 929 2640 Deum
954 2590 1000 2639 tur
1019 2602 1101 2649 mors,
1121 2602 1183 2639 cum
1202 2590 1318 2639 mortem
1338 2583 1467 2637 dicentur
1483 2591 1580 2654 optere
1601 2594 1629 2639 ct
1646 2605 1789 2658 quaerere,

93 2689 150 2725 non
168 2673 311 2738 babendo,
344 2689 394 2726 nec
412 2673 561 2727 doloritur
577 2675 705 2743 eorporis
724 2690 823 2727 curere
842 2675 927 2727 mori-
955 2672 1041 2741 Apoc.
1060 2678 1085 2737 9,
1106 2689 1130 2724 v.
1150 2676 1173 2725 6.
1200 2670 1388 2725 communiter
1408 2671 1586 2740 inepondent,
1607 2690 1655 2742 per
1672 2683 1787 2730 mortem

79 2761 174 2813 endo.
199 2759 300 2812 Prima
319 2777 396 2812 more
413 2761 537 2813 animam
555 2761 693 2814 nolentem
709 2761 795 2829 pellit
816 2762 853 2814 de
865 2779 927 2814 cor·
954 2758 1000 2812 bic
1019 2757 1137 2828 intelligi
1154 2755 1344 2831 ἆνυπαρξίαν,
1369 2756 1454 2812 nteit
1472 2773 1582 2825 eeueur,
1602 2760 1741 2828 optabunt
1760 2763 1788 2816 in
1802 2773 1845 2814 xx.
1864 2774 1908 2814 lou.

90 2863 168 2914 pore,
186 2847 312 2898 reconda
331 2863 404 2899 more
425 2846 549 2899 animam
565 2847 705 2900 nolentem
724 2855 797 2900 tenet
817 2848 847 2899 in
866 2864 928 2900 eor·
955 2845 1071 2900 nibilum
1090 2845 1188 2917 redigi,
1210 2851 1242 2899 ut
1258 2861 1276 2899 e
1294 2844 1463 2899 cruciatibus
1481 2844 1536 2900 illie
1550 2845 1707 2906 liberentur.
1733 2851 1787 2906 Sed

91 2947 168 2999 pore.
196 2932 241 2983 Ao
258 2939 378 2999 utroque
397 2940 487 2984 morte
506 2932 685 2985 oomnueniter
704 2933 737 2985 id
754 2933 880 2997 hebetum
898 2942 929 2986 at
955 2933 1021 3004 quin
1048 2932 1212 2988 vocabulum
1238 2933 1337 2986 martie
1367 2931 1494 3001 nuspiam
1514 2933 1543 2986 in
1565 2933 1708 3001 Scriptura
1738 2954 1787 3006 pro

94 3019 171 3086 quod
192 3035 249 3070 non
276 3017 336 3069 nult
366 3016 478 3083 animo,
505 3018 542 3071 de
569 3035 620 3070 erto
648 3035 768 3087 corpore
786 3019 926 3087 patietur.
954 3019 1112 3094 ἀνυπαρξίᾳ
1130 3018 1288 3073 omnimoda
1305 3023 1463 3089 usurpetur,
1483 3035 1547 3073 nem
1566 3036 1617 3074 nec
1637 3022 1787 3090 corporalia

95 3101 145 3155 Est
174 3107 202 3156 et
229 3101 282 3155 boc
303 3101 467 3173 Augustini:
500 3102 623 3155 Miseria
651 3105 849 3157 damnatorum
879 3122 928 3157 nec
955 3122 1006 3162 nec
1024 3104 1184 3176 spiritualis,
1202 3119 1253 3159 uec
1270 3103 1429 3174 temporalis
1449 3121 1500 3158 nec
1516 3111 1637 3173 aeterne,
1656 3123 1706 3161 nec
1726 3126 1786 3176 pro-

93 3189 161 3252 ritu,
176 3204 227 3242 nec
244 3205 320 3241 more
337 3196 386 3256 eet,
405 3189 473 3256 quia
491 3189 522 3240 in
541 3195 659 3257 utroque
680 3189 746 3242 boni
766 3191 880 3258 aliquid
887 3192 927 3243 in-
954 3193 1015 3263 prie
1034 3210 1085 3247 nec
1103 3191 1290 3261 metaphorice
1310 3190 1387 3245 dicte
1399 3208 1472 3244 more
1487 3199 1529 3246 eet
1542 3190 1707 3267 increpitu,
1725 3195 1788 3251 ideo

93 3275 219 3343 venitur,-
245 3275 276 3327 in
291 3276 350 3328 otta
366 3275 478 3344 reputer
497 3281 548 3341 eet,
566 3275 595 3327 in
615 3283 702 3328 morte
721 3276 862 3345 tomento,
877 3279 930 3330 red
954 3279 1056 3335 rectius
1076 3278 1192 3341 dicitur,
1217 3276 1375 3332 Jobuuuem
1394 3277 1469 3348 loqui
1487 3278 1523 3332 de
1542 3286 1630 3334 moute
1652 3282 1787 3350 corporali

94 3361 211 3413 micaria
237 3361 292 3415 iila
319 3378 376 3414 non
405 3361 486 3413 babet
514 3361 651 3429 requiem,
686 3378 738 3415 nec
771 3363 927 3418 terminum.
955 3366 984 3419 iu
1002 3381 1084 3420 eeueu
1102 3370 1269 3433 comparato.
1305 3362 1413 3419 Natura
1437 3379 1531 3418 omnen
1554 3364 1668 3435 fugiunt
1689 3373 1717 3420 et
1741 3384 1787 3420 ex-

97 3448 172 3510 Quid
190 3463 259 3516 erpo
285 3450 348 3500 eut.²
377 3447 483 3500 ndum
509 3447 582 3501 ritae
607 3455 633 3500 et
657 3448 764 3502 maliem
788 3448 928 3503 mortino
955 3453 1068 3506 horrent
1086 3455 1215 3515 mortem,
1236 3449 1285 3504 eed
1310 3449 1381 3504 tanti
1408 3457 1489 3503 eruut
1512 3449 1703 3505 damnatorum
1727 3469 1787 3506 cru-

95 3543 190 3588 morte.
228 3534 377 3589 (inurimur
395 3533 475 3586 tabet
497 3534 558 3586 eine
584 3536 654 3601 fine,
679 3553 699 3587 o
719 3536 778 3589 otta
801 3537 927 3590 duratio·
954 3538 1056 3601 cintus,
1084 3540 1116 3589 ut
1142 3542 1256 3591 mortem
1275 3551 1308 3588 ac
1329 3535 1483 3602 interitum,
1506 3551 1588 3605 quem
1607 3536 1676 3590 nlius
1696 3539 1789 3591 omnin

95 3637 156 3674 nem
174 3621 279 3692 occipit
303 3622 365 3674 eine
392 3619 498 3689 requie.
532 3619 667 3675 Pnulinuo
686 3620 721 3675 de
741 3620 819 3676 obitu
838 3621 926 3676 Celei:
954 3622 1077 3677 viventio
1100 3619 1227 3692 fugiunt,
1257 3638 1324 3690 pree
1347 3620 1538 3691 magnitudine
1558 3621 1683 3677 dolorum
1706 3640 1788 3696 exop-

954 3715 1021 3778 tent,
1039 3724 1091 3779 per
1109 3713 1225 3762 mortem
1241 3707 1314 3762 enim
1331 3704 1509 3776 temporalem
1538 3722 1637 3777 cerpus
1655 3723 1672 3762 n
1689 3709 1788 3766 dolori-

134 3793 199 3847 Vita
219 3793 273 3845 erit
290 3793 333 3845 lie
351 3792 411 3846 eine
424 3793 484 3860 fine
502 3792 578 3845 mori
595 3800 706 3846 etmore
719 3793 811 3846 oioere
820 3794 929 3861 poenit,
955 3795 1007 3850 bue
1026 3794 1139 3849 liberari
1157 3798 1266 3848 norunt.

165 3882 204 3933 Et
225 3881 345 3933 donante
361 3896 428 3931 enee
442 3894 562 3948 parcere
579 3894 665 3931 earne
684 3894 790 3934 erueen
991 3888 1033 3938 39.
1069 3888 1093 3937 4.
1115 3878 1286 3950 Indigitetur
1306 3878 1389 3932 etiam
1407 3878 1576 3933 miserrimus
1596 3880 1790 3935 damnatorum
1802 3900 1822 3940 t.
1835 3899 1901 3939 ouer.

131 3967 198 4036 Ipee
215 3984 279 4020 tuoe
293 3965 417 4034 proprio
432 3975 567 4034 peccator
584 3982 702 4034 corpore
720 3966 816 4034 pipnet
955 3974 1044 4025 stetim
1060 3967 1170 4021 nomine
1187 3971 1323 4039 κρίματος
1339 3969 1385 4018 καὶ
1402 3971 1530 4036 κρίσεως,
1553 3966 1667 4035 judieii,
1689 3967 1790 4022 Mettb.
1805 3953 1872 3991 ‘¹⁰¹⁰'

167 4053 324 4119 Gorne'fieee
343 4059 368 4104 et
386 4053 441 4105 erit
457 4052 594 4106 oermibne
611 4052 753 4106 menenio.
956 4061 998 4125 23,
1015 4071 1040 4111 r.
1063 4059 1102 4109 14.
1134 4051 1218 4107 Μαῖα.
1239 4056 1280 4116 tt,
1298 4067 1324 4105 v.
1342 4056 1385 4106 40.
1416 4051 1485 4107 Luc.
1505 4057 1547 4116 20,
1564 4070 1589 4106 v.
1610 4059 1650 4107 tr.
1680 4051 1745 4107 ton.
1767 4060 1791 4119 5,

939 4128 980 4229 lu.
998 4146 1040 4197 29.
1055 4139 1142 4195 Hebr.
1165 4143 1203 4207 10,
1224 4156 1249 4191 v.
1269 4142 1310 4192 27.
1330 4144 1465 4213 epipetron
1482 4143 1600 4193 alarino
1618 4138 1704 4191 Hebr.
1723 4144 1748 4202 6,
1765 4155 1789 4190 v.

94 4220 502 4280 Antelmu⁸llb0d0⁸imllllud.
520 4240 544 4279 0.
560 4227 606 4279 58:
627 4223 661 4276 δι’
677 4223 751 4276 malt
771 4223 835 4291 quit
854 4239 928 4277 nuuc
940 4232 943 4311 ἱ
954 4233 979 4283 2.
995 4227 1061 4281 item
1080 4231 1285 4298 κατακρίματος
1303 4229 1350 4278 καὶ
1369 4230 1563 4300 κατακρίσεως,
1580 4225 1789 4278 condemnatio·

92 4310 202 4377 vicerit,
223 4324 279 4361 non
294 4307 351 4360 nini
370 4309 517 4362 moriendo
534 4316 600 4362 tunc
618 4309 712 4362 oioere
728 4309 842 4376 poterit.
875 4310 926 4361 Ni·
940 4313 1007 4385 {nin
1027 4310 1124 4366 Mettb.
1148 4316 1188 4376 12,
1209 4328 1233 4361 v.
1250 4315 1292 4364 41.
1311 4308 1394 4363 Marc.
1418 4315 1456 4372 16,
1476 4326 1500 4363 r.
1523 4314 1561 4367 to.
1581 4308 1658 4361 Rom.
1678 4313 1702 4376 8,
1717 4326 1742 4362 ν.
1767 4315 1788 4364 1.

92 4396 135 4450 itit
152 4411 218 4462 erpo
237 4394 345 4446 breoiue
364 4393 419 4448 itia
435 4395 502 4459 rito,
528 4395 576 4448 cui
599 4412 675 4448 more
701 4410 810 4462 temper
832 4394 942 4462 fueriti
958 4403 978 4453 t.
998 4396 1060 4451 Cor.
1081 4402 1121 4463 lt,
1146 4413 1172 4452 v.
1194 4400 1235 4450 tt.
1264 4395 1324 4449 Jec.
1344 4400 1369 4462 b,
1392 4411 1417 4447 r.
1435 4400 1460 4450 9.
1481 4400 1532 4448 etc.
1562 4394 1651 4464 primo
1677 4395 1788 4464 quidem

86 4483 202 4551 puncta.
234 4480 401 4550 Fulgentius
423 4480 472 4538 lib.
491 4487 513 4536 1.
531 4480 567 4535 nd
585 4479 738 4535 Monimum
753 4497 776 4533 c.
798 4485 828 4534 6:
852 4481 928 4534 Huie
940 4462 942 4541 l
953 4486 1159 4557 μετωνυμαιώς,
1180 4482 1247 4551 quie
1264 4480 1292 4534 iu
1307 4481 1414 4551 judicio
1427 4487 1555 4545 extremo,
1574 4479 1649 4550 quod
1662 4481 1788 4536 Christus

92 4570 144 4624 uni
161 4567 260 4634 nrorti,
288 4584 373 4636 mam
387 4575 524 4636 peccator
542 4568 597 4621 riti
621 4583 673 4637 per
694 4573 859 4620 conuentum
885 4566 1086 4645 cti-,adversus
1113 4584 1160 4624 eon
1184 4567 1323 4633 instituet,
1355 4564 1563 4620 denuntiabitur
1581 4565 1648 4636 ipsis
1678 4574 1790 4622 aeterna

91 4657 175 4710 rinae
188 4653 329 4724 jueeionie
342 4654 446 4722 injuete
464 4653 686 4723 concupieeendo
703 4652 856 4714 arceeeieit,
876 4648 1105 4730 columnatio,
1124 4670 1179 4724 quo
1198 4669 1281 4707 eeueu
1297 4651 1350 4721 ipei
1370 4649 1421 4704 eoli
1440 4650 1570 4706 dicuntur
1587 4654 1682 4707 uenire
1695 4654 1725 4707 in
1738 4655 1789 4722 ju·

91 4741 173 4811 ptam
191 4742 272 4793 Duo
288 4747 403 4793 mortem
421 4741 501 4808 jone
521 4741 685 4809 judicando
709 4739 852 4805 retribuit,
876 4738 1059 4813 hoeldicium
1076 4738 1141 4796 ton.
1162 4745 1185 4806 5,
1205 4755 1228 4793 r.
1248 4742 1288 4793 tt.
1307 4744 1336 4791 et
1360 4738 1402 4790 od
1420 4737 1566 4806 judicium
1590 4756 1737 4807 retorpere
1762 4756 1788 4793 v.
1851 4772 1853 4777 -

93 4834 133 4882 ert
145 4825 271 4897 primam
292 4826 322 4878 in
340 4827 520 4894 reparatione
537 4826 651 4879 animae
673 4833 700 4878 et
724 4825 862 4893 emperie,
887 4830 995 4907 ire-129.
1023 4824 1123 4879 deinde
1137 4825 1220 4880 etium
1237 4827 1441 4897 μεταφορικῶς.
1467 4823 1706 4888 Quemadmodum
1716 4825 1789 4879 euim

93 4914 215 4966 mendam
233 4913 263 4965 in
280 4919 398 4964 aeterna
415 4912 588 4965 ereeciatione
605 4912 717 4965 animae
736 4919 763 4964 et
781 4912 928 4981 eorporis,-
940 4918 943 4957 ἔ
954 4913 982 4966 in
1003 4911 1056 4966 hnc
1070 4911 1128 4966 ritu
1147 4910 1318 4965 facinorosus
1335 4908 1372 4963 nd
1390 4910 1588 4980 suppliciume
1603 4911 1699 4980 judice
1713 4910 1787 4964 dnm-

94 5016 128 5054 ac
153 5015 206 5068 per
230 4999 283 5051 troc
304 4999 438 5070 primam,
466 5015 523 5066 quo
549 5000 709 5053 dieeedeute
737 4997 834 5051 anima
860 5016 928 5052 coro
954 5004 1049 5062 nutus,
1069 4997 1135 5068 quie
1152 4995 1221 5050 nibil
1239 4995 1317 5050 uliud
1336 5013 1420 5067 quum
1440 4996 1692 5065 praesentissimum
1718 5013 1788 5050 mor·

92 5087 157 5140 eota
174 5085 308 5153 moritur,
333 5087 485 5138 secundam
508 5102 592 5150 oero,
620 5088 735 5154 pundo
759 5085 873 5139 redient
899 5086 929 5140 in
954 5093 1011 5140 tem
1028 5084 1064 5139 ob
1082 5082 1177 5138 oculos
1194 5080 1248 5136 eibi
1267 5082 1438 5152 propositum
1459 5083 1544 5151 videt,
1563 5090 1711 5152 propterea
1730 5083 1789 5137 uni·

95 5187 209 5225 carnem
228 5171 325 5224 anima
355 5172 383 5224 in
408 5173 504 5225 eadem
528 5179 554 5224 et
579 5188 642 5224 crem
671 5172 783 5235 eadem,
813 5171 844 5224 in
873 5168 1000 5242 qnalmn
1015 5169 1097 5225 valde
1114 5168 1237 5240 ungitur,
1261 5168 1373 5224 horrore
1387 5169 1545 5224 concutitur
1564 5185 1598 5223 eo
1614 5174 1733 5224 tremore
1749 5175 1789 5224 to·

91 5260 229 5326 peccauit,
250 5265 506 5326 commonetur,
524 5266 555 5311 ut
572 5275 633 5310 eum
648 5257 1001 5326 praemonstravimus
1019 5255 1193 5328 percellitur;
1223 5254 1263 5308 nic
1281 5253 1357 5325 impii
1378 5253 1473 5307 ruditu
1492 5255 1664 5309 damnatoria
1681 5260 1789 5308 oenten-

94 5352 209 5398 mortem
223 5344 344 5413 peceati,
361 5345 439 5411 qnod
454 5345 510 5396 Dei
530 5343 640 5396 ionitae
654 5343 800 5396 interdiait
813 5343 928 5408 bomini,
941 5330 944 5347 ³
955 5343 996 5397 tie
1014 5342 1139 5397 horribili
1159 5347 1187 5397 et
1205 5339 1339 5395 ineffabili
1360 5356 1464 5411 engere
1489 5339 1652 5396 efficientur.
1688 5341 1789 5405 Quem·

95 5447 156 5485 cum
173 5431 239 5500 ipra
254 5431 434 5482 eommunicet
452 5438 567 5485 mortem
585 5429 728 5499 rapplieii,
750 5433 826 5498 quod
839 5446 928 5499 pora·
941 5424 944 5491 l
957 5429 1104 5484 ndmodum
1134 5428 1305 5483 facinorosus
1333 5428 1412 5482 morti
1438 5427 1637 5482 condemnatus
1660 5427 1788 5498 poblicue
