4050 6014
653 268 705 324 DE
723 266 890 327 menneo
909 266 981 326 SEU
998 261 1128 326 MORTE
1145 267 1335 325 AETERNA.
1792 273 1858 333 217

157 426 235 493 111111,
260 423 336 495 quod
355 424 447 477 serbis
465 424 549 494 hujus
567 426 653 479 seculi
673 432 701 479 et
715 441 734 479 e
751 425 831 480 clude
846 424 992 495 temporali
1020 422 1137 493 primum
1167 425 1228 479 illss
1256 424 1379 478 damnati
1404 423 1522 494 experiri
1549 429 1709 493 coeperunt.
1747 429 1772 479 3,
1800 422 1854 476 Ob-

158 512 252 582 petitis
269 511 298 565 in
318 511 404 564 sacris
416 509 503 564 litoris
520 511 642 565 describi
655 512 735 579 solet,
753 512 916 566 referuntur.
938 512 993 565 Per
1013 512 1119 578 jectum
1137 509 1218 565 101311
1232 512 1282 566 illa
1299 513 1384 564 3111101
1396 511 1634 580 rspiprseperats
1648 517 1697 563 cst.
1716 508 1855 579 Loquitur

157 597 241 652 Mosb
262 596 348 668 igitur
367 599 570 668 συνεκδοχικῶς
587 598 691 653 usitato
704 598 870 652 Hebraismo
890 599 992 652 intelli·
1019 597 1155 666 propheta
1169 601 1262 674 ῥητῶς,
1281 599 1309 651 in
1330 614 1413 652 sensu
1431 596 1539 665 literali,
1557 595 1716 664 specialiter
1734 598 1768 648 de
1788 611 1854 664 repe

156 692 260 756 guntur
276 699 371 738 omnes
390 682 522 736 ecclesiae
537 683 640 751 hostes,
657 685 731 738 sicut
749 683 833 738 Esari
854 693 882 738 et
899 685 992 754 Baby·
1020 685 1201 751 Assyriorum
1215 685 1395 750 Baltbuscrs,
1406 684 1507 754 insigni
1523 683 1655 737 ecclesiae
1669 688 1854 752 persecutore,

157 771 230 826 louis
255 769 366 824 no'mine
393 769 474 823 iidem
509 769 677 839 quandoque
712 769 901 840 designentur.
938 771 993 823 llic
1019 771 1067 822 sed
1085 778 1179 839 potest
1202 771 1286 823 etiem
1312 771 1517 841 συνεκδοχικῶς
1540 771 1570 822 in
1592 785 1692 835 uenere
1719 768 1854 838 applicari

156 873 224 928 ergo
247 853 333 911 blosb
352 857 403 908 sub
422 856 544 923 pedibus
564 856 630 921 Dei,
651 855 720 925 justi
745 856 849 925 judicis
876 873 909 911 sc
934 858 992 909 riu·
1018 857 1152 926 adroges
1171 856 1279 925 impios,
1299 857 1459 923 pracsertim
1478 855 1612 909 ecclesiae
1634 854 1728 908 hostes
1747 861 1775 908 et
1792 870 1853 923 por·

157 942 235 1010 dicis,
258 943 340 1011 cujus
365 957 462 994 manus
485 957 581 995 omnes
607 943 745 1010 lacrymas
764 944 800 995 sb
821 943 907 996 oculis
928 943 992 996 bee-
1019 951 1167 1000 secutores.
1186 942 1375 1015 ἀλληγορικῶς
1386 948 1432 996 καὶ
1447 946 1586 1016 μυστικῶς
1604 942 1748 995 transferri
1763 948 1855 1011 potest

155 1035 247 1084 torum
267 1027 416 1098 absterget,
443 1027 653 1080 conculcabitur
677 1046 711 1080 oc
737 1030 936 1082 comminuetur
961 1037 991 1081 ut
1019 1031 1059 1080 cd
1076 1028 1227 1095 diabolum,
1252 1031 1302 1096 qui
1321 1038 1361 1081 cst
1379 1046 1429 1080 res
1446 1044 1533 1096 super
1551 1028 1697 1081 univocos
1716 1028 1854 1088 111101111-

151 1117 251 1187 pulso,
270 1129 343 1184 ques
363 1112 415 1166 sub
434 1112 536 1168 ferrato
557 1120 691 1182 carpento
711 1113 739 1166 in
755 1114 868 1169 orientis
883 1114 991 1183 provin·
1017 1115 1134 1183 perdice
1150 1115 1214 1171 Job.
1231 1122 1271 1183 41,
1290 1134 1316 1169 1.
1330 1121 1371 1171 25.
1393 1114 1433 1168 illi
1450 1114 1524 1167 enim
1540 1113 1699 1182 cumprimis
1715 1114 1760 1167 hic
1781 1115 1855 1183 ipnis

156 1201 206 1255 ciis
224 1199 407 1254 minutissime
425 1199 535 1253 concidi
560 1216 593 1252 ec
617 1200 723 1254 conteri
746 1210 936 1269 consueverat,
962 1209 993 1255 ut
1015 1209 1140 1268 paroisse
1159 1201 1257 1255 Mattb.
1277 1208 1318 1269 25,
1338 1220 1364 1255 1.
1378 1207 1421 1256 41.
1441 1206 1464 1254 4.
1486 1202 1645 1254 Strucusro.
1672 1201 1854 1264 Profundum

156 1287 335 1341 animantium
368 1284 426 1340 esui
455 1292 529 1339 esset
552 1292 628 1354 apte,
653 1285 706 1340 hoc
734 1294 777 1340 cst
801 1287 878 1357 impii
906 1288 994 1342 instar
1019 1288 1097 1354 fecit,
1116 1288 1250 1340 dilatavit
1271 1306 1341 1355 cnm,
1365 1287 1418 1342 hoc
1436 1295 1478 1342 est
1494 1287 1571 1342 locus
1589 1286 1691 1340 inferni
1711 1286 1855 1356 capiendis

156 1374 252 1445 paleae
266 1372 302 1426 ab
317 1372 358 1425 ira
370 1371 464 1425 divina
476 1377 664 1436 conterentur,
676 1379 708 1426 ut
722 1373 778 1426 sint
793 1375 908 1427 materis
921 1374 993 1444 ignis
1020 1373 1147 1427 omnibus
1166 1374 1258 1443 impiis
1276 1373 1416 1428 sufficiens
1436 1380 1491 1443 est3
1512 1390 1545 1427 ex
1562 1372 1752 1443 profunditate
1771 1374 1853 1427 etiem

155 1457 390 1529 inexstinguibilis
417 1458 515 1512 Matth.
538 1463 562 1526 3,
585 1476 610 1511 v.
633 1464 671 1514 12.
690 1456 851 1512 Hebraeum
871 1461 991 1534 Πξῃᾞς
1020 1461 1081 1528 ans
1099 1457 1189 1527 caligo
1217 1459 1398 1528 significatur,
1426 1460 1492 1530 quis
1517 1458 1577 1514 locs
1600 1465 1690 1514 terrae
1716 1459 1857 1528 profunda

156 1547 308 1618 Pegninns,
326 1545 462 1602 Vsteblus
483 1551 511 1599 st
528 1545 576 1600 alii
596 1545 717 1600 reddunt
736 1562 793 1614 par
819 1548 940 1610 imnum
957 1567 992 1600 nc
1021 1550 1086 1598 sunt
1104 1544 1262 1611 caliginoso.
1298 1545 1395 1599 Potest
1414 1545 1528 1615 insuper
1548 1546 1675 1600 dilatetis
1695 1545 1795 1599 inferni
1814 1544 1856 1598 sic

155 1632 466 1704 sterquiliniumared.
477 1634 569 1705 ΝΥ),
579 1633 729 1698 silentium,
748 1633 815 1703 quis
826 1650 898 1705 quae
909 1633 992 1689 foede
1020 1630 1128 1700 exponi,
1157 1631 1231 1699 qnod
1255 1632 1407 1684 dilatatum
1425 1632 1525 1684 babeat
1550 1650 1679 1685 ossuum
1698 1632 1854 1700 0111139111-

156 1727 185 1774 et
199 1718 293 1788 turpis
313 1723 386 1781 sunt,
411 1734 469 1773 non
488 1718 674 1781 nominantur,
701 1720 749 1773 sed
775 1720 886 1775 silentio
904 1720 991 1775 invol—
1020 1719 1129 1771 ciendos
1148 1719 1298 1770 damnatos
1318 1717 1381 1771 Ese.
1401 1725 1424 1786 5,
1443 1736 1469 1772 1.
1493 1726 1532 1775 14.
1563 1727 1585 1773 5.
1604 1720 1741 1772 Materia.
1762 1717 1855 1774 Nutri-

156 1812 273 1874 vuntnr,
296 1804 337 1858 sic
360 1821 428 1876 ergo
451 1806 504 1859 erit
527 1822 634 1872 sensus,
656 1806 730 1860 sicut
756 1806 852 1876 paleae
875 1807 904 1860 in
924 1816 992 1862 ster·
1021 1810 1113 1857 menta
1129 1805 1190 1874 ejus
1209 1804 1282 1873 ignis
1310 1810 1338 1858 31
1361 1804 1439 1873 ligne
1464 1807 1559 1860 mults.
1596 1805 1658 1860 Hoc
1683 1805 1723 1873 pii
1749 1811 1856 1859 veteres

156 1891 301 1963 quilinium
319 1893 461 1961 projectae
480 1890 597 1960 pedibus
622 1893 828 1957 conculcentur,
853 1895 893 1949 sic
915 1894 992 1963 impii
1020 1896 1161 1961 exponunt
1180 1892 1215 1944 ds
1232 1892 1364 1959 peccatis.
1384 1891 1531 1946 Caesarius
1552 1892 1647 1946 homil.
1678 1898 1724 1947 38:
1751 1893 1855 1945 Pcccc·

156 1995 174 2032 a
192 1978 263 2032 facis
282 1977 336 2031 Dei
353 1977 381 2030 in
402 1976 545 2031 infernalis
565 1976 681 2032 foetoris
701 1979 795 2034 sordes
812 1980 915 2049 abjecti
935 1996 991 2035 om·
1020 1977 1228 2030 rorcssominss
1240 1987 1321 2030 srssm
1336 1978 1540 2045 lipnninfsrui.
1560 1976 1855 2047 ThomesdeKempis

155 2065 232 2119 nium
247 2063 401 2119 contemtui
415 2070 596 2132 exponentur.
632 2064 713 2128 Quod
727 2066 847 2134 additur,
867 2069 992 2120 extendes
1019 2064 1066 2118 lib.
1081 2064 1116 2117 de
1131 2063 1228 2117 imitat.
1246 2062 1348 2117 Christi
1365 2081 1425 2135 cap.
1436 2070 1468 2119 4:
1495 2064 1571 2126 Quid
1589 2066 1663 2119 enim
1676 2066 1759 2118 aliud
1772 2067 1857 2120 113110·

157 2167 256 2203 manus
275 2164 345 2202 suus
358 2149 430 2203 sicut
443 2157 545 2202 1101111111
557 2153 598 2202 ud
609 2154 775 2213 namndum,
796 2152 866 2206 illud
877 2153 991 2206 frustre-
1021 2153 1095 2202 rabit
1113 2151 1162 2203 iiic
1175 2152 1249 2219 ionis
1263 2167 1347 2218 quom
1359 2152 1500 2205 bominum
1511 2154 1651 2220 peccatu!
1672 2155 1696 2208 6.
1719 2152 1854 2206 Duratio

155 2253 237 2292 neum
258 2253 291 2290 ex
307 2235 404 2305 poenis
426 2235 609 2290 infernalibus
631 2238 774 2292 eluctandi
796 2245 926 2294 conatum
948 2257 991 2294 ex·
1020 2238 1122 2290 Fletus
1135 2238 1255 2289 Domini
1272 2239 1344 2290 sicut
1359 2247 1468 2292 torrens
1485 2239 1609 2298 salsioris
1623 2240 1751 2292 ardentis
1769 2239 1800 2291 in
1810 2256 1853 2292 sc.

156 2324 274 2393 primore
305 2321 424 2375 ridetur.
470 2321 708 2385 Quemadmodum
738 2325 812 2378 3111111
843 2325 871 2379 in
901 2327 990 2381 medio
1020 2324 1084 2379 Non
1097 2324 1175 2377 deest
1187 2324 1251 2377 hnic
1264 2325 1321 2395 igni
1332 2325 1456 2389 muteris,
1476 2325 1541 2395 qnia
1553 2324 1630 2394 ligna
1645 2325 1732 2378 multa
1745 2331 1854 2395 praesto

155 2411 225 2464 meri
253 2408 411 2463 submersus
435 2407 539 2462 frustm
563 2424 662 2463 munus
685 2427 750 2465 sues
774 2411 811 2465 ad
840 2414 990 2467 natandum
1020 2416 1093 2475 sunt,
1119 2425 1171 2463 nec
1192 2410 1278 2477 deest,
1303 2412 1349 2481 qui
1373 2427 1435 2466 eum
1461 2410 1555 2466 sufflet
1575 2419 1603 2465 et
1621 2412 1763 2477 accendet,
1789 2412 1855 2482 quis

156 2495 287 2560 extendit,
306 2500 338 2548 ut
354 2494 390 2547 sd
410 2494 488 2548 littus
507 2494 646 2565 appellere
663 2497 761 2566 possit,
781 2496 900 2554 subinde
918 2501 990 2555 enim
1020 2496 1060 2548 ire
1081 2494 1193 2549 Domini
1214 2513 1328 2550 manens
1347 2515 1429 2567 super
1448 2498 1547 2567 impios
1565 2498 1634 2553 flatu
1655 2516 1705 2553 suo
1723 2504 1854 2567 tanquam

156 2580 322 2635 nlluctibus
340 2578 486 2648 corripitur
504 2596 537 2633 ec
554 2580 739 2651 demergitur3
763 2583 805 2638 sie
830 2585 879 2654 qui
904 2585 991 2640 inin·
1021 2589 1127 2635 torrens
1145 2582 1259 2635 sulfuris
1282 2582 1356 2637 bunc
1380 2584 1471 2652 ignem
1495 2584 1630 2637 accendet
1654 2590 1683 2637 et
1700 2584 1727 2637 in
1746 2599 1855 2639 omnem

130 2717 133 2721 .
155 2666 287 2722 fernalem
305 2665 439 2736 abyssum
450 2665 554 2722 detrusi
565 2668 786 2739 quantiscunque
800 2670 990 2726 liberationem
1020 2668 1212 2722 aeternitatem
1231 2668 1344 2723 fovebit.
1382 2669 1521 2739 Loquitur
1539 2669 1676 2739 propbeta
1701 2668 1854 2745 1113313110·

156 2771 235 2807 suam
254 2760 390 2823 quaeram
415 2750 562 2806 conatibus
585 2767 619 2807 ac
641 2754 769 2809 dolorum
792 2773 905 2811 suorum
926 2758 990 2812 leni·
1021 2756 1121 2815 1133311
1146 2754 1181 2808 de
1199 2754 1253 2809 Dei
1271 2755 1320 2808 irs.
1353 2754 1471 2818 Quando
1496 2757 1590 2826 ignem
1616 2756 1783 2810 succendere
1808 2772 1855 2811 cn·

156 2846 278 2895 mentum
298 2844 442 2910 quaerant,
462 2839 566 2893 frustm
584 2846 679 2895 tamen
698 2858 728 2896 se
747 2843 875 2898 labor-ere
891 2844 992 2898 intelli·
1022 2840 1119 2910 pimus,
1147 2839 1226 2910 ligna
1249 2842 1416 2911 apponimus
1440 2849 1469 2896 et
1491 2841 1561 2895 flatu
1585 2840 1725 2911 subjectns
1745 2841 1854 2896 favillas

156 2931 241 2998 gent.)
260 2925 325 2981 Esa.
345 2929 386 2990 30,
404 2944 430 2982 v.
450 2931 496 2980 332
514 2926 666 2996 Deposita
685 2937 726 2982 est
745 2930 782 2983 cb
798 2931 861 2983 beri
871 2932 991 3000 topbeth,
1020 2926 1185 2991 oscitanum
1212 2927 1252 2981 sic
1269 2927 1346 2981 Dens
1372 2928 1474 2981 dicitur
1491 2933 1620 2998 stagnum
1642 2928 1754 2981 sulfuris
1771 2927 1855 2982 infer·

157 3015 242 3067 eciam
265 3013 330 3082 ipsa
352 3012 417 3081 sepi
437 3020 620 3084 praeparato
644 3021 692 3078 est,
720 3018 901 3083 profundam
918 3019 992 3086 senis
1021 3012 1090 3066 nelis
1108 3011 1178 3071 flatu
1196 3012 1253 3067 irae
1270 3029 1338 3066 suae
1356 3014 1515 3079 accendere,
1540 3021 1572 3067 ut
1595 3015 1624 3068 in
1651 3021 1795 3068 aetornum
1812 3031 1855 3068 er·

33 3113 82 3154 xx.
99 3109 226 3166 13031311,
244 3099 385 3168 drictaeit,
401 3115 476 3168 pyra
494 3099 556 3166 ejus
574 3099 650 3166 ionis
666 3108 692 3154 31
711 3101 792 3168 liqna
804 3102 892 3157 multo
905 3113 992 3170 smine,
1022 3100 1093 3154 dent.
1115 3098 1353 3162 Quemadmodum
1372 3099 1454 3153 fletus
1472 3101 1592 3155 hominis
1612 3101 1669 3155 sire
1681 3106 1781 3155 ventus
1798 3117 1854 3156 non

152 3188 241 3256 flatus
261 3185 381 3239 Domini
398 3185 471 3239 sicsc
488 3192 598 3238 torrens
616 3187 741 3256 sulfuris
758 3190 885 3242 cudentis
906 3191 937 3242 in
950 3207 992 3244 cc.
1021 3183 1106 3238 officit
1125 3185 1227 3254 ignem,
1255 3185 1304 3238 sed
1328 3186 1445 3240 latentes
1470 3187 1497 3239 in
1521 3186 1660 3240 cineribus
1679 3186 1789 3241 favillas
1809 3203 1854 3242 ao-

157 3272 298 3342 (Senetius
311 3272 342 3325 in
358 3278 503 3327 comment.
524 3272 639 3341 exponit
652 3273 687 3328 de
705 3274 811 3343 ingenti
825 3276 874 3330 ille
892 3282 993 3346 strage,
1020 3271 1126 3335 cendit3
1146 3272 1186 3325 sic
1204 3271 1320 3325 materia
1333 3272 1405 3342 ignis
1424 3271 1575 3337 infernalis,
1594 3279 1626 3326 ut
1642 3273 1683 3326 sic
1701 3273 1855 3342 loquemur,

158 3376 241 3431 qnam
267 3376 317 3413 res
345 3358 528 3426 slsspriornm
560 3374 648 3429 prope
679 3359 834 3414 Jerusalem
862 3362 891 3416 in
921 3364 992 3418 valle
1020 3362 1062 3411 est
1080 3357 1109 3411 in
1129 3358 1198 3426 ipsis
1212 3356 1332 3411 diabolis
1347 3357 1546 3412 ethominibus
1561 3359 1706 3425 damnatis,
1728 3359 1856 3414 videlicet

157 3445 273 3515 topheth
290 3445 408 3515 accepit.
427 3444 536 3499 interim
555 3461 612 3500 non
630 3453 723 3515 potest
741 3463 792 3501 nec
810 3449 896 3502 audet
913 3466 993 3518 repu·
1021 3445 1142 3511 ipsorum
1167 3449 1289 3513 peccate,
1316 3444 1394 3498 Deus
1416 3450 1448 3498 ut
1468 3445 1562 3514 justus
1582 3446 1670 3514 judex
1693 3462 1727 3500 no
1754 3446 1854 3500 vindex

159 3534 235 3588 diare
253 3548 426 3586 communem
454 3537 564 3601 patrum
585 3532 793 3601 expositionem,
819 3551 874 3605 que
890 3535 925 3590 de
950 3536 992 3589 in·
1020 3531 1097 3585 illum
1133 3529 1225 3599 ignem
1256 3529 1326 3584 fletu
1354 3546 1404 3588 suo
1432 3531 1572 3586 accendet.
1611 3532 1798 3601 Hieronymus
1826 3533 1855 3586 111

158 3621 236 3673 ferno
257 3617 302 3673 bic
319 3617 397 3673 locus
415 3617 594 3688 propheticus
612 3619 766 3687 exponitur.
786 3620 817 3673 ln
838 3637 901 3675 enm
919 3623 991 3676 enim
1020 3633 1116 3671 comm
1141 3617 1224 3684 hujus
1250 3616 1303 3672 loci
1327 3616 1411 3671 etism
1442 3618 1638 3686 praecedentis
1664 3617 1750 3673 rerba
1774 3637 1799 3671 v.
1815 3624 1858 3676 32.

158 3706 251 3761 omnis
275 3704 418 3775 aptissime
441 3705 617 3770 conveniunt,
644 3722 716 3775 quse
740 3706 872 3762 hocloco
892 3724 910 3760 e
927 3726 992 3778 pro·
1020 3701 1055 3755 ud
1072 3701 1220 3769 impiorum
1235 3702 1440 3758 damnationem
1452 3704 1660 3759 accommodet:
1684 3706 1751 3760 Erit
1762 3713 1856 3759 trans-
1873 3713 1915 3755 11.
1931 3716 1976 3756 131.

157 3793 243 3861 pheta
260 3797 446 3858 recensentur,
468 3791 676 3859 [appulerim
700 3808 801 3846 nomen
818 3793 935 3863 topheth
953 3796 993 3849 in·
1020 3790 1074 3842 itm
1111 3788 1208 3857 virque
1234 3791 1394 3857 fundatus,
1431 3808 1514 3859 quom
1550 3793 1723 3861 requiesces-s
1754 3793 1855 3861 saciet

156 3877 234 3933 ferna
254 3877 339 3931 tribui
357 3876 528 3932 ostendimus
545 3877 681 3946 superins,
705 3877 754 3932 ubi
779 3879 861 3933 etiarn
881 3899 991 3937 censens
1024 3877 1164 3928 Dominus
1183 3893 1267 3944 svper
1285 3875 1427 3940 4143111100
1446 3884 1488 3932 0⁸⁸
1504 3893 1681 3949 nequaquam
1700 3896 1763 3934 eum
1778 3881 1858 3952 virga

157 3965 241 4034 hujus
259 3962 486 4018 nomenclaturae
506 3963 690 4033 exposuimus.
713 3969 735 4019 2.
750 3968 841 4019 Causa
860 3969 992 4033 efficiens,
1020 3961 1157 4029 percutiet
1173 3968 1202 4016 31
1218 3979 1313 4016 rursus
1333 3979 1394 4017 eem
1412 3963 1517 4018 levabit
1533 3981 1568 4018 ac
1584 3980 1659 4021 111013
1679 3967 1854 4022 caedentium

158 4051 240 4106 foves
258 4050 307 4104 illa
324 4057 503 4118 praeparata
523 4057 563 4102 sss
583 4051 619 4103 cb
637 4051 708 4107 beri.
747 4052 860 4107 Phrssis
878 4055 913 4107 ab
931 4056 994 4109 heri
1021 4049 1102 4102 linem
1120 4048 1205 4102 faciet
1223 4049 1396 4119 verberandi,
1421 4051 1468 4105 sed
1487 4053 1566 4123 quasi
1587 4052 1732 4107 fundstem
1751 4060 1779 4108 et
1798 4054 1855 4108 site

158 4137 262 4206 duplici
282 4136 365 4191 modo
389 4135 419 4188 111
443 4135 592 4205 scripturis
618 4144 775 4208 usurpatur,
807 4141 831 4207 1)
848 4159 902 4208 pro
928 4150 993 4195 tem.
1021 4139 1112 4192 radice
1142 4137 1260 4194 delirum
1286 4141 1316 4192 in
1342 4139 1440 4208 poenis
1474 4141 1535 4209 ejus
1566 4140 1650 4194 faciet
1677 4149 1855 4209 permanere.)

154 4241 228 4292 pore
252 4224 379 4291 promisse
404 4229 567 4290 anseprssso
594 4223 658 4282 bob.
680 4231 703 4290 8,
727 4244 753 4280 v.
774 4232 799 4282 3.
827 4227 930 4282 Psalm.
952 4236 995 4290 llo,
1023 4223 1141 4290 1131133,
1160 4243 1185 4279 v.
1208 4231 1250 4280 ll:
1279 4226 1405 4294 Spirstm
1422 4235 1512 4279 uester
1531 4234 1561 4277 ut
1578 4227 1651 4290 ionis
1670 4228 1781 4279 vorobit
1798 4244 1855 4282 nos.

157 4327 184 4362 v.
203 4315 233 4374 43
252 4308 280 4375 2)
294 4326 350 4377 pro
369 4316 493 4376 tempore
512 4308 673 4378 lonqinquo,
692 4327 747 4380 quo
768 4328 849 4366 sensu
865 4312 992 4369 hocloco
1020 4311 1149 4377 (Quidem
1164 4325 1197 4365 es
1216 4311 1354 4366 veteribus
1372 4312 1517 4382 applicent
1534 4312 1569 4365 ed
1586 4313 1737 4375 infernum,
1757 4311 1807 4367 sed
1826 4312 1855 4366 in

159 4401 314 4465 usurpatur.
349 4394 395 4448 Ab
415 4395 478 4448 beri
494 4403 674 4467 prrocpurotc
698 4404 738 4448 est
756 4399 849 4460 focco,
875 4399 929 4454 boc
952 4408 994 4454 est
1021 4411 1103 4451 sensu
1123 4397 1223 4451 literali
1244 4397 1337 4467 egitur
1354 4398 1389 4451 de
1406 4411 1508 4452 coneru
1522 4397 1701 4466 Assyriorum
1720 4414 1776 4453 11011
1790 4403 1856 4452 tan-

158 4488 311 4551 etompors
326 4481 489 4552 longinquo,
508 4482 564 4537 imo
578 4482 615 4536 eb
629 4489 750 4545 03131110,
766 4485 831 4554 quie
840 4486 903 4538 beri
914 4501 994 4541 omne
1023 4492 1079 4536 111111
1100 4483 1175 4537 inani
1192 4489 1222 4538 st
1232 4483 1398 4550 frustraueo,
1420 4484 1468 4537 sed
1484 4483 1567 4537 etiam
1582 4484 1649 4553 ipsis
1662 4486 1752 4539 noxio.
1770 4485 1855 4556 Ignis,

158 4575 282 4638 tempus,
310 4569 386 4639 quod
413 4569 576 4639 antecessit,
603 4571 658 4626 imo
689 4570 777 4641 ipsam
803 4573 992 4628 aeternitatem
1022 4587 1103 4638 quem
1132 4570 1224 4623 enimc
1253 4568 1427 4636 concepistis,
1459 4584 1513 4623 11011
1545 4577 1602 4623 tam
1633 4570 1854 4641 Hierosolymam

158 4653 304 4726 significat,
322 4670 386 4710 011111
406 4655 434 4709 in
454 4656 620 4710 aeternitate
638 4656 824 4727 quodcunque
838 4659 992 4714 seculorum
1022 4672 1103 4723 quem
1121 4672 1169 4710 ros
1192 4656 1267 4723 ipsos
1286 4653 1488 4720 inflammabit)
1518 4674 1542 4710 1.
1565 4663 1603 4712 14.
1637 4656 1704 4720 Quis
1729 4657 1856 4711 31100111

159 4742 278 4809 spatium
302 4741 342 4795 sit
365 4741 444 4811 qussi
472 4741 531 4796 dies
552 4742 682 4798 hesterna
706 4743 790 4799 Hebr.
812 4748 851 4812 1³,
872 4749 895 4800 Β,
931 4745 992 4809 Qun
1021 4742 1148 4796 lrcbuore
1163 4740 1270 4809 poterit
1290 4757 1351 4792 cum
1371 4741 1435 4809 ique
1453 4743 1624 4796 siccoruule.²
1643 4745 1711 4811 quis,
1720 4743 1857 4798 habitabit

159 4843 225 4881 vero
244 4827 349 4882 ratione
374 4843 464 4898 quove
490 4846 572 4882 sensu
598 4829 722 4883 infernus
749 4830 857 4884 dicatur
871 4850 993 4903 praepu-
1022 4844 1054 4880 cs
1071 4829 1149 4883 uobis
1168 4845 1230 4881 cum
1249 4828 1402 4881 ardoribus
1423 4829 1620 4897 sempiternis!
1659 4829 1854 4897 (Supplicium,

158 4922 240 4966 roem
259 4914 294 4967 ub
312 4922 436 4981 03131110,
456 4921 553 4985 postes
573 4916 778 4986 explicabimus.
802 4917 921 4982 Quidem
940 4925 993 4972 ste·
1022 4913 1097 4984 quod
1118 4913 1156 4968 ab
1178 4914 1244 4984 igne
1269 4914 1381 4969 coelesti
1403 4916 1579 4984 Assyriorum
1601 4916 1698 4969 cestris
1723 4914 1855 4970 divinitus

68 5000 72 5014 ”
159 5006 249 5068 11111111,
274 5017 427 5072 poenarum
448 5004 640 5059 aeternitatem
668 5011 696 5058 et
718 5005 877 5061 continuem
897 5007 994 5060 atroci·
1022 5000 1180 5068 immissum,
1198 4999 1253 5055 fuit
1272 5000 1445 5069 praeludium
1465 5002 1537 5070 ignis
1555 5000 1697 5054 infernalis
1710 5007 1738 5055 31
1752 5001 1856 5055 aeterni

158 5091 244 5141 tutem
264 5087 389 5155 indicari,
417 5087 484 5158 quie
507 5088 543 5142 ad
562 5105 714 5158 poenarum
733 5091 761 5145 in
784 5089 892 5146 inferno
911 5090 993 5146 linem
1022 5087 1148 5142 omnibns
1167 5086 1259 5155 impiis
1277 5086 1374 5156 pureti,
1399 5087 1462 5141 ideo
1482 5087 1619 5156 propbeta
1644 5087 1679 5140 ed
1705 5087 1779 5141 illius
1798 5105 1856 5142 me·

159 5190 215 5228 uon
233 5174 324 5244 megis
348 5174 491 5228 acceditur
514 5182 578 5244 post
600 5177 748 5232 multorum
764 5179 931 5233 'seculorum
947 5180 993 5233 de·
1021 5174 1184 5228 <litationem
1214 5174 1353 5228 euditores
1384 5191 1449 5229 suos
1473 5180 1594 5227 revocet.
1629 5174 1856 5243 Appellateum

159 5275 279 5324 cursum,
296 5261 417 5330 quamsi
435 5261 507 5330 beri,
532 5261 560 5315 id
580 5268 624 5326 est
639 5271 771 5330 recenter,
790 5270 883 5318 essent
899 5263 994 5319 ineho·
1023 5264 1113 5328 iqncm
1132 5262 1327 5327 decorantem,
1352 5265 1384 5313 nt
1409 5259 1628 5316 efficacissimam
1647 5259 1745 5314 urendi
1758 5259 1812 5314 vim
1826 5259 1855 5313 in

159 5353 231 5414 etse,
249 5361 399 5415 acpoenee
413 5347 600 5417 illaesemper
617 5354 800 5404 erumnosae
814 5355 994 5416 senonenses,
1022 5364 1054 5403 30
1074 5364 1136 5401 3113
1154 5346 1261 5410 docent,
1289 5364 1324 5400 oc
1345 5348 1551 5414 sempiternum,
1577 5346 1624 5417 qui
1651 5362 1792 5416 nunquam
1809 5362 1855 5400 ex-

160 5448 213 5488 nee
233 5433 324 5489 minor
342 5439 384 5489 est
396 5447 496 5496 ,31110111
518 5434 625 5503 horror,
649 5451 701 5491 neo
725 5435 816 5490 minus
836 5437 994 5491 excruciant
1021 5435 1185 5505 stinguetur,
1198 5433 1301 5504 quibus
1309 5431 1524 5503 proprietatibus
1538 5434 1574 5488 ab
1582 5434 1657 5504 igne,
1677 5449 1733 5502 quo
1745 5432 1855 5503 Assyrii

159 5525 223 5589 post
236 5519 373 5576 immense
382 5520 531 5579 multorum
541 5521 696 5577 seculorum
710 5520 811 5592 spatie,
830 5539 914 5592 quam
929 5537 992 5576 curn
1020 5522 1134 5576 assumti
1152 5527 1224 5599 sunt,
1244 5520 1403 5590 longissime
1423 5519 1621 5591 distinguitur.)
1641 5534 1699 5585 cap.
1720 5524 1761 5582 34,
1780 5537 1805 5572 v.
1825 5522 1854 5575 31
