4050 6014
189 292 251 352 ner
464 257 467 262 ’
850 274 1247 333 ιιιοιιιιιιιιιιιιι

186 444 255 494 runt
269 437 295 504 ι)
305 438 533 500 inmeililitatem
547 438 575 503 2)
588 434 794 502 illocalitatem,
807 434 834 502 ι)
845 433 1025 487 subtilitatem
1052 429 1226 501 pronuntiat3
1245 429 1350 486 Paulue
1367 431 1403 485 ad
1416 427 1591 505 ἀφθαρσίαν,
1610 419 1703 496 deifer,
1718 424 1841 502 δύναμιν
1855 441 1890 481 at

188 529 218 579 et
236 526 263 592 ι)
280 524 442 591 apilitatem,
1054 516 1280 586 spiritualitatem
1299 519 1392 573 omnia
1416 523 1538 574 revocat.
1573 514 1745 580 Quibusdam
1768 513 1891 580 videtur,

225 615 266 668 83.
303 609 520 680 Progrediamur
543 607 597 663 hoo
618 607 728 671 ordine,
751 611 784 660 ut
801 605 891 676 primo
919 620 1026 668 nomen,
1053 600 1128 671 quod
1168 603 1361 672 quaternarius
1391 602 1623 658 Scholaeticornm
1655 616 1801 668 numerus,
1832 615 1891 670 quo

189 694 313 751 seeundo
333 712 477 749 numerum
501 712 536 748 oc
554 695 663 764 species
687 693 786 747 harum
804 690 926 762 corporis
945 687 1026 761 glori·
1054 687 1133 742 dotes
1145 703 1240 741 omnes
1253 687 1425 742 referuntad
1440 689 1606 757 claritatem,
1624 686 1892 759 impassibilitatem,

188 780 265 837 ficati
282 781 450 851 qualitatum
468 780 645 851 explicemur.
683 785 705 834 1.
723 774 1027 846 Dimnturheeqneti-
1053 772 1210 842 apilitatem
1230 781 1258 827 et
1275 774 1464 842 subtilitatem,
1482 773 1595 829 retineri
1610 772 1706 843 poerit.
1742 770 1892 826 Orumeme

188 872 261 922 tates
283 881 316 920 ac
335 866 519 937 proprietates
536 864 684 936 glorificati
701 862 824 934 corporis
841 861 1027 918 emlesiaetica
1038 827 1042 930 l
1054 858 1081 912 d.
1101 857 1119 912 l.
1138 874 1161 913 o.
1178 864 1217 915 10.
1236 859 1289 915 hoo
1302 859 1399 914 ordine
1410 859 1601 931 progreditur:
1621 858 1735 913 Certum
1747 866 1795 926 est,
1813 857 1893 927 quod

189 951 323 1023 loquendi
341 951 542 1006 cousuetudine
560 950 685 1021 ejuedem
696 952 784 1005 detor.
814 948 948 1014 Quamvis
960 963 1026 1002 vero
1053 945 1240 998 manimatum
1261 946 1454 1016 diatinpuatur
1469 946 1505 999 al
1519 947 1645 999 animato
1658 963 1712 998 non
1729 944 1787 999 niei
1806 960 1894 999 aerem

190 1038 265 1093 dona
287 1044 316 1092 et
334 1036 470 1094 beneficia
491 1052 675 1108 quaecunque
692 1033 816 1107 generali
840 1032 1027 1105 appellatione
1053 1038 1080 1083 et
1103 1039 1187 1087 motu.
1226 1032 1261 1084 Ut
1285 1048 1352 1099 erpo
1376 1031 1564 1086 inanimatum
1588 1031 1684 1102 differt
1708 1031 1744 1083 al
1764 1030 1892 1084 animato

188 1129 324 1180 vocentur
344 1124 438 1189 dotee,
462 1130 494 1178 ut
517 1129 627 1178 constat
652 1139 685 1177 ex
711 1121 759 1176 illo
778 1120 897 1177 Naeonie
921 1117 982 1173 libr.
1002 1123 1026 1173 ι.
1053 1131 1137 1169 censu
1160 1125 1187 1170 et
1208 1125 1298 1186 motu,
1324 1117 1367 1172 sic
1386 1119 1520 1187 profecto
1547 1135 1651 1186 corpur
1673 1115 1825 1186 epirituale
1855 1115 1893 1168 al

189 1209 377 1264 doarium:
1054 1202 1175 1257 animali
1191 1203 1304 1273 defferet
1320 1203 1483 1258 diuersitate
1499 1211 1588 1258 motua
1599 1211 1627 1257 et
1638 1220 1743 1260 renam.
1770 1203 1893 1257 Necesse

292 1313 409 1381 [πρεπῆ
426 1313 505 1366 4030,
523 1311 653 1381 corpori,
671 1311 748 1365 adde
770 1310 858 1366 pomp·
1055 1296 1096 1343 eet
1110 1289 1191 1359 emim,
1204 1292 1317 1344 modum
1331 1290 1463 1344 molionit
1477 1297 1504 1344 el
1520 1291 1668 1353 sentiendi,
1687 1287 1738 1359 qui
1757 1287 1894 1342 animalis

1055 1375 1186 1444 corporis
1206 1376 1431 1430 conutitutionem
1455 1377 1616 1430 immediate
1637 1376 1778 1446 comitur,
1801 1374 1893 1428 alium

191 1420 270 1470 etex
288 1413 432 1472 verniculie
451 1413 574 1470 Eobani:
1378 1461 1384 1475 .
1527 1463 1533 1475 .
1675 1462 1681 1475 .
1727 1461 1733 1475 .

1056 1475 1114 1514 eece
1135 1460 1382 1531 praemiumque
1400 1469 1579 1532 contemnetur
1592 1467 1813 1516 constitutionem
1831 1477 1894 1513 cor·

259 1518 355 1586 ‘idm’
375 1518 455 1586 ⁹¹⁴⁰d
472 1524 498 1571 ⁰²
514 1533 644 1570 'mmm
659 1515 750 1579 famu
768 1522 809 1570 ωε
828 1513 994 1582 mmmm
1053 1547 1136 1615 pario
1158 1548 1327 1616 spiritualia.
1365 1547 1438 1602 Sunt
1461 1557 1554 1602 autem
1577 1555 1667 1603 motus
1686 1564 1735 1602 seu
1752 1545 1895 1611 motionis,

358 1619 408 1702 ’,Μ
424 1603 494 1702 “ll'‘
527 1688 543 1701 ,,
634 1689 640 1702 ,
732 1688 738 1700 ,
797 1686 804 1700 ,
1056 1649 1129 1700 quae
1155 1635 1212 1687 duo
1238 1634 1291 1688 loe
1315 1635 1378 1689 loco
1397 1651 1455 1704 pro
1478 1635 1576 1688 eodem
1594 1635 1761 1702 accepimus,
1785 1632 1895 1704 speciei

295 1690 419 1744 Imm
437 1704 542 1759 mam
561 1695 658 1757 mm
679 1704 773 1757 ''²³³⁰''
791 1695 880 1751 ''⁸⁰⁸⁶’‘
1055 1734 1118 1783 aec,
1150 1726 1181 1772 ut
1207 1719 1346 1789 Pluricue
1373 1727 1531 1789 enumerat,
1554 1721 1710 1787 pancratio,
1737 1718 1894 1788 corruptio,

190 1799 284 1849 “¹³0⁸
298 1791 348 1846 ἅθ’
367 1791 396 1845 ῘΠ
415 1790 505 1861 prim
522 1796 550 1845 θῗ
567 1790 681 1861 P¹⁰P¹i⁸
695 1788 901 1859 ⁸iss¹¹ffi⁰⁸fi⁰¹¹0
914 1787 1030 1844 demi
1057 1804 1207 1873 alteratio,
1234 1806 1440 1874 aupmentatio,
1472 1805 1633 1874 diminutio,
1660 1812 1752 1859 motare
1780 1803 1893 1857 localis.

191 1877 339 1950 pecuniam
361 1876 522 1947 nuptiarum
532 1891 619 1930 eausa
637 1890 655 1928 a
665 1880 780 1945 parente
795 1890 913 1944 eponeae
926 1873 1029 1940 datam,
1059 1890 1164 1944 gom,
1176 1900 1241 1946 m,
1260 1893 1388 1962 mque,
1405 1892 1494 1957 m,
1514 1893 1644 1960 audam,
1662 1898 1765 1960 pacm,
1785 1897 1894 1960 Mu„

193 1980 278 2036 quam
286 1961 837 2034 profectitiamvocantetoladventitia
845 1960 1029 2030 distinguunt.
1057 1977 1188 2044 olfactu·
1225 1979 1262 2031 J,
1285 1979 1441 2047 umque,
1467 1979 1519 2032 Μ
1539 1986 1582 2031 m
1603 1985 1663 2031 ,am
1686 1994 1784 2032 ,m
1808 1993 1895 2045 quam

247 2066 326 2128 Quae
342 2068 396 2121 dor
408 2066 546 2120 matronis
564 2065 777 2134 pulcherrima!
793 2063 853 2118 nita
869 2064 986 2133 pudica,
1057 2072 1155 2132 motus,
1167 2063 1346 2132 perfectione
1362 2064 1489 2119 condem
1505 2068 1647 2133 eserenon
1668 2066 1697 2116 et
1714 2063 1897 2137 ὑπιρύψωσις

193 2167 447 2234 autumentur,
471 2167 516 2222 cur
541 2172 675 2223 coemunt
698 2165 768 2222 ruue
788 2165 897 2220 ιιαααιι
922 2164 986 2222 ιιι.
1005 2169 1029 2221 ι.
1057 2167 1207 2220 commum
1225 2157 1384 2205 aratrorum
1400 2149 1500 2204 invita
1513 2156 1638 2204 amma.
1669 2147 1795 2204 Doeendi
1808 2163 1895 2203 eausa

192 2269 275 2310 mm,
296 2253 339 2309 od,
361 2257 408 2308 24:
1057 2235 1140 2290 etiam
1159 2235 1195 2290 ad
1212 2235 1269 2290 duo
1286 2235 1427 2307 generalia
1444 2235 1539 2306 capita
1551 2233 1677 2290 revocari
1696 2248 1779 2305 poseo
1796 2232 1894 2288 viden-

297 2357 361 2411 ρο,
380 2362 419 2409 ,32
439 2372 545 2424 mma
560 2355 723 2427 pamm„
1056 2326 1111 2386 tur,
1130 2321 1261 2377 videlicet
1275 2321 1312 2376 ad
1323 2322 1556 2390 epiritualitatem
1574 2321 1781 2376 materiatam.
1804 2319 1896 2374 Erunt

337 2440 432 2495 Vim,
449 2447 476 2494 σε
495 2447 618 2494 motum
636 2440 757 2495 almi„
775 2439 833 2494 „pn-
1057 2406 1131 2461 enim
1153 2405 1297 2462 beatorum
1322 2423 1439 2478 corpora
1464 2407 1656 2479 epiritualiter
1680 2405 1844 2472 clarificata
1870 2413 1896 2461 et

297 2524 381 2580 omo
395 2528 517 2596 foede„
536 2526 662 2581 ,Mu-343·
1058 2494 1216 2558 clarificate
1225 2494 1284 2549 eive
1295 2492 1414 2563 gloriose
1425 2492 1600 2562 spiritualia.
1632 2491 1759 2547 Diximus
1770 2491 1801 2546 iu
1813 2496 1895 2546 tract.

228 2734 295 2787 Non
309 2751 359 2802 epo
379 2733 462 2788 illam
481 2732 552 2786 mut
570 2733 664 2786 ἀοιιιι
680 2749 739 2788 eree
751 2734 835 2799 duco.
852 2749 925 2801 9⁰⁰0
943 2735 996 2787 ‘²⁰⁸
1058 2752 1195 2822 quaedam
1220 2751 1293 2806 enim
1312 2747 1558 2806 communet‘eunt
1577 2748 1705 2805 omnibus
1724 2749 1895 2805 resuscitatis

262 2821 377 2883 ΜΨ,
1056 2843 1114 2892 tam
1130 2837 1223 2908 impiis
1238 2854 1323 2909 quam
1342 2835 1410 2908 piie,
1434 2843 1492 2892 tam
1511 2835 1662 2891 incredulis
1679 2852 1763 2907 quam
1780 2836 1895 2892 creden·

230 2906 291 2961 aaa
302 2905 477 2976 mutam
495 2910 521 2958 ιι
539 2907 678 2974 maren
698 2909 750 2959 ete.
1056 2923 1141 2994 abne,
1158 2924 1228 2980 talen
1239 2928 1304 2978 eunt
1320 2919 1526 2998 ιφιαραιαιαι
1543 2920 1697 2992 αἰααααια,
1715 2937 1788 2993 quae
1801 2927 1896 2977 umen

193 3009 272 3065 Haec
296 3006 464 3080 significato
485 3007 599 3078 propria
621 3005 677 3060 huc
702 3005 906 3076 quodammodo
921 3021 1030 3061 accom-
1056 3010 1085 3064 in
1111 3010 1249 3065 (ἰιιιιιιιιίι
1267 3026 1324 3064 non
1342 3013 1458 3079 poesunt
1475 3007 1529 3063 dici
1548 3007 1643 3078 dotee3
1667 3007 1805 3079 quaedam
1829 3024 1896 3063 vero

192 3094 300 3152 modari
327 3100 427 3164 potest
467 3092 499 3147 In
528 3093 573 3147 die
600 3091 750 3147 nemesimo
776 3093 890 3148 venient
914 3094 1031 3163 nuptiae
1054 3097 1193 3167 propriae
1220 3096 1285 3151 eolis
1317 3095 1370 3166 piie
1393 3095 1429 3150 ad
1452 3095 1539 3150 vitam
1556 3102 1698 3150 aetermam
1713 3093 1896 3163 reeuecitatie,

193 3182 273 3250 Apni
294 3181 382 3250 Apoc„
412 3185 452 3246 to,
479 3196 505 3234 v.
529 3186 553 3234 t.
577 3183 644 3233 tunc
668 3179 742 3232 enim
766 3179 891 3232 ooeleetie
911 3196 1031 3248 eponsus
1056 3181 1390 3238 taleeenntclaritaeet
1411 3182 1618 3251 planaretur
1635 3199 1669 3235 ac
1685 3182 1824 3252 potentia,
1844 3183 1895 3236 im-

193 3269 283 3324 neniet
301 3275 327 3321 et
344 3268 468 3334 oirpinee
475 3267 640 3334 prudentee,
659 3281 732 3333 quae
749 3273 871 3335 paratae
883 3274 972 3330 munt,
993 3268 1030 3322 ad
1053 3268 1234 3338 paseilrlitae
1245 3275 1297 3324 etn.
1316 3267 1438 3323 Proinde
1450 3274 1482 3322 ut
1494 3282 1641 3338 corporum
1655 3266 1800 3322 beatorum
1815 3267 1898 3323 dotes

193 3353 307 3425 nuptiae
322 3367 417 3407 secum
429 3350 588 3406 introducet
602 3349 701 3406 Matth.
713 3355 754 3414 te,
773 3367 799 3405 v.
818 3356 843 3406 6.
864 3357 892 3407 et
906 3358 945 3408 ιο.
962 3359 1030 3408 tuno
1056 3355 1137 3424 plene
1155 3359 1364 3422 enumerantur,
1387 3354 1506 3408 claritae
1529 3352 1731 3423 epiritualitati
1756 3369 1790 3408 ao
1807 3354 1895 3423 epiri-

136 3491 140 3499 4
195 3446 291 3496 eancta
308 3437 415 3505 civitae,
433 3454 507 3490 noua
518 3437 728 3505 Hierosolyma,
748 3439 920 3492 deecendens
938 3456 957 3493 a
968 3444 1031 3494 Deo
1057 3441 1175 3495 tualitas
1191 3439 1322 3494 claritati
1339 3437 1397 3492 eive
1413 3437 1607 3510 glorificationi
1626 3438 1837 3509 conjungenda,
1861 3453 1896 3492 ex

194 3541 228 3580 ea
245 3524 333 3592 coelo,
355 3524 409 3578 erit
423 3528 542 3592 parata,
560 3522 633 3575 sicut
651 3539 756 3591 sponaa
776 3531 880 3578 ornata
897 3525 959 3578 uiro
979 3543 1031 3581 suo
1057 3526 1159 3597 quibue
1178 3524 1288 3580 dnobus
1305 3523 1430 3580 fontibue
1453 3523 1577 3594 reliquae
1597 3524 1676 3579 dotes
1693 3524 1781 3579 instar
1800 3524 1895 3580 diver·

193 3611 285 3681 Apoe.
305 3614 347 3675 tt,
367 3626 393 3663 v.
413 3612 436 3664 2.
454 3622 488 3661 ao
501 3606 587 3661 Pater
598 3606 734 3674 coelentis,
753 3608 801 3679 qui
821 3607 879 3664 filio
898 3625 964 3666 eum
983 3611 1031 3666 ad·
1058 3628 1151 3668 eorum
1175 3610 1327 3665 rivulorum
1352 3616 1524 3679 promanant.
1571 3608 1715 3674 Quaedam
1743 3612 1821 3666 dotee
1848 3627 1895 3666 ex-

195 3697 287 3763 duoet,
307 3692 430 3763 corporis
448 3699 477 3748 et
494 3693 603 3748 animae
615 3692 695 3748 bouis
710 3693 885 3764 ampliesimie
903 3712 964 3752 eam
982 3696 1030 3752 do·
1056 3698 1214 3769 primuntur
1237 3695 1329 3751 verbie
1348 3694 1535 3761 affirmativis,
1561 3700 1659 3764 utpote
1685 3696 1759 3766 qnod
1777 3711 1897 3766 corpora

194 3781 275 3843 tabit.
294 3785 327 3835 ut
344 3780 382 3833 eit
402 3777 523 3833 formosa
539 3794 574 3833 ac
590 3778 676 3844 dives,
693 3797 751 3835 non
764 3781 869 3835 labens
886 3783 1031 3837 maculam
1058 3782 1215 3855 glorificata
1227 3785 1322 3838 futura
1334 3783 1390 3837 sint
1401 3782 1576 3852 spiritualia,
1592 3784 1682 3848 clara,
1696 3784 1820 3851 reticita,
1832 3785 1896 3848 for-

195 3868 240 3922 uel
257 3882 358 3934 rupem
375 3865 422 3918 cel
438 3865 552 3934 aliquid
569 3865 740 3932 hujusmodi,
759 3867 812 3920 aed
829 3868 867 3920 sit
884 3876 985 3922 ramma
1005 3877 1031 3924 et
1057 3887 1150 3940 moea,
1170 3869 1276 3937 apilio,
1295 3869 1427 3932 subtilim-
1446 3868 1582 3939 quaedam
1600 3884 1667 3923 vem
1684 3867 1832 3938 negativis,
1851 3873 1896 3922 ut-

194 3951 377 4007 inmaculata
404 3949 506 4020 Ephes.
531 3957 561 4020 t,
582 3966 608 4008 v.
631 3957 674 4009 ιτ.
714 3951 824 4007 Christo
853 3970 954 4024 sponso
981 3972 1032 4010 euo
1058 3961 1123 4026 pote
1136 3953 1211 4025 quod
1229 3953 1327 4008 future
1339 3953 1395 4008 sint
1406 3954 1590 4023 immortalia,
1611 3954 1811 4024 impartibilia,
1830 3955 1896 4009 ello·

192 4037 379 4107 maximopere
398 4037 522 4106 placens.
557 4036 704 4092 Reineriue
722 4037 751 4092 in
767 4039 968 4112 pantheologia
985 4056 1031 4096 re·
1058 4041 1146 4108 calio,
1164 4040 1329 4108 inuieilrliq
1350 4037 1558 4110 impalpabilia.
1594 4038 1650 4093 Sed
1668 4044 1792 4109 praestat
1817 4039 1897 4095 dotee

72 4139 116 4182 ιι.
132 4138 179 4182 ιιι.
192 4128 283 4178 torum
310 4121 435 4193 quinque
461 4121 582 4178 rafionee
600 4123 694 4178 reddit
715 4124 800 4195 hujus
823 4124 1032 4197 appellationie:
1057 4126 1122 4181 illae
1148 4125 1245 4181 ordine
1263 4131 1292 4179 et
1310 4123 1441 4180 &minate
1461 4139 1622 4180 enumerare
1642 4131 1670 4179 et
1689 4143 1722 4183 ex
1743 4123 1897 4195 Scripturis

196 4212 223 4277 1)
246 4209 325 4263 Sicut
337 4215 472 4278 parentet
490 4210 561 4262 dant
576 4211 656 4262 datae
669 4208 785 4276 filiolae
801 4212 911 4279 moncia
924 4213 955 4265 in
961 4230 1032 4283 pro·
1059 4211 1237 4280 confirmare,
1261 4226 1345 4281 quam
1369 4210 1404 4264 de
1431 4209 1575 4282 exquiritis
1598 4225 1694 4264 earum
1712 4210 1896 4265 divisionibus

191 4295 357 4364 prietatem,
387 4311 491 4363 moneo
518 4295 549 4346 in
579 4295 825 4363 diepensationem,
855 4298 897 4351 ita
924 4316 1033 4368 quoque
1060 4314 1093 4353 ae
1111 4296 1347 4352 subdivieionibua
1366 4295 1555 4367 ecrupuloeius
1575 4309 1668 4366 agere.

194 4380 247 4434 liat
272 4380 353 4433 dotes
378 4380 448 4432 dari
473 4379 608 4434 ecclesiae
631 4387 658 4433 et
677 4378 804 4449 Christof
832 4382 859 4448 2)
885 4383 958 4437 sicut
980 4387 1033 4440 doe
1096 4387 1137 4438 84.
1163 4382 1291 4437 Dicimus
1309 4398 1385 4453 ergo,
1397 4397 1516 4453 corpora
1529 4382 1672 4437 beatorum
1692 4381 1752 4437 fore
1774 4387 1796 4437 ι.
1809 4402 1898 4439 nuen-
1912 4387 1939 4479 ¹15t
1947 4388 2023 4438 ⁸r¹r¹t¹

196 4467 285 4518 ιαεαα
311 4463 341 4518 ια
359 4465 507 4531 sonetum,
535 4466 578 4518 ια
596 4472 622 4519 αι
640 4466 692 4520 ια
711 4468 808 4531 eonn-
831 4467 859 4535 s)
883 4467 957 4523 ema
980 4473 1033 4526 αιαα
1059 4468 1173 4545 paee,
1191 4469 1370 4537 αιιααιιι,
1385 4468 1602 4534 nonantulam,
1616 4466 1687 4535 ribo,
1699 4473 1776 4539 potu,
1790 4485 1899 4539 ααααα,
1922 4449 1974 4480 ¹⁸⁵·

197 4552 284 4604 datur
307 4552 349 4604 ad
366 4550 504 4620 majorem
518 4566 638 4621 mutuae
655 4554 924 4608 commendationem
943 4564 968 4610 et
988 4574 1033 4611 or-
1060 4553 1184 4610 reetibus
1203 4566 1253 4610 eta
1272 4554 1310 4624 lin
1327 4554 1386 4608 vita
1406 4560 1519 4608 aeterna
1535 4553 1701 4626 indigentia.
1736 4552 1827 4609 Docet
1843 4553 1899 4609 hoc

195 4644 301 4704 mmm,
316 4636 358 4688 ita
376 4644 401 4690 et
418 4637 470 4690 lae
491 4638 588 4706 dotet,
606 4637 634 4705 ι)
652 4638 726 4691 merit
744 4640 797 4692 doe
816 4656 873 4694 nan
885 4642 1033 4708 confertur
1062 4640 1089 4711 l)
1108 4641 1217 4694 diserta
1234 4640 1374 4709 apparitio
1393 4640 1553 4710 apaetolico
1570 4640 1642 4695 iuter
1661 4656 1762 4709 corpus
1775 4638 1897 4694 animale

195 4723 226 4776 in
249 4722 474 4790 despumatione,
493 4724 546 4777 sed
563 4724 731 4778 deductione
748 4722 778 4776 in
797 4725 924 4795 domum,
948 4727 990 4781 ita
1007 4736 1034 4782 et
1060 4743 1094 4782 ac
1106 4725 1257 4796 epirituale.
1297 4731 1319 4782 1.
1338 4723 1402 4782 cor.
1424 4729 1464 4794 15,
1479 4742 1503 4781 v.
1524 4732 1571 4781 te:
1608 4725 1772 4780 Seminatur
1790 4743 1896 4796 carpat
1909 4740 1954 4785 xx
1968 4741 2016 4785 ιιι.

195 4809 249 4863 las
266 4811 363 4874 dotem
388 4813 412 4875 5)
431 4809 505 4863 eicut
523 4809 642 4863 monilia
660 4810 805 4878 pertinent
823 4813 865 4864 ad
882 4814 971 4882 dotes,
992 4815 1034 4868 ita
1060 4812 1201 4881 animale,
1242 4810 1333 4879 tur-pit
1365 4827 1469 4881 corpur
1500 4811 1664 4880 spiritualer
1698 4829 1725 4872 v.
1753 4817 1800 4868 tt:
1838 4829 1896 4866 non

196 4902 223 4948 et
240 4896 293 4948 leae
309 4895 477 4963 epiritualee
492 4897 572 4950 dotet
580 4895 725 4964 pertinere
744 4896 786 4949 ad
802 4896 932 4966 pluriam.
959 4899 1032 4954 Ane-
1056 4897 1140 4967 prun
1157 4898 1236 4966 quod
1252 4897 1402 4967 spirituale
1416 4904 1465 4963 eet,
1478 4899 1532 4952 sed
1545 4900 1623 4966 quod
1639 4899 1774 4964 animale,
1792 4899 1897 4952 deinde

196 4980 305 5037 helmue
317 4987 399 5036 vocat
410 4981 746 5050 corporirleatitudinee,
765 4981 824 5037 Leo
840 4984 953 5037 uirtutie
965 5002 1032 5054 oup-
1043 4952 1137 5081 [quod
1162 4982 1322 5051 spirituale.
1358 4981 1465 5054 Corpus
1489 4985 1613 5038 animale
1639 4989 1720 5039 vooat
1741 4984 1896 5054 apostolus,

196 5073 325 5134 mertum,
349 5065 479 5121 Ruifinue
492 5066 714 5136 praeropatioae
729 5067 827 5131 futuri
843 5071 972 5138 cor-paria
990 5073 1034 5127 cel
1059 5068 1105 5124 cui
1116 5068 1201 5123 vitem
1212 5073 1337 5138 praestat
1347 5068 1448 5138 anima,
1461 5068 1569 5125 scilicet
1581 5069 1618 5124 ad
1632 5069 1704 5124 hano
1716 5070 1810 5135 ritem,
1823 5086 1897 5140 quae

197 5152 303 5221 camis,
320 5151 511 5209 Tertullianne
531 5153 721 5206 indumentum
741 5153 907 5221 anpelicum.
933 5155 1035 5212 Confer
1058 5155 1165 5226 indiget
1179 5154 1251 5219 cibo,
1272 5159 1348 5226 potu,
1364 5154 1498 5223 reatibus,
1517 5171 1601 5227 quam
1620 5173 1671 5227 per
1689 5155 1827 5211 carnalem
1847 5172 1896 5226 ge-

197 5235 357 5294 Cramerum
370 5238 405 5292 de
423 5243 507 5308 myst.
520 5253 595 5307 corp.
614 5235 705 5307 glorii.
718 5234 766 5291 ubi
779 5244 838 5295 etl.
855 5239 984 5310 pluribue
998 5241 1034 5297 de
1058 5239 1226 5296 neratiouem
1252 5241 1334 5297 homo
1360 5241 1388 5296 in
1406 5241 1532 5299 sobolem
1552 5248 1703 5315 propagat,
1731 5258 1803 5314 quae
1832 5260 1895 5297 cnm

198 5322 387 5394 appellatione
397 5322 496 5377 harum
510 5321 677 5393 qualitatum
689 5329 717 5378 et
728 5321 900 5397 αὐχημάτων
913 5326 1032 5383 diseerit.
1059 5325 1148 5380 brutis
1168 5327 1221 5396 ipei
1246 5327 1400 5382 communie
1420 5335 1477 5394 eet;
1505 5344 1605 5399 corpus
1627 5328 1778 5397 rpirr'tuale
1805 5335 1897 5393 vemt,

199 5413 223 5463 ι.
253 5407 382 5477 Corporie
410 5406 558 5480 glorificati
588 5407 666 5462 dotea
694 5407 822 5464 Chrietus
848 5426 904 5465 uno
932 5427 1034 5482 genere
1059 5412 1133 5485 quod
1151 5414 1306 5482 praeditum
1325 5414 1564 5486 nequeuntibus
1579 5412 1770 5484 epiritnntibue
1786 5428 1838 5468 nec
1854 5413 1896 5467 in·

197 5493 398 5562 complectitur,
418 5493 531 5564 quando
548 5491 645 5549 beatos
664 5499 830 5567 teayyelcne
846 5495 955 5552 iuturoe
973 5513 1034 5553 esee
1061 5498 1141 5570 diget
1154 5499 1273 5570 amplius
1291 5499 1363 5570 cibo,
1386 5505 1455 5570 potu
1475 5499 1698 5555 ao·veetimentis
1717 5505 1769 5554 etc.
1787 5499 1897 5570 Corpus
