4050 6014
212 176 273 233 416
870 165 1104 223 Teucra'rus
1126 166 1274 226 SEXTUS

147 394 150 397 Ι
210 324 302 392 ipsum
320 323 427 377 eoelum
441 338 600 390 empyreum
619 323 661 375 ad
678 336 829 376 convexum
846 322 1043 392 4444414414-
1073 328 1099 374 41
1125 325 1259 376 mundum
1281 324 1354 379 hunc
1372 324 1599 394 adspectabilem.
1641 323 1762 380 Sobnius
1782 323 1854 393 disp.
1875 324 1911 378 de

210 426 274 461 rum
301 407 419 475 palatia
445 406 657 461 admirabiliter
686 408 787 460 memmi
815 408 937 471 artificis
961 425 1047 460 manu
1072 408 1911 480 4444114441041.1ορ44441144Τ441144441144414441414-

210 502 370 547 constructa
389 501 453 546 suat
471 493 625 561 ordineque
642 493 683 545 ila
695 493 842 560 disposita,
860 501 892 547 ul
910 494 972 547 alia
989 494 1047 546 sint
1072 494 1151 546 ribus
1169 496 1210 547 ad
1223 512 1315 565 aquas
1329 497 1399 550 illas
1413 497 1573 565 superiores
1582 503 1670 564 polet,
1688 512 1761 564 4444
1772 504 1812 548 441
1827 497 1910 548 444144

210 581 362 647 inferiora,
373 580 435 633 alia
446 580 605 648 asperiora,
622 587 648 632 41
658 580 719 632 4114
730 579 797 632 aliis
806 579 864 632 sint
876 579 1045 647 pulchriora
1073 578 1216 633 bealorum
1225 582 1376 649 spirituum
1389 591 1415 634 et
1425 582 1573 636 hominum.
1599 581 1747 635 Martinius
1759 581 1789 634 in
1801 579 1911 635 collect.

211 683 245 719 ac
267 665 449 734 pretiosiora.
489 664 526 716 In
547 663 702 718 celsissimo
727 665 800 719 coeli
823 665 885 721 1440
904 665 1045 733 palatium
1073 664 1172 733 spicas.
1193 683 1259 735 pag.
1277 671 1324 722 914
1345 668 1460 722 Ocelum
1477 676 1518 721 est
1537 670 1669 736 spatium,
1687 668 1718 719 in
1737 667 1911 735 quomultae

210 752 311 805 summi
334 751 408 818 reqis
431 749 541 804 Christi
560 757 613 817 est,
636 751 712 818 qvod
736 767 844 803 omnem
863 751 1045 822 4444441441-
1072 759 1136 803 4441
1156 753 1324 817 4444414444,
1350 760 1391 805 est
1418 768 1485 821 erqo
1509 754 1598 809 locus.
1648 754 1685 806 In
1713 753 1827 806 coelesti
1851 753 1911 805 vita

210 837 403 900 mirationem·
422 853 454 888 eo
467 838 590 905 inferius
602 838 751 908 Deiparae
770 836 895 905 Virqiuis
904 837 1046 905 palatium
1072 836 1156 888 etiam
1174 845 1215 889 est
1234 838 1370 891 successio
1390 841 1529 906 temporis.
1563 838 1622 894 Nos
1645 837 1762 891 libenter
1781 838 1911 892 concedi·

211 925 342 986 alterum,
359 923 444 991 quale
464 929 557 975 144144
577 923 693 990 reqinae
715 923 841 990 diqnitas
856 923 968 990 poscit,·
1000 941 1045 976 or·
1071 937 1148 990 mus,
1167 922 1276 976 coelum
1299 922 1444 978 beatorum
1469 940 1529 979 esse
1553 931 1659 978 certum
1685 923 1799 993 aliquod
1818 925 1876 978 nol
1894 940 1912 977 s

208 1010 274 1062 dive
293 1016 446 1077 sequuntur
468 1008 529 1060 elia
543 1025 616 1076 pene
635 1008 746 1075 infinita
765 1016 820 1060 tam
833 1008 943 1077 anqelis
961 1025 1045 1075 quam
1071 1010 1109 1076 τῷ
1134 1003 1192 1061 πού
1218 1008 1411 1063 damnatorum
1430 1009 1605 1078 distinctum,
1631 1009 1680 1063 scd
1699 1024 1842 1080 negamus,
1860 1025 1911 1078 per

208 1095 364 1149 hominibus
388 1096 533 1148 attributa.
578 1095 689 1147 Habent
715 1095 787 1146 enim
811 1094 908 1162 anqeli
935 1110 1045 1162 quoquc
1071 1093 1343 1161 loeumeorporeum
1355 1111 1415 1149 esse
1428 1094 1769 1149 definiendumsutsedes
1784 1101 1813 1149 et
1831 1113 1910 1147 mun·

204 1181 368 1249 peculiares
387 1182 467 1234 sedes
482 1187 565 1248 alque
579 1179 705 1248 palatia,
729 1178 827 1246 quihus
848 1179 904 1231 alii
923 1180 959 1230 ab
977 1180 1046 1231 aliis
1071 1178 1164 1230 siones
1182 1196 1337 1247 corporeae
1351 1178 1393 1232 illi
1406 1180 1612 1243 adscribendas,
1634 1197 1696 1233 cum
1716 1180 1789 1234 illius
1799 1180 1912 1250 441441·

209 1268 393 1336 sejunqontur
420 1266 490 1320 loco.
523 1265 649 1319 Tandem
670 1264 824 1331 concludit,
849 1265 964 1332 palatia
992 1264 1046 1317 illa
1071 1269 1157 1318 tatem
1182 1270 1211 1318 et
1238 1265 1402 1336 qualitatem
1424 1266 1560 1336 inhujus
1584 1266 1658 1321 vitae
1683 1266 1803 1336 ealigine
1827 1281 1912 1336 pene-

92 1352 481 1419 11114141444144414414,
502 1354 616 1420 quaudo
635 1352 742 1405 eoelum
761 1351 978 1418 eslcondilum,·
998 1351 1046 1404 ho·
1072 1357 1145 1404 trare
1170 1368 1225 1405 non
1252 1353 1397 1421 possimne.
1450 1353 1625 1424 Augustinus
1654 1352 1714 1408 libr.
1744 1353 1780 1406 de
1806 1352 1854 1407 fid.
1884 1359 1912 1406 et

211 1439 299 1491 mines
312 1438 411 1492 vocari
427 1439 467 1489 ael
477 1437 593 1506 palatia
604 1453 660 1505 per
674 1437 787 1503 lapsum
799 1436 965 1504 anqelorum
984 1452 1045 1488 eva·
1072 1433 1160 1504 symb.
1183 1453 1205 1489 c
1226 1442 1256 1491 e:
1279 1438 1346 1491 Non
1368 1446 1408 1491 441
1430 1448 1545 1492 nostrae
1570 1439 1743 1507 fraqilitatis
1768 1439 1911 1493 coelorum

212 1533 307 1591 euata,
335 1524 441 1579 Christi
459 1523 603 1591 palatium
625 1523 661 1574 ab
682 1522 764 1574 initio
790 1522 866 1574 orbis
892 1537 979 1589 usque
1007 1523 1047 1573 ad
1074 1529 1181 1575 secreta
1201 1523 1346 1578 discutere.
1390 1522 1578 1593 Hieronymus
1596 1525 1625 1578 in
1645 1524 1726 1594 epist.
1746 1523 1817 1594 Eph.
1836 1541 1861 1578 c.
1881 1531 1911 1579 5:

214 1611 323 1666 Christi
333 1611 543 1662 adscensionem
555 1609 646 1671 suase
662 1609 802 1662 decertum
816 1614 866 1659 ele.
891 1605 992 1661 Confer
1004 1622 1047 1673 ec,
1074 1608 1129 1658 Est
1140 1614 1166 1658 et
1180 1608 1208 1659 in
1222 1608 1340 1661 ecclesia
1358 1609 1572 1676 stultiloquium,
1591 1611 1617 1663 si
1635 1610 1815 1678 quiscoelum
1831 1617 1912 1677 pretet

213 1713 286 1767 quse
312 1695 348 1749 44
373 1694 459 1748 limbo
484 1692 622 1748 inisntum
646 1710 664 1747 4
689 1708 775 1763 regno
802 1691 941 1746 coelorum
960 1697 988 1748 41
1006 1692 1046 1746 in·
1073 1692 1196 1753 fornicio
1207 1710 1284 1745 more
1298 1702 1452 1762 curvatum,
1467 1695 1586 1759 Esaiae,
1606 1713 1687 1763 quem
1698 1696 1912 1764 nonintelliqit,

214 1780 293 1836 ierne
319 1781 446 1836 localiter
470 1779 602 1833 distincto
619 1778 770 1848 disputant,
797 1793 924 1848 quaeque
942 1777 1047 1831 Bellnr·
1075 1794 1200 1832 44444444
1220 1781 1362 1850 deceptus,
1381 1781 1483 1833 solium
1504 1782 1661 1851 44444414
1682 1781 1912 1850 coelispositum

214 1867 305 1921 minus
330 1865 393 1921 libr.
416 1872 441 1921 2.
467 1866 502 1919 de
527 1871 638 1934 purgat.
663 1880 722 1932 cup.
747 1869 770 1918 l.
789 1861 883 1925 [hebet
911 1862 946 1919 de
962 1872 1049 1931 prato
1076 1871 1103 1915 41
1123 1881 1209 1935 super
1227 1883 1259 1918 eo
1277 1868 1374 1919 sedere
1394 1869 1502 1932 Deum,
1528 1875 1554 1921 el
1579 1869 1609 1921 in
1627 1869 1712 1922 ritum
1731 1868 1915 1936 imperatoris

213 1954 337 2022 quodmn
351 1951 563 2020 florentissimo,
578 1949 761 2012 lucidissimo,
781 1950 910 2013 odorato,
924 1964 1050 2017 amoeno,
1076 1957 1153 2002 stare
1171 1951 1286 2019 anqelos
1304 1951 1335 2003 iu
1354 1952 1482 2021 circuilu,
1501 1953 1550 2020 qui
1565 1953 1656 2007 verbis
1670 1954 1794 2020 iubentis
1813 1954 1914 2007 obtem·

213 2040 243 2092 iu
272 2055 325 2107 qvo
351 2040 455 2106 deuant
479 2037 605 2103 animae,
629 2052 701 2104 quae
723 2035 795 2089 nihil
808 2035 974 2103 patiantur,
998 2036 1051 2087 scd
1075 2044 1213 2102 parentet
1226 2039 1268 2089 ad
1281 2037 1554 2092 diversamittcnlur
1569 2039 1677 2104 africia.
1707 2036 1915 2094 Senioressunt

213 2132 305 2178 lamen
336 2124 377 2176 ibi
409 2129 554 2186 rnuueant,
591 2122 658 2190 quia
688 2122 812 2175 nondum
834 2121 955 2174 idoneae
993 2121 1049 2174 siut
1076 2119 1129 2173 hac
1149 2121 1178 2174 in
1198 2127 1277 2190 perte
1296 2122 1410 2192 quidam
1430 2141 1463 2178 ex
1482 2122 1550 2192 ipsis
1570 2123 1742 2178 advemsriis.
1778 2124 1912 2180 Calvinus
1925 2136 2014 2180 ucis.

214 2211 328 2264 divinoe
353 2207 455 2262 4141441
483 2213 534 2261 ete
560 2213 589 2260 et
614 2205 776 2276 apparebit,
808 2205 920 2276 Elysiae
953 2208 1049 2275 pobla-
1074 2205 1104 2258 iu
1128 2222 1225 2259 comm.
1248 2205 1318 2276 Eph
1339 2212 1368 2263 l:
1392 2208 1472 2260 Haeo
1496 2210 1532 2260 de
1547 2211 1686 2262 adscensu
1705 2209 1811 2264 Christi
1826 2227 1913 2282 asper

199 2313 273 2351 *rum
302 2310 414 2364 campos
437 2310 454 2347 a
480 2291 633 2347 Pontificiis
661 2289 830 2360 postliminio
853 2291 883 2344 in
903 2290 1048 2345 ecclesium
1075 2308 1169 2344 omnes
1186 2292 1278 2346 coelos
1299 2294 1340 2347 ita
1354 2295 1500 2360 dicuntur,
1524 2312 1580 2349 nou
1598 2298 1675 2363 quod
1689 2297 1811 2364 proprie
1833 2298 1913 2350 locus

211 2381 313 2435 reduci.
1074 2378 1112 2430 sit
1133 2385 1214 2431 entra
1233 2381 1383 2448 mundum,
1409 2382 1461 2434 sed
1477 2381 1545 2448 quia
1566 2382 1602 2434 ele
1626 2398 1713 2450 reque
1736 2382 1845 2437 Christi
1857 2400 1913 2436 non

69 2480 101 2522 14
122 2477 199 2520 curt·
250 2470 308 2522 163.
346 2470 385 2522 11.
406 2465 448 2518 Ex
461 2462 630 2518 calvinianis
651 2468 674 2520 1.
693 2462 807 2534 quidam
824 2467 936 2530 negant,
956 2463 1048 2517 beatos
1074 2465 1134 2517 4141
1150 2473 1246 2518 nostro
1260 2482 1337 2518 more
1354 2474 1492 2534 captuque
1506 2467 1586 2535 loqui
1598 2485 1756 2537 posuimus.
1773 2468 1913 2523 Martinus

72 2534 198 2576 ”¹¹⁰⁰“m'
213 2556 306 2623 ipsam
330 2553 390 2606 Dei
413 2551 561 2604 essentiam
585 2550 712 2603 intuitive
736 2550 914 2617 superfecte
942 2550 972 2602 in
989 2551 1048 2602 vita
1074 2549 1212 2605 Bneerus:
1245 2551 1313 2605 0444
1339 2552 1426 2621 coeli,
1452 2555 1493 2606 ad
1519 2571 1589 2621 quos
1610 2554 1737 2608 Christus
1753 2557 1913 2623 adscendit,

213 2648 327 2696 aelerna
356 2641 479 2704 4144444,
517 2642 549 2690 ut
576 2636 746 2691 ostendimur
779 2635 907 2705 superius
936 2635 962 2703 ᾖ.
993 2639 1048 2690 133.
1074 2637 1130 2689 4141
1149 2654 1238 2707 supra
1255 2654 1349 2691 omnes
1367 2639 1473 2701 coelos,
1500 2641 1627 2708 equidem
1651 2659 1706 2694 noa
1728 2643 1820 2694 ausim
1844 2643 1912 2694 41144

215 2733 238 2781 2.
257 2725 375 2790 Quidam
393 2730 511 2794 negent,
534 2723 644 2792 qloriae
664 2722 694 2775 in
719 2723 778 2775 vita
805 2729 921 2774 aelerna
931 2726 1049 2788 suturas
1076 2723 1193 2785 desinire
1210 2724 1268 2777 uisi
1288 2723 1454 2792 Scripturas
1467 2726 1567 2791 verbis,
1582 2744 1638 2780 non
1656 2735 1771 2780 nostrae
1789 2728 1913 2782 rationis

214 2814 338 2881 4444144,
363 2816 394 2864 ut
418 2809 538 2864 vidimus
562 2813 584 2873 ξ.
608 2813 663 2865 1211.
702 2811 725 2861 3.
753 2806 883 2876 Plerique
901 2823 996 2862 omnes
1013 2807 1049 2861 44
1072 2809 1320 2876 praedicamentis.
1363 2809 1531 2879 dempturus
1556 2819 1648 2865 autem
1678 2813 1745 2866 illos
1771 2831 1829 2866 non
1856 2813 1914 2866 nisi

214 2897 358 2952 beatorum
382 2896 504 2968 gaudiis,
534 2893 672 2951 exercitiis
698 2899 727 2947 et
748 2892 915 2947 habitaculis
937 2896 1048 2965 ἐπίγεια
1075 2895 1221 2962 majestate
1246 2902 1271 2946 et
1296 2895 1399 2949 4141414
1422 2896 1574 2962 definiunt,
1599 2915 1655 2950 444
1679 2898 1805 2952 lacertam
1827 2900 1912 2952 inter·

216 2988 363 3057 φρονοῦσι.
405 2981 520 3038 Caelum
545 2980 618 3035 enim
648 2977 784 3032 definiunt
807 2979 897 3034 locum
923 2980 1047 3048 aliquem
1075 2979 1604 3049 4444414114,4144444441144144144,
1624 2985 1913 3039 eosincorhemiais

214 3077 319 3123 certum
337 3085 501 3137 corporeum
517 3083 605 3134 supra
625 3081 718 3118 omnes
732 3065 825 3118 coelos
842 3065 965 3120 visibiles
986 3083 1049 3119 con·
1075 3082 1132 3118 444
1156 3065 1345 3119 adscendisse.
1391 3065 1558 3120 Marloratus
1585 3067 1614 3121 in
1642 3085 1702 3139 cap.
1727 3076 1768 3125 11.
1797 3069 1912 3128 Martha

214 3157 353 3222 stitutum,
385 3153 577 3208 mansionibus
602 3149 784 3218 amplissimis
812 3151 989 3218 distinctum,
1018 3153 1049 3205 in
1078 3151 1200 3216 Ocelum,
1228 3152 1258 3205 in
1281 3154 1357 3220 quod
1377 3154 1518 3206 Dominus
1544 3162 1637 3207 444144·
1659 3157 1821 3224 adscendit,
1843 3159 1911 3212 iuvi·

216 3242 316 3309 quibus
334 3241 465 3294 localiter
482 3239 616 3291 sedeatur
634 3244 661 3289 et
679 3236 843 3292 ambulelur.
870 3235 1049 3307 Bullingerus
1076 3237 1280 3291 sibilisPalris
1295 3239 1391 3307 pluria
1409 3247 1448 3292 441
1469 3248 1495 3292 41
1515 3240 1659 3294 inaccessa
1677 3241 1837 3296 divinitatis
1853 3245 1911 3299 144.

215 3328 374 3382 1014401410
384 3327 419 3380 44
432 3325 507 3380 verb.
517 3338 634 3377 coenae:
655 3325 768 3375 Dentre
783 3322 1049 3391 DeiinSere'pturis
1075 3322 1177 3378 Confer
1206 3323 1282 3378 dicta
1316 3323 1443 3393 superius
1474 3329 1497 3389 §.
1526 3330 1566 3381 15.
1594 3332 1623 3380 41
1647 3326 1766 3382 dicenda
1795 3328 1911 3383 inferius

215 3434 271 3470 non
292 3423 401 3468 tantum
425 3412 563 3479 scalpitur
592 3427 647 3478 pro
674 3409 807 3463 immensa
829 3411 888 3463 Dei
914 3411 1049 3479 potentia,
1074 3412 1095 3474 1.
1116 3415 1173 3466 llll.

214 3504 267 3556 sed
284 3508 310 3554 et
325 3516 381 3568 pro
400 3499 463 3552 1444
477 3498 507 3550 in
523 3493 609 3549 444114
622 3503 706 3558 certo,
725 3495 755 3548 in
773 3512 828 3563 quo
843 3494 970 3548 Chrs'slvs
988 3514 1050 3549 cuns
1112 3499 1170 3551 164.
1196 3501 1220 3551 4.
1231 3493 1276 3548 114
1286 3492 1398 3549 dotibus
1409 3493 1556 3562 glorificati
1568 3497 1913 3566 corporisnimistenniter

215 3588 310 3642 electis
328 3593 460 3638 versetur.
496 3581 573 3634 ldem
592 3580 620 3633 in
639 3596 736 3635 comni.
755 3579 819 3636 leh.
838 3586 877 3635 14.
890 3582 1049 3636 morosiores
1076 3586 1104 3633 et
1128 3579 1236 3632 exiliter
1264 3578 1396 3633 sentiunt.
1447 3585 1468 3634 1.
1499 3579 1729 3635 Invisibilitalem
1757 3581 1912 3660 deuphibus

216 3673 246 3726 in
266 3675 349 3726 domo
368 3670 468 3722 Patris
488 3666 630 3733 coelestis,
656 3664 953 3735 (requiescionis,
980 3684 1005 3722 v.
1026 3673 1049 3722 l.
1075 3669 1188 3736 negant.
1225 3662 1396 3733 Theophilus
1410 3663 1543 3719 Mossnns
1557 3682 1629 3721 suno
1648 3673 1722 3724 lere.
1741 3669 1911 3725 414444141ἰο

216 3756 363 3826 corporali
380 3756 463 3807 medo
486 3752 515 3806 in
534 3751 610 3805 coelo
629 3751 774 3805 distinctas
794 3768 855 3806 esse
873 3758 999 3806 autumat
1016 3769 1049 3807 sc
1076 3767 1139 3805 nem
1163 3749 1251 3804 edidit
1274 3750 1309 3800 de
1329 3750 1491 3804 visibilitate
1516 3754 1644 3824 corporis
1662 3752 1784 3820 Christi,
1807 3756 1837 3809 in
1855 3773 1912 3826 qus

215 3843 345 3899 mirificas
365 3840 400 3894 de
417 3837 554 3892 distinctis
571 3836 626 3890 illis
646 3837 752 3891 cellulis
769 3838 973 3907 speculationes
987 3855 1049 3908 pro·
1076 3836 1194 3906 probare
1219 3838 1348 3900 conatu,
1374 3852 1477 3903 corpus
1498 3835 1606 3890 Christi
1631 3839 1718 3907 (quod
1743 3857 1798 3894 non
1822 3842 1911 3897 solum

214 3930 300 4000 ponit.
341 3926 474 3980 Danaeus
490 3924 520 3976 in
538 3938 610 3992 resp.
629 3922 666 3976 44
685 3922 801 3977 Frisehl.
845 3923 952 3978 Christi
969 3933 1049 3979 natu·
1076 3929 1119 3977 est
1136 3920 1319 3992 glorificatum
1333 3922 1382 3979 sed
1396 3921 1479 3975 etiam
1488 3920 1579 3994 Λόγῳ
1597 3925 1778 3993 personaliter
1792 3929 1912 3993 unitum)

214 4034 277 4069 ram
299 4015 451 4067 humanam
478 4010 508 4061 in
532 4008 608 4062 coelo
629 4016 659 4060 ut
682 4009 713 4061 in
730 4009 906 4076 amplissima
925 4011 1049 4077 44441444
1075 4028 1131 4062 444
1155 4023 1238 4074 posse
1266 4024 1323 4060 non
1345 4008 1453 4072 videri,
1483 4008 1639 4077 ubieunque
1657 4027 1796 4078 praesens
1823 4015 1913 4070 adest.

214 4110 240 4157 el
256 4118 320 4153 vere
338 4098 418 4164 reaia
437 4096 506 4149 avla
525 4094 668 4147 liberrime
686 4093 797 4147 versari
820 4112 881 4147 eum
899 4096 1004 4148 4444114
1022 4105 1049 4148 41
1074 4113 1102 4164 p.
1116 4098 1155 4149 12.
1168 4093 1260 4162 rejicit
1278 4091 1485 4146 distinctionem
1503 4093 1576 4148 inter
1595 4093 1783 4152 visibilitatem
1800 4101 1913 4152 ratione

214 4187 323 4254 4444114
345 4192 464 4237 414444
488 4181 533 4234 hio
551 4198 624 4232 nunc
643 4178 704 4232 illic
727 4180 873 4246 oberrare,
903 4199 964 4234 cum
988 4183 1049 4235 illis
1075 4188 1155 4232 actus
1170 4178 1261 4246 primi
1279 4185 1304 4230 el
1324 4179 1449 4231 secundi.
1486 4178 1561 4232 Bene
1580 4179 1608 4232 in
1629 4187 1722 4235 annot.
1745 4188 1768 4237 1.
1787 4182 1850 4239 Cor.
1874 4191 1912 4240 lb.

216 4269 396 4326 obambulare
419 4265 764 4330 1444144144441414414,
788 4266 921 4333 meridie,
941 4275 1048 4334 septen·
1075 4270 1103 4320 et
1117 4263 1247 4318 Pezclins
1267 4270 1341 4318 cont.
1363 4262 1458 4318 Hunn.
1481 4282 1509 4334 p.
1531 4265 1757 4335 resceperunt,
1777 4285 1834 4321 non
1854 4287 1913 4323 esse

215 4359 314 4425 trione,
340 4371 430 4421 supra
445 4353 488 4406 vel
503 4353 585 4416 infra
603 4370 669 4415 444,
689 4359 753 4404 4414
771 4351 816 4404 441
829 4368 919 4419 pone,
940 4369 1049 4420 semper
1075 4368 1142 4405 vero
1168 4366 1305 4419 corpora,
1331 4367 1402 4417 quae
1425 4358 1490 4403 actu
1516 4368 1572 4404 non
1596 4359 1756 4408 cernantur.
1794 4359 1817 4409 2.
1843 4354 1913 4409 Illo·

215 4442 357 4498 44144414
373 4439 453 4492 44110
470 4437 527 4490 nisi
552 4438 582 4490 in
601 4455 657 4490 uno
674 4437 772 4505 aliquo
791 4445 868 4490 certo
888 4438 961 4491 coeli
980 4439 1049 4493 1444.
1076 4436 1218 4491 4411141444
1237 4451 1292 4488 non
1313 4433 1404 4489 minus
1425 4443 1597 4506 oppugnant.
1634 4438 1867 4510 oecolampadius
1884 4441 1914 4495 in

215 4531 374 4585 Besalem
398 4533 420 4581 1.
440 4540 554 4594 operum
574 4541 601 4593 p.
619 4528 678 4579 590.
697 4523 780 4576 illinc
798 4524 843 4591 (ex
862 4523 922 4577 loco
940 4524 1050 4579 illoDei
1076 4521 1408 4592 10441111144414144
1420 4522 1539 4586 fratres
1552 4529 1635 4578 vocat
1647 4541 1703 4590 444,
1720 4525 1771 4593 qui
1789 4543 1914 4595 corpora

216 4621 245 4672 et
262 4614 432 4679 beatorum),
457 4627 512 4664 non
536 4617 628 4661 autem
647 4625 679 4662 44
695 4608 868 4676 ubiquilario
885 4609 963 4663 coelo
982 4610 1052 4665 dicit
1077 4607 1281 4676 resurpenlium
1300 4608 1329 4659 in
1346 4606 1437 4660 variis
1457 4607 1528 4660 locis
1547 4613 1793 4665 444444414441441
1817 4615 1913 4666 codem

218 4717 277 4755 esse
289 4700 431 4752 missuma
443 4696 531 4749 Patre
545 4694 652 4748 Filium
670 4701 696 4747 41
709 4693 740 4746 in
751 4694 862 4748 cosdem
874 4693 940 4748 illos
957 4696 1051 4751 coelos
1077 4701 1221 4758 momento,
1242 4691 1441 4759 quiefaciunt‚
1459 4694 1673 4763 444444414444
1685 4696 1914 4766 dimensionibus,

216 4793 375 4846 resumtum,
386 4782 434 4835 ubi
442 4781 537 4847 pharia
553 4788 578 4832 41
590 4780 694 4833 honore
706 4786 899 4832 coronaretur.
912 4779 1051 4836 anchius
1078 4789 1103 4834 et
1113 4797 1168 4832 nou
1182 4779 1278 4831 sinuat
1291 4794 1349 4830 esse
1362 4795 1492 4846 corpora.
1505 4777 1553 4834 lib.
1567 4783 1592 4833 l.
1603 4788 1752 4841 comment.
1764 4782 1794 4836 in
1802 4783 1914 4843 Daniel.

216 4871 263 4927 lib.
289 4876 312 4924 2.
338 4869 373 4921 44
397 4875 454 4923 nst.
476 4865 530 4919 Dei
555 4880 579 4918 o.
600 4868 625 4918 b.
647 4880 674 4931 p.
695 4868 751 4918 139.
774 4863 888 4929 eoelum,
916 4865 946 4919 in
974 4870 1052 4935 quod
1077 4883 1137 4936 cap.
1159 4869 1202 4920 12:
1226 4863 1305 4927 Suel,
1322 4864 1374 4930 qui
1388 4862 1429 4917 ite
1446 4866 1482 4918 de
1499 4868 1705 4920 resurrectione
1722 4877 1750 4922 et
1763 4868 1873 4923 Christi
1889 4879 1915 4926 41

219 4958 347 5012 Christus
368 4952 524 5015 adscendit,
543 4958 625 5005 voest
644 4951 803 5018 corporale,
828 4952 881 5003 sed
898 4959 991 5006 tamen
1009 4955 1051 5008 al·
1077 4959 1176 5009 nostra
1195 4951 1362 5020 loquuntur,
1380 4958 1411 5003 ut
1430 4967 1485 5004 444
1504 4960 1661 5020 appareat,
1683 4958 1823 5022 qreosnodo
1842 4959 1914 5013 veri·

217 5046 306 5098 terius
324 5040 434 5108 qeneris
452 5055 536 5106 quam
555 5038 593 5089 sit
612 5043 689 5090 terra
707 5036 820 5090 elcoeli
837 5036 887 5090 1411
902 5041 1051 5108 adspecta·
1078 5047 1162 5094 talem
1187 5035 1316 5104 corporis
1333 5035 1509 5105 relinquant,
1536 5038 1585 5092 cui
1607 5045 1633 5093 sl
1652 5039 1743 5094 locum
1762 5049 1788 5096 et
1807 5051 1915 5112 tempus

219 5131 294 5185 biles.
328 5123 496 5184 Neostudius
513 5123 543 5175 in
563 5121 673 5180 admon.
691 5122 727 5176 de
745 5121 806 5175 libr.
817 5124 946 5178 mucord.
966 5143 995 5195 p.
1010 5131 1052 5184 88.
1078 5140 1138 5179 esse
1156 5123 1256 5178 401441
1274 5125 1327 5176 etc.
1359 5120 1406 5176 Sic
1426 5138 1493 5193 ergo
1508 5123 1591 5192 juxta
1611 5124 1858 5196 Oeeolempsdium
1884 5131 1914 5184 in
1935 5164 1939 5181 .

218 5224 245 5272 et
263 5222 327 5272 268:
344 5211 460 5267 Caelum
479 5216 521 5262 441
535 5208 711 5262 domicilium
723 5209 838 5277 ‚beatum
855 5211 923 5276 Dei,
942 5221 1051 5267 saneto·
1078 5211 1136 5265 vita
1155 5214 1269 5265 aelerna
1287 5225 1344 5263 non
1363 5206 1452 5262 solnm
1470 5208 1524 5262 erit
1541 5209 1618 5265 locus
1635 5211 1780 5266 sedetiam
1796 5219 1913 5285 tempus

217 5321 280 5356 rum
294 5299 456 5366 nupciarum
473 5301 499 5347 41
512 5295 661 5358 homiuum,
680 5297 712 5348 in
728 5312 783 5364 quo
801 5295 949 5350 visibiliter
969 5304 995 5351 et
1011 5299 1051 5352 lo·
1078 5297 1178 5355 Pecus
1197 5294 1305 5365 Murtyr
1326 5293 1405 5348 cluss
1426 5298 1452 5348 e.
1470 5292 1522 5350 loc.
1540 5312 1637 5352 comm.
1653 5312 1716 5366 cap.
1739 5304 1777 5355 lb.
1794 5306 1845 5355 ert„
1867 5305 1914 5355 194

217 5389 319 5442 naliter
337 5389 465 5438 amemur
479 5381 605 5436 Christus
621 5398 711 5453 repra
722 5389 748 5435 el
764 5390 843 5436 estre
855 5400 948 5436 omnes
960 5384 1052 5438 coelos
1078 5385 1226 5452 Nusquam
1243 5382 1287 5436 uel
1307 5396 1407 5435 sacrae
1426 5379 1540 5445 literae,
1559 5383 1602 5436 vel
1615 5391 1853 5455 putrescemus,
1870 5387 1915 5441 041
