4050 6014
576 281 655 348 QUA
673 281 727 337 DE
746 282 841 338 VITA
856 280 907 338 JO.
928 279 1130 335 osannam
1142 279 1378 338 ulssuul'ruu.
1755 281 1829 337 XIII

128 437 308 513 cissimam‚
335 436 387 502 Jo.
411 434 545 521 Georgii
568 434 763 521 Neumeyeri
790 448 821 501 et
853 434 1074 511 Elisabethae,
1104 456 1186 519 quae
1212 435 1371 500 Jacobum
1397 433 1646 520 Schroederum,
1668 436 1831 501 consulem

129 538 367 621 Vinariensem,
389 550 511 622 patrem
533 536 696 621 habuerat,
719 537 825 601 filiam.
869 538 976 600 Mater
997 559 1082 616 vero,
1104 537 1167 599 iam
1190 548 1258 600 tum
1281 537 1432 601 defuncto
1448 538 1550 624 primo
1570 539 1693 614 marito,
1716 539 1831 604 itemm

129 639 174 705 D.
190 642 243 705 Jo.
261 638 424 705 Stromero
447 650 616 724 nupserat,
646 653 676 702 et
697 640 757 702 hoc
778 661 906 725 quoque
929 650 1054 702 mortuo
1076 660 1095 700 a
1117 639 1156 704 D.
1174 638 1228 703 Jo.
1244 637 1367 704 Maiore
1383 639 1414 702 in
1430 640 1665 705 matrimonium
1682 651 1832 724 cooptata

129 758 186 807 est..
233 740 316 806 Cum
343 741 402 805 hac
425 741 523 825 igitur
544 741 689 805 Barbara
711 739 896 805 Gerhardus
919 756 1025 804 noster
1048 739 1098 803 die
1133 743 1184 805 29.
1210 741 1334 826 Aprilis
1357 741 1518 828 sponsalia
1547 757 1577 808 et
1600 744 1652 806 die
1676 745 1725 808 19.
1748 743 1832 826 Sep·

131 845 266 909 tembris
287 845 415 929 nuptias
438 842 588 906 Vinariae
611 842 799 926 celebravit,
834 865 965 926 quarum
995 841 1249 908 solemnitatibus
1272 844 1543 909 serenissimomm
1571 845 1758 930 Principum
1778 843 1833 911 dc.

129 946 279 1012 Casimiri
303 958 336 1011 et
357 946 493 1011 Joannis
519 946 649 1010 Ernesti
681 945 821 1029 itemque
843 944 1073 1009 illustrissimae
1096 944 1256 1030 Principis
1272 945 1471 1011 Vinariensis
1494 960 1522 1010 et
1547 945 1831 1011 reverendissimae

127 1048 323 1113 Abbatissae
354 1046 664 1132 Quedlinburgensis
687 1048 785 1133 legati
812 1047 1032 1112 interfuerunt.
1086 1046 1179 1110 Licet
1209 1068 1283 1110 vero
1313 1048 1586 1133 exoptatissimum
1618 1063 1700 1112 esset
1734 1049 1832 1112 hocce

128 1150 344 1233 connubium,
376 1149 560 1213 diuturnum
595 1161 701 1213 tamen
730 1172 794 1213 non
822 1150 891 1212 fuit.
935 1148 1112 1231 Postquam
1139 1148 1223 1211 enim
1254 1150 1331 1213 haec
1354 1148 1514 1214 Gerhardi
1547 1150 1664 1213 coniux
1695 1160 1832 1213 exeunte

127 1275 214 1316 anno
239 1254 330 1317 1610.
353 1251 455 1335 primo
478 1273 581 1334 eoque
604 1249 793 1316 difficillimo
817 1266 909 1336 partu
932 1248 1064 1314 filiolum
1087 1263 1170 1312 esset
1193 1250 1302 1326 enixa,
1321 1252 1380 1314 sub
1409 1252 1584 1336 auspicium
1607 1250 1831 1334 subsequentis

127 1355 205 1418 anni
227 1375 338 1417 rursus
360 1353 528 1424 denatum3
560 1352 630 1436 ipsa
651 1353 684 1416 in
707 1353 854 1416 morbum
875 1352 1098 1436 gravissimum
1121 1351 1273 1437 implicita
1297 1376 1381 1416 anno
1405 1354 1516 1417 aetatis
1536 1354 1661 1417 decimo
1684 1353 1831 1437 septimo,

126 1455 272 1541 coniugii
289 1476 361 1517 vero
376 1455 470 1517 tertio
486 1454 631 1543 pondum
650 1453 818 1539 completo,
840 1453 891 1517 die
906 1456 957 1518 30.
976 1453 1057 1517 Maii
1073 1476 1157 1517 anno
1179 1456 1271 1519 1611.
1291 1455 1389 1519 vitam
1407 1479 1478 1520 curn
1496 1468 1597 1520 morte
1613 1454 1833 1519 commutavit.

127 1557 317 1622 Gerhardns
340 1569 464 1638 noster,
488 1556 714 1621 moestissimus
733 1557 796 1619 iam
812 1558 915 1619 factus
937 1555 1060 1637 viduus,
1084 1567 1115 1618 et
1137 1555 1229 1617 uxori
1245 1555 1539 1633 desideratissimae,
1562 1558 1712 1638 etunius,
1735 1579 1831 1640 quem

126 1659 182 1724 illa
214 1669 397 1746 pepererat,
427 1655 523 1720 filiolo
554 1656 737 1741 Heldburgi
767 1655 941 1743 intemplo
972 1656 1131 1741 oppidano
1156 1657 1262 1741 posuit
1285 1671 1541 1743 monumentum,
1572 1659 1604 1721 in
1635 1681 1699 1744 quo
1731 1657 1831 1743 ipsius

127 1782 260 1844 quoque
289 1781 392 1822 annus
422 1772 451 1822 et
482 1758 550 1824 dies
580 1758 762 1822 emortualis
785 1757 916 1823 inscribi
938 1757 1109 1841 aliquando
1132 1769 1249 1841 posset,
1271 1769 1423 1843 tanquam
1448 1761 1586 1845 ingentis
1608 1761 1657 1823 sui
1681 1759 1831 1824 desiderii

127 1876 289 1928 tesseram.

261 2014 314 2078 Ad
337 2011 435 2079 altera
457 2025 531 2077 vota
553 2036 617 2077 non
640 2013 763 2076 transiit
784 2013 846 2076 nisi
870 2013 1006 2077 triennio
1029 2012 1148 2097 elapso,
1179 2033 1243 2094 quo
1266 2013 1404 2077 Mariam
1426 2014 1707 2100 Martenbergiam,
1732 2015 1848 2100 patris

127 2117 183 2182 Jo.
207 2115 447 2200 Mettenbergii,
470 2114 647 2179 medicinae
670 2114 809 2179 doctoris
831 2127 862 2178 et
885 2113 1023 2179 consulis
1047 2113 1199 2190 Gothani,
1221 2116 1329 2178 matris
1353 2138 1426 2181 vero
1442 2114 1641 2192 Catharinae,
1663 2139 1702 2180 ex
1720 2118 1825 2181 136601-

127 2221 252 2282 diorum
279 2231 375 2304 gente
399 2217 573 2293 oriundae,
601 2215 716 2300 filiam,
747 2217 780 2280 in
803 2216 931 2280 thorum
952 2216 1015 2279 sibi
1037 2216 1178 2280 adscivit..
1224 2218 1361 2302 Nuptias
1383 2218 1554 2282 celebravit
1577 2217 1610 2280 in
1633 2216 1833 2282 610611616-

129 2321 284 2405 burgensi
306 2343 389 2385 anno
424 2322 516 2387 1614.
545 2319 703 2383 Kalendis
733 2319 854 2384 Martii.
915 2318 989 2403 lpse
1023 2318 1165 2383 Joannes
1194 2315 1370 2383 Casimirus
1401 2341 1473 2384 cum
1497 2320 1655 2385 Electoris
1677 2318 1830 2384 Saxonici

133 2423 242 2508 legato
270 2444 422 2506 sponsum
451 2422 484 2485 in
513 2420 665 2505 templum
699 2421 829 2485 deduxit
860 2433 956 2505 atque
985 2442 1042 2505 per
1071 2419 1284 2506 quadriduum
1313 2421 1495 2506 nuptiarum
1526 2421 1741 2487 solemnitates
1773 2445 1833 2487 sua

128 2523 312 2608 praesentia
332 2520 508 2587 illustravit.
553 2524 645 2586 Haec
666 2523 793 2605 coniux,
815 2545 911 2606 quam
931 2521 1102 2586 tenerrimo
1135 2544 1356 2605 necunquam
1381 2524 1557 2607 interrupto
1581 2523 1690 2587 dilexit
1715 2545 1832 2600 amore,

127 2648 185 2712 per
217 2636 280 2688 tres
309 2637 339 2689 et
378 2625 492 2709 viginti
521 2647 620 2688 annos
651 2623 695 2686 illi
719 2625 778 2688 fuit
803 2625 923 2689 sociata
951 2624 1148 2706 totidemque
1170 2646 1271 2687 annos
1294 2625 1322 2687 ei
1343 2640 1502 2710 superstes
1523 2626 1599 2706 fuit,
1630 2625 1681 2688 die
1703 2627 1831 2689 demum

130 2730 183 2792 30.
206 2725 315 2790 Martii
347 2726 422 2790 anni
453 2728 544 2790 1666.
566 2726 661 2789 rebus
692 2725 838 2788 humanis
871 2733 1002 2794 exemfa.
1054 2723 1206 2790 Sobolem
1236 2725 1405 2790 admodum
1435 2749 1637 2790 numerosam
1667 2752 1705 2791 ex
1733 2728 1831 2792 hocce

127 2827 332 2892 matrimonio
353 2827 431 2890 vidit
448 2825 645 2903 Gerhardus,
668 2849 707 2890 ex
728 2828 837 2892 decem
857 2839 963 2892 tamen
986 2826 1095 2891 liberis
1118 2839 1322 2904 sextantum,
1344 2849 1440 2910 quum
1459 2827 1492 2890 in
1508 2829 1643 2913 patriam
1660 2828 1829 2894 coelestem

127 2931 271 3014 intraret,
293 2928 423 3012 reliquit
443 2929 633 3015 impuberes.

259 3082 414 3146 Filiarum
432 3082 532 3145 altera
543 3081 731 3146 Elisabetha
746 3104 830 3146 anno
849 3085 939 3148 1643.
956 3082 1064 3169 nupsit
1079 3081 1200 3146 Simoni
1213 3082 1426 3160 Trandorffio,
1441 3085 1561 3168 pastori
1570 3083 1719 3147 Cahlensi
1736 3096 1832 3166 atque

127 3185 280 3271 epboriae
304 3184 563 3251 Orlamundanae
595 3184 761 3258 adiunct03
791 3183 889 3248 altera
918 3208 1010 3267 vero,
1032 3200 1109 3247 natu
1129 3184 1250 3263 minor,
1278 3186 1414 3270 primum
1445 3208 1528 3248 anno
1554 3188 1645 3251 1652.
1668 3203 1760 3249 nacta
1782 3194 1831 3247 est

58 3283 61 3286 ⁴
127 3286 278 3350 maritum
300 3287 352 3351 Jo.
380 3285 569 3369 Volckium,
601 3287 676 3350 artis
710 3285 858 3351 salutaris
888 3287 1052 3351 doctorem
1082 3298 1112 3350 et
1141 3286 1316 3370 practicam
1345 3285 1548 3368 Gothorum,
1575 3287 1741 3370 deinceps,
1770 3287 1830 3349 hoc
1907 3332 1910 3337 ψ

125 3390 375 3464 1110110016ὃὸ
397 3387 567 3454 Christian.
590 3386 815 3464 Chemnitium,
835 3392 1047 3474 professorem
1070 3404 1098 3452 et
1123 3389 1435 3473 superintendentem
1455 3390 1636 3471 Jenensem,
1658 3403 1726 3452 tum
1751 3403 1833 3451 tem-

129 3491 220 3577 poris
242 3490 383 3557 viduum.

260 3644 312 3707 Ex
334 3641 407 3706 filiis
429 3658 505 3705 natu
527 3643 700 3727 maximus,
719 3644 771 3707 Jo.
794 3644 948 3707 Ernestus
972 3642 1166 3720 Gerhardus,
1191 3666 1340 3729 magnam
1367 3643 1504 3707 nominis
1527 3656 1639 3707 nactus
1670 3655 1717 3706 est
1748 3641 1828 3707 cele·

124 3744 287 3811 britatem.
332 3747 429 3808 Anno
454 3747 545 3811 1621.
572 3745 674 3809 Jenae
700 3758 792 3809 natus
822 3768 893 3809 cum
920 3758 1019 3830 esset,
1049 3760 1171 3809 mature
1193 3744 1368 3809 litterarum
1391 3746 1548 3810 bonarum
1571 3745 1832 3830 praeceptoribus

124 3847 262 3911 traditus
285 3858 333 3911 est
366 3857 463 3930 atque
485 3846 548 3910 iam
572 3849 663 3913 1637.
693 3847 733 3910 ad
761 3846 911 3911 subsellia
940 3847 1121 3912 academica
1146 3869 1214 3911 sese
1237 3847 1379 3912 contulit.
1424 3849 1463 3913 In
1483 3848 1659 3910 litteratura
1681 3845 1828 3910 orientali

123 3948 300 4036 plurimum
334 3948 491 4034 praestitit
526 3961 621 4033 atque
651 3962 718 4012 tum
748 3949 780 4012 in
809 3949 877 4013 aliis
905 3950 1080 4013 litterarum
1105 3949 1295 4034 generibus,
1331 3961 1398 4013 tum
1424 3950 1456 4012 in
1489 3950 1549 4015 boc
1582 3948 1701 4033 scripta
1731 3947 1831 4011 edidit

124 4050 259 4116 minime
286 4050 527 4115 contemnenda.
580 4050 737 4118 Confecto
764 4050 874 4116 itinere
909 4050 1063 4116 litterario
1093 4051 1230 4137 primum
1260 4052 1421 4138 professor
1449 4051 1651 4116 historiarum
1685 4050 1832 4136 publicus

124 4155 162 4217 in
188 4153 350 4217 academia
370 4153 500 4218 Jenensi
532 4153 591 4216 fuit
621 4154 829 4230 constitutus,
862 4154 977 4217 deinde
1006 4176 1081 4218 vero
1111 4177 1194 4218 anno
1222 4157 1312 4219 1655.
1344 4155 1442 4219 arduo
1470 4153 1658 4240 professoris
1688 4151 1832 4240 theologi

125 4255 253 4319 muneri
276 4254 428 4319 admotus.
461 4255 608 4319 Tandem
629 4278 713 4318 anno
732 4258 823 4320 1668.
848 4254 972 4341 insigne
995 4256 1043 4319 sui
1061 4256 1255 4321 desiderium
1271 4257 1456 4341 relinquens
1472 4257 1567 4320 rebus
1582 4255 1667 4319 hisce
1683 4254 1832 4318 humanis

127 4372 259 4442 ereptus
290 4367 347 4422 est.
393 4357 429 4420 ln
453 4356 654 4420 matrimonio
684 4356 794 4420 habuit
817 4354 1021 4421 Catharinam
1043 4358 1277 4441 Elisabetham,
1300 4358 1427 4423 viduam
1451 4357 1710 4431 Schelhatnmeri,
1734 4354 1832 4420 medi·

128 4457 221 4522 cinae
250 4459 280 4522 in
312 4457 477 4522 academia
495 4458 628 4522 Jenensi
656 4458 858 4542 professoris,
886 4480 925 4521 ex
954 4480 1019 4543 qua
1048 4475 1173 4546 praeter
1201 4461 1279 4523 duas
1302 4459 1382 4523 filias
1411 4460 1541 4523 totidem
1572 4458 1710 4543 suscepit
1739 4457 1831 4534 filios,

124 4582 269 4644 quorum
291 4559 371 4624 alter
391 4560 443 4624 Jo.
458 4560 486 4622 F
489 4559 640 4623 ridericus
663 4561 790 4623 tandem
814 4562 922 4624 comiti
942 4560 1229 4646 Schwarzburgico
1253 4562 1292 4624 ab
1316 4561 1406 4625 aulae
1430 4574 1462 4625 et
1483 4561 1665 4625 consistorii
1688 4559 1833 4625 consiliis

122 4663 208 4737 fuit3
242 4662 322 4727 alter
353 4684 429 4726 vero
463 4662 515 4726 Jo.
537 4660 694 4726 Ernestus
721 4663 952 4748 professionem
980 4663 1190 4747 theologicam
1219 4663 1423 4728 Giessensem
1457 4664 1629 4728 exornavit.
1684 4665 1832 4746 Uterque

125 4762 239 4828 multis
262 4764 383 4828 meritis
407 4764 545 4827 inclutus
569 4787 783 4849 magnamque
805 4766 922 4828 famam
945 4779 1135 4828 consecutus
1156 4780 1214 4829 est.

264 4898 433 4964 Secundus
446 4898 606 4964 Gerhardi
630 4899 730 4963 nostri
754 4899 850 4976 filius,
872 4901 1017 4966 «Ioannes
1035 4899 1229 4985 Gerhardus,
1248 4913 1339 4965 natus
1361 4903 1465 4968 Jenae
1490 4904 1687 4968 ennomus.
1711 4923 1783 4966 cum
1798 4900 1832 4964 in

128 5000 220 5065 omni
243 5000 429 5066 eruditionis
461 5023 579 5087 genere
608 5000 671 5064 iam
694 5001 823 5087 egregie
845 5020 928 5067 esset
950 5015 1101 5083 versatus,
1131 5004 1175 5067 ita
1204 5014 1239 5067 ut
1262 5025 1334 5068 cum
1363 5003 1582 5068 eruditissimis
1604 5005 1696 5068 istius
1719 5001 1832 5067 aetatis

123 5101 205 5166 vitis
227 5101 378 5187 frequens
400 5103 462 5187 ipsi
484 5102 694 5167 intercederet
715 5103 938 5168 commercium
961 5103 1157 5191 litterarium,
1188 5105 1219 5168 in
1248 5105 1369 5191 optimo
1399 5107 1509 5172 aetatis
1531 5106 1608 5171 flore
1630 5116 1833 5191 praematura

121 5215 230 5268 morte
251 5205 400 5289 abreptus
424 5214 471 5269 est
491 5206 594 5271 Jenae
623 5228 706 5269 anno
729 5208 822 5273 1647.

256 5338 384 5403 Tertius
419 5340 562 5404 eiusdem
596 5339 698 5417 filins,
734 5340 785 5408 Jo.
820 5341 1001 5407 Fridericus
1031 5342 1233 5426 Gerhardus‚
1269 5344 1372 5409 Jenae
1408 5367 1490 5409 anno
1530 5345 1620 5408 1631.
1659 5343 1692 5406 iu
1727 5342 1831 5407 lucem

125 5440 246 5518 editus,
267 5441 301 5505 in
323 5442 485 5507 academia
513 5442 615 5531 patria
637 5442 751 5507 litteris
780 5466 910 5529 operam
944 5444 1042 5515 dedit.
1081 5445 1178 5510 Anno
1202 5448 1293 5513 1664.
1318 5446 1456 5511 doctoris
1477 5445 1618 5531 theologi
1640 5444 1832 5531 dignitatem
