4050 6014
627 297 678 351 DE
698 296 1028 354 CONSUMMATIONE
1048 295 1192 353 sucula.
1701 304 1756 360 181

61 454 126 507 dem
160 451 307 507 chiliastici
334 451 412 522 regni
444 458 567 522 tempore
596 452 713 508 Messiee
743 458 898 508 secuturam
927 471 1042 507 causam
1062 454 1156 521 dedit,
1181 454 1230 521 qui
1250 455 1291 505 ad
1308 453 1503 520 critiquitatem
1521 452 1612 520 ipsius
1635 467 1759 518 respera-

59 556 123 594 esse
141 539 287 594 somnient
323 537 456 609 Fingunt,
485 539 617 593 Judceoe
636 539 667 592 in
685 546 791 594 terram
809 540 899 594 tana-
925 549 998 595 nint.
1033 539 1124 595 Probe
1153 556 1217 595 vero
1246 538 1412 605 notandam,
1439 553 1512 607 quse
1540 536 1625 591 fuerit
1651 536 1760 591 occasio

59 643 165 681 rsaeam
181 643 239 681 esse
256 626 433 679 reducendae
452 625 536 694 inque
554 642 588 679 ea
608 626 700 680 omnis
717 627 829 695 pencris
848 628 900 679 de-
926 626 1024 681 erroris
1048 627 1076 680 in
1107 627 1210 696 Papia,
1247 643 1330 696 quem
1356 624 1459 679 ibidem
1487 622 1624 678 Eusebius
1651 622 1761 677 disertis

59 714 140 769 liciis
157 712 353 783 carpwalilue
370 712 521 780 fruituros,
540 713 704 781 cumprimis
718 712 902 782 veroinsipni
926 712 1017 769 verbis
1042 714 1172 783 exponit,
1199 712 1330 767 videlicet
1356 711 1430 782 quod
1456 711 1588 779 neplectie
1614 711 1658 764 oel
1686 718 1760 764 certe

60 802 187 871 pecodum
205 799 331 856 conuiuio
341 799 536 869 excipiendos,
553 801 632 868 quod
644 801 808 869 parandum
818 800 856 853 sit
869 817 901 854 ea
923 801 1013 870 parri
1032 800 1136 853 habau
1153 800 1312 871 Scripturis
1329 799 1499 853 traditiones
1510 797 1682 867 mastalicas
1696 815 1760 850 con·
1812 821 1816 843 ι

61 886 223 942 leviathan
243 886 323 955 prece
339 892 367 940 st
384 885 537 941 Behemoth
554 894 651 950 tauro,
674 892 793 954 atroque
811 886 901 940 mirae
926 887 1053 940 sectatus
1072 887 1167 947 fuerit.
1202 884 1249 940 Sic
1278 885 1350 939 enim
1379 898 1441 939 eum
1470 884 1629 954 loquentem
1658 882 1761 937 ibidem

61 972 269 1041 mapnitudinie
296 971 433 1040 animali,
456 990 491 1026 ac
517 972 583 1025 uino
608 973 642 1025 de
669 989 727 1041 pan
744 974 828 1026 Edon
852 987 901 1025 seu
927 972 1094 1027 introducit:
1122 972 1176 1025 Ubi
1194 972 1341 1041 quisptam
1358 972 1442 1039 vanu,
1460 971 1509 1038 qui
1526 971 1669 1023 seniorum
1686 986 1761 1022 csse·
1819 985 1822 988 ⁴

55 1061 216 1131 paradeo,
239 1057 515 1131 proclamasse
531 1061 631 1112 mundi
659 1059 770 1129 eripias
795 1059 836 1112 ili
858 1074 902 1112 re-
927 1067 1017 1112 ctator
1038 1061 1145 1125 fuerat,
1161 1058 1302 1111 seniorum
1313 1057 1399 1110 uerba
1415 1056 1602 1126 exquirebam,
1620 1055 1691 1125 quid
1702 1055 1761 1107 An·

60 1147 207 1202 conditum
232 1152 372 1213 emetur,
400 1145 559 1213 potandos;
587 1145 747 1199 demortuos
772 1145 902 1199 Judaeos
928 1148 1023 1213 circas,
1043 1146 1114 1214 quid
1130 1147 1242 1209 Petrus,
1262 1145 1332 1213 quid
1351 1144 1512 1214 Philippus,
1540 1143 1611 1211 quiri
1631 1142 1762 1209 Thomas,

59 1240 164 1303 putant
182 1230 380 1285 resrsecitatum
399 1230 448 1298 iri,
472 1237 504 1283 ut
520 1232 591 1296 haret
609 1231 695 1297 hujus
714 1231 818 1297 paudii
832 1249 901 1301 par·
927 1239 977 1284 aut
997 1232 1137 1296 Jacobus,
1168 1238 1217 1285 aut
1240 1231 1401 1300 Johannes,
1428 1231 1486 1282 siae
1511 1229 1691 1296 Matthaeus,
1720 1229 1763 1282 vel

60 1319 181 1389 tiespee5
201 1325 343 1386 utrosque,
361 1324 419 1370 tam
431 1315 508 1371 riuos
521 1333 606 1384 11111
622 1323 754 1381 mortuos,
771 1317 845 1371 citae
858 1333 901 1372 re·
928 1318 1004 1372 alius
1022 1318 1170 1386 quiequam
1187 1334 1220 1371 ea
1240 1317 1391 1388 discipulis
1406 1315 1531 1378 Domini,
1551 1317 1622 1385 quid
1634 1316 1763 1370 Aristion

60 1406 175 1459 11111111
199 1405 240 1457 ad
263 1403 353 1457 mnata
380 1402 479 1456 secula
500 1403 561 1456 siae
585 1403 681 1457 morbo
704 1419 740 1456 ac
763 1403 902 1471 1111111111,
928 1411 955 1458 et
980 1405 1076 1457 senior
1102 1404 1265 1466 Johannes,
1302 1402 1440 1471 discipuli
1467 1402 1600 1471 Domini,
1628 1401 1762 1458 dicerint,

60 1492 120 1545 imo
143 1489 205 1545 eine
231 1496 370 1543 8811111111
395 1487 483 1541 citam
508 1490 711 1558 producturos,
734 1496 902 1559 perpetuam
930 1491 1096 1558 Capitulum
1113 1492 1195 1555 enim,
1215 1507 1257 1544 me
1277 1508 1333 1544 non
1351 1496 1460 1542 tantum
1472 1488 1607 1542 utilitatis
1626 1504 1659 1542 ea
1672 1488 1762 1555 libris,

61 1577 141 1633 airis
154 1575 356 1645 vlasseripaitatem
380 1590 525 1640 senuaar,
552 1575 625 1628 lona
647 1575 770 1644 pontium
791 1591 902 1645 posses·
928 1584 1061 1648 mantum
1084 1594 1117 1631 ea
1144 1578 1210 1630 uiua
1234 1595 1268 1630 aa
1292 1581 1475 1646 permanente
1500 1592 1567 1628 uoce
1596 1576 1763 1629 relatu-rum.

60 1680 156 1732 suros,
178 1662 209 1716 in
226 1679 336 1717 mmmc
352 1662 427 1725 auri,
451 1661 564 1730 arpenti
581 1669 607 1713 et
623 1660 798 1730 uoluptatum
815 1662 901 1716 abun·
928 1662 974 1718 Sic
990 1680 1057 1734 ergo
1075 1663 1247 1719 memorabili
1263 1662 1367 1732 Papiae
1384 1663 1510 1732 exemplo
1525 1661 1602 1715 Deus
1619 1661 1763 1716 ecclesiam

61 1749 166 1805 dantia
178 1755 317 1819 perpetuo
334 1748 458 1802 uictmos
477 1754 529 1804 stc.
561 1745 681 1811 Quidem
697 1747 805 1802 addunt
823 1765 901 1801 ocem
928 1765 1038 1805 monere
1060 1749 1161 1818 voluit,
1190 1766 1273 1820 quem
1293 1749 1477 1819 periculosum
1504 1749 1540 1802 sit
1565 1749 1685 1802 incertus
1708 1756 1762 1802 trs·

61 1838 123 1902 Zia,
141 1852 215 1906 puae
229 1833 517 1902 Bariuchnedieitur,
535 1833 615 1903 cujus
628 1833 781 1904 quentseit
795 1833 901 1905 magni·
928 1837 1048 1892 ditiones
1070 1837 1269 1906 praetermissis
1289 1836 1438 1907 Scripturis
1461 1836 1547 1907 sequi.
1582 1833 1686 1890 Confer
1714 1834 1762 1891 Ni·

61 1923 141 1988 tudo,
159 1926 278 1994 epperet
296 1936 331 1975 ex
348 1936 390 1987 eo,
408 1919 482 1991 quod
500 1918 620 1991 tingunt,
640 1936 720 1974 ouum
732 1920 794 1987 ejus
807 1921 901 1973 cnido
927 1923 1077 1994 cephorum
1094 1922 1141 1978 lib.
1162 1928 1185 1978 s.
1204 1922 1268 1979 hist.
1289 1921 1387 1978 eccles.
1411 1939 1434 1979 1.
1455 1927 1496 1978 111.
1532 1922 1661 1978 Ceterum
1687 1922 1761 1994 quod

61 2011 181 2079 ejectum
199 2006 356 2077 stipando
384 2007 469 2074 lapsa
495 2022 546 2060 suo
572 2006 745 2073 coufrtot'wt
765 2013 901 2060 1160611101
928 2009 1065 2066 Eusebius
1083 2009 1171 2074 addit,
1192 2010 1317 2078 Papiam
1334 2009 1568 2078 quamplurimis
1588 2017 1655 2079 post
1672 2027 1703 2064 ee
1721 2026 1763 2063 cc·

61 2097 166 2151 cedros
184 2101 210 2149 et
227 2094 404 2157 confractum
428 2092 610 2146 suanenses
633 2092 781 2162 sesapinta
800 2109 901 2162 papae,
929 2096 1095 2152 aleuasticie
1119 2096 1189 2149 ciris
1213 2096 1340 2163 ejusdem
1368 2096 1475 2148 erroris
1501 2113 1616 2148 causam
1643 2096 1763 2164 aedues,

60 2181 193 2253 quodque
211 2181 277 2250 ipsa
287 2179 349 2234 acie
361 2179 530 2248 ecpaneions
547 2178 662 2233 alaram
675 2195 791 2232 suarum
801 2180 900 2249 sphac-
926 2183 1002 2238 illius
1021 2181 1098 2237 effeti
1115 2183 1259 2237 ventetem
1280 2182 1419 2237 luculente
1432 2198 1483 2236 suo
1496 2181 1661 2236 confirmant
1674 2197 1762 2236 exem-

60 2287 128 2324 ram
154 2268 225 2324 solie
249 2273 393 2334 contspere
414 2265 514 2334 possit.
549 2264 583 2318 In
605 2263 727 2320 'I'elmud
751 2264 848 2322 ordine
877 2272 901 2322 t.
928 2269 973 2339 plo
991 2269 1132 2337 Juetiaus,
1149 2270 1294 2338 Irenaens,
1320 2269 1531 2336 Apollinemne,
1560 2268 1762 2333 Tertullianum,

10 2364 46 2404 Π·
60 2361 142 2413 nect
161 2359 185 2411 1.
204 2359 359 2425 nugentur,
383 2354 478 2406 Deum
496 2351 597 2420 quinta
616 2353 664 2406 die
680 2368 792 2406 creasse
808 2352 901 2423 pisces
932 2357 1093 2410 Victorinus
1106 2356 1305 2424 Pictauiensis‚
1323 2357 1421 2424 Nepos
1443 2355 1608 2423 Aepyptius,
1635 2354 1762 2419 Severus,

61 2446 136 2499 duos
162 2440 368 2512 mapnitudime
385 2456 479 2510 paene
503 2439 715 2508 interminatae,
743 2440 901 2494 Leuiathan
929 2442 1083 2511 Sulpiciae,
1105 2442 1247 2496 Coracion
1270 2450 1295 2495 et
1308 2442 1485 2504 Lactantius,
1506 2442 1554 2512 qui
1572 2440 1763 2496 omnesOhili·

58 2529 239 2601 appellatae,
265 2544 383 2598 morum
402 2544 552 2596 corporum
568 2527 727 2583 omlitatem
753 2544 815 2581 cum
840 2527 902 2596 ipse
927 2529 1031 2584 1111181
1056 2528 1181 2600 opinioni
1213 2529 1419 2599 applauserunt.
1464 2528 1547 2585 Unde
1572 2528 1708 2582 Batonius
1733 2527 1762 2581 in

58 2634 156 2674 secum
173 2616 268 2670 animo
281 2607 481 2685 perpenderet,
498 2614 610 2680 omina,
629 2630 663 2667 ne
684 2630 764 2667 omne
779 2614 901 2683 piscium
927 2615 1019 2671 annal.
1036 2632 1100 2670 ann.
1117 2620 1173 2672 118.
1192 2622 1259 2670 sect
1274 2621 1298 2670 2.
1313 2615 1417 2680 scribit,
1435 2615 1544 2667 ultimis
1559 2616 1685 2682 Trajam'
1697 2623 1762 2667 tem·

58 2720 149 2772 psum
167 2719 187 2756 a
209 2709 268 2756 tam
293 2701 404 2769 maenis
425 2699 515 2754 beluis
541 2699 732 2768 depluterstur
758 2707 785 2754 et
809 2716 844 2753 ne
866 2701 901 2752 ab
924 2702 1042 2771 poribus
1062 2719 1187 2756 errorem
1205 2702 1356 2770 irrepsisse
1374 2702 1404 2753 in
1422 2702 1574 2755 nonnullos
1598 2701 1696 2766 fideles
1713 2719 1761 2755 aa·

60 2790 135 2860 ipris
156 2798 235 2844 mare
256 2788 416 2843 uniuersum
445 2786 569 2856 nauipiie
594 2786 699 2839 inuium
724 2788 901 2855 redderetur,
928 2796 1004 2842 ctare
1022 2789 1118 2856 Papia
1136 2788 1267 2856 episcopo
1288 2787 1509 2856 Hioeopolitano
1529 2789 1565 2840 sle
1590 2788 1762 2850 millenario,

58 2878 159 2946 sicque
178 2875 296 2930 humani
312 2873 423 2942 9118118
443 2871 608 2927 commemia
632 2873 745 2941 penitus
771 2872 900 2927 tolleren-
927 2890 1008 2942 quem
1028 2874 1228 2943 Apollinarius
1242 2874 1419 2943 pertinacius
1434 2876 1644 2943 propupnanrto
1657 2875 1686 2926 in
1698 2875 1761 2928 hac·

59 2973 119 3028 trer,
134 2963 162 3017 ei
180 2978 213 3016 ea
224 2960 286 3017 cilis
301 2960 401 3030 proles
416 2966 640 3029 propaparetur,
659 2958 763 3013 oceidit
780 2959 898 3022 formel-
926 2962 1002 3015 resin
1026 2961 1202 3031 perduxerit.
1237 2961 1369 3014 Justirsus
1395 2961 1425 3016 in
1443 2961 1510 3021 dial.
1531 2979 1593 3016 cum
1611 2960 1762 3032 Tryphone

59 3051 122 3105 lam
139 3056 165 3103 et
182 3064 216 3103 cc
243 3048 306 3116 eine
327 3045 423 3100 saluis
446 3044 579 3100 mnibus
599 3044 770 3099 salsamenta
794 3045 900 3100 (111111-
926 3065 991 3119 pag.
1010 3053 1069 3105 139.
1089 3048 1131 3102 111
1150 3046 1260 3102 scribit:
1297 3049 1361 3115 Epo
1386 3057 1479 3102 autem
1505 3057 1531 3103 et
1548 3050 1575 3102 ei
1596 3049 1648 3117 qui
1669 3058 1763 3102 rectae

59 3137 173 3194 &mima
192 3135 311 3206 parauit
333 3133 418 3201 iustis
435 3139 461 3187 et
478 3131 574 3187 electis
597 3132 657 3185 asie
675 3140 744 3201 post
767 3133 839 3186 hanc
861 3133 900 3186 ui-
923 3152 978 3205 per
996 3135 1092 3189 omnia
1110 3134 1264 3188 seruantiae
1284 3133 1446 3188 Christiani
1464 3142 1537 3202 sunt,
1560 3142 1586 3188 et
1603 3137 1701 3189 carnis
1718 3152 1761 3189 rc·

59 3233 121 3279 tam
138 3223 323 3289 comedenda,
348 3218 504 3274 mmmslam
527 3234 593 3272 cero
614 3217 670 3272 sili
691 3220 782 3272 uicum
810 3235 900 3273 reser-
926 3221 1126 3276 surrectionem
1144 3223 1274 3286 futuram
1291 3220 1433 3283 nouimus,
1462 3230 1488 3274 et
1516 3221 1593 3275 mille
1616 3239 1707 3275 annos
1732 3221 1763 3274 in

59 3310 147 3375 eavit,
162 3316 194 3363 ut
212 3325 275 3362 cum
291 3323 324 3362 eo
340 3305 485 3360 1111181111
504 3305 562 3359 diei
578 3304 657 3358 horis
675 3305 801 3373 quotidie
821 3305 900 3360 lude·
929 3309 1107 3362 Hierusalem
1125 3307 1286 3360 instaurata
1304 3315 1330 3360 et
1348 3315 1483 3361 masnata
1502 3315 1528 3361 et
1545 3308 1686 3374 dilatata,
1709 3308 1762 3360 sic·
1776 3313 1818 3356 Η.
1833 3315 1865 3356 98.

59 3404 118 3465 ret,
149 3412 204 3464 quo
233 3393 446 3448 accommodant
474 3390 551 3446 aaa
584 3389 684 3446 Pselm
716 3397 772 3455 104,
800 3409 826 3445 v.
852 3396 898 3446 261
926 3403 956 3449 ut
979 3395 1134 3464 prophetae
1159 3395 1289 3449 Ezechiel
1312 3402 1338 3447 et
1367 3394 1474 3447 Esaias
1497 3401 1523 3447 et
1552 3395 1608 3447 alii
1634 3394 1761 3463 promul·
1800 3389 1810 3412 “

61 3485 162 3538 Draco
180 3483 340 3548 1811111111
359 3478 470 3543 creasti,
488 3484 518 3530 ut
535 3494 597 3530 cum
615 3493 649 3532 eo
666 3477 790 3534 luderes.
826 3476 899 3532 Vide
924 3489 1003 3550 pant.
1037 3497 1102 3551 peg.
1122 3487 1187 3538 240:
1222 3481 1271 3535 Vir
1289 3483 1371 3550 apud
1389 3497 1440 3534 nos
1456 3480 1580 3548 quidam,
1598 3481 1646 3534 cui
1661 3496 1779 3534 nomen.

59 3570 162 3626 libram
173 3564 286 3623 Abcoth
297 3564 412 3631 Rocbel,
432 3563 461 3619 b.
474 3579 497 3620 s.
510 3563 665 3634 specierum
679 3563 899 3628 aromaticarum,
926 3576 988 3622 erat
1007 3568 1166 3632 lohannes,
1194 3585 1208 3621 e
1228 3567 1375 3622 duodecim
1397 3567 1534 3635 apostolis
1552 3565 1660 3620 Christi
1682 3584 1761 3634 ranan,

59 3655 143 3712 Aben
163 3655 237 3708 Erre
253 3659 282 3707 et
298 3649 402 3706 Reeohi
421 3650 450 3704 in
475 3649 632 3720 perusohim
657 3649 732 3720 epud
752 3649 899 3705 Hslricum
926 3657 956 3708 tn
983 3672 1032 3722 ec,
1063 3671 1135 3723 quae
1159 3655 1207 3708 illi
1235 3655 1355 3708 exhibito
1382 3662 1437 3722 eet,
1464 3653 1634 3707 revelatione
1657 3653 1763 3711 Christi

58 3740 164 3800 1111111
191 3739 320 3797 dedecor.
345 3737 427 3793 tenio
453 3754 516 3808 oep.
541 3742 565 3792 ².
596 3737 634 3793 de
655 3735 747 3792 officio
773 3736 900 3806 Messius,
926 3741 1025 3806 fideles
1041 3749 1151 3795 nostroe
1171 3758 1261 3795 annos
1279 3741 1357 3795 mille
1370 3740 1578 3807 Hierosolymis
1591 3747 1762 3808 peracturos

24 3839 27 3844 '
61 3825 245 3885 antorffium
264 3826 293 3880 in
311 3841 411 3896 synug.
431 3824 542 3883 Judsia
563 3840 624 3894 cap.
640 3828 681 3880 36.
698 3841 726 3893 p.
747 3828 806 3879 511.
927 3843 985 3881 esse
999 3829 1205 3897 praeloquatur
1223 3835 1272 3894 eet,
1291 3845 1325 3880 ac
1341 3834 1441 3896 postea
1461 3826 1648 3879 universalem
1664 3833 1705 3891 st,
1731 3835 1762 3880 ut

96 3919 139 3971 18.
174 3917 199 3969 i.
224 3911 384 3982 Optendum
409 3925 489 3979 vero,
517 3926 582 3964 oum
606 3908 739 3963 Cerintho
759 3909 804 3964 ecl
824 3915 899 3964 certe
925 3914 1009 3969 semet
1027 3915 1138 3978 dream,
1162 3916 1360 3983 sempiternam
1383 3914 1507 3967 omnium
1530 3914 1702 3966 unanimiter
1725 3915 1762 3966 si·

60 4017 124 4057 cum
142 3999 272 4055 Judaica
290 4016 436 4068 eynapopa
457 3996 612 4052 chiliastios
629 3995 679 4052 1118
690 3996 797 4051 somnia
812 3994 898 4050 fuisse
925 4000 983 4053 mel
1001 4000 1236 4054 resurrectionem
1250 4008 1275 4054 et
1287 4001 1431 4069 judicium
1442 4001 1586 4065 faturum,
1611 4001 1762 4053 Irenaeum

59 4086 184 4158 sepulte,
211 4084 262 4140 sed
277 4079 375 4155 segne
394 4082 505 4154 nequit,
531 4085 669 4152 quosdam
686 4100 719 4136 ec
736 4082 897 4152 ampsua-
924 4086 1087 4142 tlhiliestem
1106 4086 1201 4153 fuisse,
1217 4092 1302 4141 testes
1320 4093 1385 4140 sunt
1403 4086 1539 4142 Eusebius
1561 4087 1586 4141 d.
1607 4087 1624 4139 l.
1644 4093 1671 4141 et
1692 4085 1759 4140 Hic·

60 4175 113 4228 mss
132 4172 267 4227 molesme
287 4172 448 4226 merenas
466 4169 564 4225 eedem
584 4187 618 4225 ex
637 4176 718 4240 perte
735 4169 898 4225 111181811-
925 4190 1055 4243 ronymus
1082 4174 1111 4227 in
1140 4175 1259 4244 cstelog.
1288 4172 1436 4228 illustrium
1464 4174 1493 4226 in
1516 4189 1578 4241 cap.
1608 4173 1643 4226 dc
1663 4171 1760 4242 Papia,

61 4261 167 4331 plexos.
202 4258 247 4314 De
267 4259 380 4327 Papia,
399 4258 528 4328 episcopo
545 4256 770 4328 Hieropoliteno,
792 4255 840 4326 qui
857 4256 897 4311 in·
925 4262 974 4316 sed
1000 4262 1028 4314 in
1046 4261 1170 4332 quinque
1196 4261 1250 4316 illis
1275 4261 1352 4315 libris
1381 4261 1487 4316 Irenaei
1510 4260 1574 4316 adv.
1599 4259 1760 4325 haereticos,

61 4353 104 4402 ter
120 4345 183 4417 pios
201 4349 309 4401 veteres
327 4343 434 4415 primus
446 4343 617 4399 chiliasticse
635 4343 773 4414 opinionis
792 4344 898 4399 semine
925 4348 973 4417 qui
990 4347 1082 4402 adhuc
1101 4354 1257 4417 supersunt,
1277 4348 1386 4402 disertis
1405 4346 1495 4400 verbis
1516 4346 1583 4400 illud
1601 4363 1657 4400 non
1677 4345 1760 4400 habc-

60 4431 170 4504 spnrsit,
190 4431 230 4486 sio
247 4429 344 4486 scribit
362 4429 500 4486 Eusebius
520 4431 570 4486 lib.
592 4436 616 4487 t.
635 4430 699 4486 hist.
717 4429 814 4484 eccles.
835 4447 896 4500 cep.
923 4442 976 4487 tur.
1012 4434 1132 4497 Quidem
1150 4434 1219 4488 illud
1239 4433 1370 4503 colligere
1396 4433 1493 4487 volunt
1517 4449 1550 4486 ex
1571 4432 1617 4487 lib.
1635 4439 1658 4487 3.
1677 4449 1699 4486 c.
1718 4439 1759 4489 23.

60 4524 106 4576 ii:
137 4519 282 4582 0111811111
299 4517 374 4570 idem
392 4523 593 4570 commentatur
620 4524 752 4586 tanquam
777 4532 812 4570 ec
834 4517 898 4569 uiua
923 4536 989 4590 pag.
1008 4526 1066 4576 352.
1091 4521 1138 4574 ubi
1159 4519 1241 4574 dicit:
1274 4522 1412 4589 Quotquot
1442 4519 1539 4573 dietas
1567 4520 1612 4573 hic
1638 4523 1760 4573 mundus

59 4606 214 4662 traditione
233 4606 274 4658 ad
291 4619 321 4658 ee
337 4604 432 4657 relata
451 4610 477 4656 et
491 4603 662 4672 pereprinas
677 4605 813 4671 quasdam
830 4602 897 4669 &l-
923 4607 1019 4670 factus
1039 4614 1087 4673 est,
1106 4615 1145 4660 tot
1166 4616 1192 4660 et
1210 4607 1334 4660 millenis
1355 4615 1571 4673 consummatur,
1591 4607 1657 4676 quis
1674 4606 1760 4662 Chili-

60 4693 166 4748 oatorie
186 4691 347 4761 parabolas
364 4698 390 4746 et
409 4691 556 4745 doctrinae
574 4709 636 4746 cum
661 4690 729 4744 aliis
752 4689 897 4743 nonnullis
923 4697 1001 4747 estse
1027 4697 1167 4761 81811111,
1196 4692 1341 4763 eompletis
1366 4708 1413 4745 sex
1439 4709 1572 4747 annorum
1599 4692 1720 4748 millibus
1743 4711 1761 4748 a

59 4778 204 4844 [11111111
220 4778 337 4847 adjecit,
354 4777 384 4831 in
405 4778 502 4847 aumas
522 4779 607 4832 etiam
626 4777 803 4832 millenarios
817 4793 897 4846 patos·
924 4778 1026 4833 mundo
1043 4778 1155 4833 condito
1170 4779 1372 4833 Antichristum
1384 4797 1447 4833 cum
1462 4780 1590 4835 omnibus
1603 4781 1661 4835 suis
1674 4799 1760 4835 mem-

61 4870 128 4922 dam
149 4884 287 4921 annorum
308 4873 374 4935 past
396 4866 627 4920 resurrectionem
652 4872 825 4918 mortuorum
845 4865 897 4932 su·
924 4864 990 4931 brie,
1010 4865 1139 4920 videlicet
1158 4866 1314 4921 bominibus
1334 4866 1434 4936 impiis,
1454 4882 1516 4921 esse
1536 4868 1707 4936 perdendum
1727 4885 1760 4923 81

61 4963 140 5009 turos
157 4954 241 5021 dicit,
268 4953 299 5008 in
317 4953 417 5022 paitru
436 4969 552 5021 repnum
575 4951 729 5006 christiin
747 4951 801 5005 hac
819 4958 898 5004 terra
925 4952 1068 5023 ligandum
1087 4953 1235 5018 Setansm,
1264 4959 1296 5008 ut
1315 4954 1425 5008 iuterim
1442 4970 1491 5024 per
1510 4954 1658 5024 septimum
1676 4971 1760 5008 enno-

59 5041 248 5112 corporaliter
272 5040 424 5095 consistere
447 5039 561 5102 deleat,
591 5054 663 5106 quae
693 5038 775 5092 illum
804 5054 836 5091 ce
864 5053 897 5090 eo
922 5056 983 5094 rum
1010 5039 1194 5095 millenarium
1213 5040 1339 5094 Christus
1367 5058 1431 5095 cum
1461 5040 1556 5095 electis
1581 5058 1697 5112 regnum
1711 5059 1759 5109 pe-

59 5129 231 5200 euepicatum
257 5135 345 5198 pecto,
379 5129 457 5197 quod
485 5126 660 5197 apostolicas
688 5125 897 5194 disputationes
923 5126 1093 5181 cetiseimum
1113 5143 1196 5197 super
1215 5134 1317 5182 terrem
1335 5127 1371 5180 sit
1389 5126 1542 5194 habiturus,
1562 5144 1617 5197 quo
1638 5126 1760 5182 millene·

59 5234 114 5271 non
133 5223 208 5270 recte
233 5214 387 5283 acceperit,
416 5230 465 5267 aec
486 5229 558 5282 quae
580 5212 617 5266 ab
647 5210 707 5265 itta
729 5227 785 5281 per
812 5212 898 5281 hypo·
924 5215 964 5268 rio
983 5215 1121 5284 completo
1141 5230 1235 5268 rursus
1255 5214 1363 5268 modico
1382 5220 1506 5283 tempore
1530 5219 1594 5267 unte
1621 5213 1759 5283 judicium

60 5304 192 5373 dipmata
210 5303 289 5356 dicta
306 5309 379 5364 sunt,
403 5301 458 5354 rite
477 5299 671 5367 considerari,
699 5315 731 5352 co
751 5300 829 5367 quod
846 5301 898 5352 ad-
924 5301 1042 5357 satanas
1063 5305 1099 5352 eit
1117 5299 1273 5367 solvendus,
1290 5316 1323 5353 ec
1341 5299 1425 5369 paulo
1445 5306 1508 5370 post
1520 5298 1645 5355 Christus
1664 5301 1701 5354 cd
1715 5316 1760 5354 ex-

59 5391 174 5444 modum
198 5389 310 5443 modico
339 5395 410 5442 esset
434 5386 552 5455 judicio>
569 5385 736 5457 praeditus,
762 5386 834 5440 sicut
865 5403 899 5440 ea
923 5393 1041 5441 tremum
1056 5386 1196 5456 Judicium
1211 5386 1408 5441 celebrandum
1428 5387 1574 5442 rediturus.
1601 5385 1760 5442 81118111-

58 5477 152 5549 ipeiue
171 5475 254 5530 libris
276 5475 421 5544 judicium
438 5474 506 5542 capi
528 5474 648 5544 poterit,
673 5479 796 5526 attamen
815 5491 898 5542 mam
924 5472 1013 5526 dimus
1036 5473 1065 5526 in
1090 5479 1169 5527 treet.
1193 5475 1318 5543 praeced.
1348 5474 1505 5544 opinionem
1529 5474 1563 5528 de
1588 5489 1635 5528 sex
1663 5472 1758 5527 mundi

52 5561 193 5635 plurinss'e
205 5568 273 5632 poet
293 5577 324 5617 ss
342 5560 541 5616 molestasticie
560 5560 631 5615 viris
651 5559 898 5630 ejusdemerroris
924 5559 1084 5615 millenariis
1111 5560 1195 5617 111811
1222 5561 1284 5616 sliis
1313 5579 1346 5618 ex
1371 5559 1496 5632 patribus
1528 5560 1680 5631 placuisse,
1710 5560 1759 5631 qui
