4050 6014
140 231 198 292 108
785 220 1012 278 macretas
1029 220 1202 278 TERTIUS.

136 379 350 432 humamanam
369 386 396 432 et
415 377 734 433 nonevcllenturultra.
758 374 1061 446 Μ1111.1,1.11εξ1111,
1081 375 1205 447 quotidie
1223 375 1368 446 contingit.
1413 374 1487 429 Huic
1510 374 1571 429 loco
1594 373 1747 444 apostolico
1772 390 1836 428 oon·

138 465 344 535 Conpreqando
370 465 543 534 conprepubo
566 462 658 517 Jacob
681 469 769 515 totum
799 471 833 530 te,
857 477 971 528 conpre-
984 456 1118 533 ljungunt
1127 461 1210 516 etiam
1222 462 1284 514 clia
1293 462 1369 517 Novi
1379 461 1551 515 Testamenti
1562 461 1690 515 oracula.
1707 461 1778 517 Luc.
1793 466 1836 522 11,

134 552 231 618 pando
257 551 431 621 conpreqabo
455 551 599 603 residuum
626 548 731 603 Ierail.
773 564 834 617 cap.
853 554 877 611 4,
897 564 923 601 1.
941 553 1023 609 6111.
1045 553 1092 603 ll:
1112 548 1275 602 Jerusalem
1294 546 1451 601 calcabitur
1472 548 1642 617 apsntibus,
1670 549 1760 601 donec
1786 548 1836 600 im·

136 636 318 705 Conprepaho
348 636 555 689 claudicantem
587 643 613 688 et
635 650 705 702 eam,
736 651 820 702 quam
854 618 1130 703 chremsmunster
1148 640 1278 702 tempora
1296 633 1426 700 pentium.
1457 630 1552 702 (Hunc
1570 632 1661 687 locum
1681 637 1763 703 urget
1782 630 1834 687 Be·

134 721 267 788 collipam
293 729 319 776 et
342 738 427 790 quam
451 721 629 789 afflixeram,
659 719 826 774 consolabor
848 736 874 772 v.
896 724 920 774 7.
945 696 1035 771 selda
1054 717 1083 771 in
1101 734 1199 772 comm.
1218 718 1389 780 venenam,
1414 717 1513 787 inquit,
1537 718 1694 771 1111111111
1719 718 1754 770 ah
1782 717 1835 780 his,

131 823 237 877 ponam
257 806 464 860 claudicantem
480 806 511 858 in
522 805 660 874 reliquiae
678 812 704 858 et
722 820 792 870 eam,
808 820 878 873 quae
896 804 972 856 labo·
998 805 1049 872 qui
1067 820 1123 856 non
1141 811 1206 857 runt
1221 803 1342 872 ludaei,
1360 805 1449 857 donec
1460 803 1603 873 impletum
1615 804 1704 866 fuerit
1719 812 1835 872 tempus,

132 899 257 960 roverat,
277 893 307 944 in
326 899 433 959 pentem
458 892 608 958 robustam,
632 899 657 943 ct
678 891 808 959 repnahit
831 889 972 943 Dominus
984 906 986 947 ι
998 889 1075 942 intra
1096 891 1173 959 qnod
1192 897 1287 959 pentes
1307 890 1349 942 ad
1357 890 1446 955 fidem
1460 896 1524 942 sunt
1548 891 1701 958 vocandae,
1725 905 1775 942 nec
1796 897 1835 942 te·

132 995 218 1046 super
235 994 283 1031 eos
307 978 337 1030 in
359 977 548 1043 montesium,
575 993 608 1030 eu
628 977 680 1029 hoc
697 993 772 1029 nune
795 981 821 1028 et
835 991 921 1044 usquo
942 975 972 1027 in
998 991 1073 1027 mere
1090 977 1270 1044 merendum,
1295 975 1447 1028 Israe'litus
1468 982 1536 1043 post
1562 983 1689 1043 tempora
1711 974 1836 1040 pentium

133 1071 287 1121 adunam.
321 1060 443 1133 Sophon.
463 1067 488 1128 3,
507 1081 533 1117 1.
554 1068 597 1118 10:
621 1062 705 1117 Ultra
719 1061 840 1131 flumina
857 1060 972 1113 Aethio·
983 1034 986 1173 j
998 1060 1114 1129 impleta
1131 1060 1257 1113 coelestis
1268 1059 1485 1127 Hierosolymae
1497 1061 1570 1113 cives
1579 1061 1662 1128 sore;
1671 1061 1752 1128 juxta
1763 1059 1836 1113 hanc

129 1149 198 1218 piae
218 1148 360 1218 supplices
370 1148 426 1201 mei
437 1148 533 1216 filiam
554 1147 742 1215 dispersionis
761 1162 838 1200 ureae
855 1145 1254 1216 offerentiinterpretationem
1277 1144 1415 1215 particula
1438 1147 1527 1199 donec
1552 1145 1582 1199 in
1613 1144 1705 1200 verbis
1732 1145 1837 1200 Christi

133 1233 203 1287 mihi
218 1235 249 1286 in
266 1234 439 1296 sacrificium
459 1231 644 1302 (Chaldaeusz
669 1250 683 1287 e
708 1232 868 1301 ropionibus
893 1224 1116 1311 ultraqsumitur
1133 1231 1366 1300 determinative.)
1394 1237 1418 1286 1.
1443 1231 1506 1289 Cor.
1526 1237 1551 1300 3,
1575 1249 1601 1286 1.
1628 1238 1673 1288 lb:
1701 1234 1770 1288 Cum
1795 1234 1837 1286 ad

128 1320 250 1389 flumina
264 1320 369 1373 indiae
383 1335 440 1388 per
458 1317 685 1372 mesericordiam
701 1325 875 1371 revertentur
893 1332 972 1370 ensa·
984 1317 985 1345 1
999 1317 1154 1370 Dominum
1171 1333 1199 1371 se
1224 1317 1390 1373 converterit
1415 1316 1519 1380 Israel,
1536 1319 1684 1384 auferebar
1701 1319 1836 1372 velamen.

132 1407 173 1459 les
189 1405 292 1474 populi
309 1405 371 1472 mei,
389 1406 439 1473 qui
467 1405 584 1458 abducti
605 1405 732 1471 fuerant,
758 1419 860 1471 cosque
878 1403 971 1456 addu-
983 1432 986 1497 5
999 1402 1113 1472 Apocal.
1133 1409 1158 1472 l,
1176 1420 1201 1457 v.
1223 1410 1248 1459 4.
1266 1403 1375 1459 videtur
1390 1403 1514 1458 11111111
1531 1403 1617 1458 fuisse
1636 1404 1689 1458 suh
1704 1403 1837 1459 extremis

131 1499 193 1544 cent
211 1490 285 1544 velut
305 1490 475 1555 oblationes).
516 1488 631 1543 Zachar.
647 1493 686 1556 11,
703 1506 729 1542 1.
751 1494 796 1543 to:
814 1489 972 1558 Effundam
997 1487 1170 1558 temporibus
1189 1487 1285 1543 futura
1302 1488 1414 1543 lsra'e'lis
1443 1488 1526 1559 plena
1546 1490 1698 1553 conversio,
1723 1487 1836 1558 quando

132 1592 219 1647 semer
240 1577 353 1628 domum
373 1575 475 1629 David
495 1583 521 1629 et
547 1591 634 1642 super
657 1574 830 1627 habitatores
853 1564 1119 1641 derasa-Lquatuor
1135 1575 1232 1642 anqeli
1247 1574 1435 1643 prohihentur
1462 1590 1561 1629 nocere
1588 1583 1682 1628 terrae
1706 1583 1731 1629 et
1753 1575 1837 1642 mari,

132 1664 186 1716 lem
202 1662 336 1730 spiritam
363 1661 476 1728 pratiae
504 1668 530 1714 et
550 1677 677 1730 precum,
702 1667 728 1712 et
754 1659 913 1728 adspiciam
931 1632 1087 1733 adldonec
1106 1660 1287 1728 ohsipnentur
1305 1667 1413 1713 centum
1431 1661 1626 1728 quadruplata
1640 1669 1762 1729 quatuor
1774 1661 1836 1714 mil·

131 1764 182 1813 me,
205 1765 287 1816 quem
306 1750 487 1814 confixerunt.
525 1744 645 1802 Malach.
667 1750 693 1809 4,
717 1761 743 1797 v.
768 1750 798 1799 5:
821 1745 896 1797 Ecce
920 1761 971 1814 epo
996 1744 1040 1797 lie
1058 1761 1201 1798 servorum
1218 1745 1278 1798 Dei
1296 1745 1327 1798 in
1338 1745 1487 1813 frontibus
1505 1746 1564 1797 suis
1589 1762 1623 1798 ev
1640 1747 1767 1800 omnihus
1785 1746 1836 1800 tri-

132 1832 327 1885 mittamvobie
338 1832 437 1885 Elium
445 1831 782 1900 prophetam,antequam
799 1829 894 1881 veniat
909 1829 971 1882 dies
998 1830 1084 1884 bubus
1096 1831 1227 1900 fitiorum
1244 1831 1348 1888 Israel.
1382 1830 1461 1895 Quod
1482 1831 1555 1884 enirn
1576 1830 1720 1886 1111111111
1737 1848 1834 1887 secuu-

132 1917 254 1971 Domini
271 1934 389 1987 maqnua
401 1924 427 1970 et
443 1917 599 1979 horribilis,
612 1933 637 1968 1.
648 1919 672 1970 t.
686 1922 712 1968 et
728 1921 867 1968 convmtet
880 1915 971 1968 corda
996 1914 1063 1969 dum
1078 1932 1190 1971 carnem
1209 1915 1248 1970 ibi
1266 1916 1467 1987 intelliguntur,
1487 1916 1629 1987 colligitur
1647 1934 1681 1973 ex
1699 1935 1741 1986 eo,
1768 1919 1835 1989 quia

128 2010 248 2072 patrum
265 2004 307 2054 ad
324 2003 400 2067 tilios
420 2011 446 2055 et
465 2020 515 2056 cor
532 2002 658 2066 fillonem
677 2001 719 2053 ad
739 2007 841 2069 patres
864 2015 969 2062 eorum,
1000 2000 1145 2056 lsi-uilitas
1163 2001 1267 2074 signati
1285 2001 1483 2056 (111111111111
1509 2003 1662 2073 asignatis
1693 2005 1834 2075 gentibus,

131 2104 167 2142 ac
181 2087 291 2140 veniam
311 2095 337 2141 et
353 2088 512 2156 parentiam
525 2095 630 2141 terram
647 2085 836 2149 anathemate,
852 2083 970 2139 Addunt
997 2088 1107 2159 populis
1125 2093 1153 2142 et
1170 2088 1274 2158 linguis
1292 2087 1405 2159 reliquis
1423 2105 1448 2140 1.
1468 2094 1493 2144 9.
1514 2085 1697 2158 Subjunguut
1713 2090 1834 2161 denique

132 2175 217 2229 etiam
233 2178 257 2228 t.
276 2172 339 2228 libr.
352 2172 460 2227 Esdrae
471 2188 532 2243 cap.
554 2177 593 2235 13,
606 2188 631 2224 v.
648 2176 695 2227 32:
713 2171 815 2241 Erunt,
831 2188 893 2223 cum
902 2171 970 2238 fient
995 2175 1128 2228 rationes.
1147 2172 1245 2243 Neque
1266 2174 1339 2227 enim
1358 2172 1505 2228 1111111111
1525 2178 1576 2243 est,
1588 2174 1679 2228 Deum
1699 2192 1755 2229 non
1774 2177 1834 2231 iore

133 2258 200 2313 haec
215 2267 241 2312 et
260 2258 419 2328 continpent
433 2259 526 2327 sipna,
537 2274 608 2328 quae
625 2265 690 2311 onte
703 2257 814 2310 ostendi
827 2255 887 2326 tihi,
906 2264 971 2309 tunc
996 2259 1109 2315 tandem
1122 2275 1269 2314 memorem
1284 2258 1402 2315 foederis
1413 2274 1477 2313 eum
1494 2260 1644 2329 majoribus
1653 2260 1834 2327 ludaeorum,

133 2344 304 2400 revelabitur
324 2345 401 2407 filius
418 2360 495 2397 mems
512 2343 606 2398 desua.
631 2360 658 2396 v.
676 2347 717 2398 39.
739 2341 864 2410 Collipat
883 2343 925 2395 ad
941 2358 971 2395 se
997 2345 1100 2399 sanctis
1117 2343 1223 2399 scilicet
1241 2343 1414 2415 patriarchis,
1432 2343 1502 2414 initi,
1527 2361 1630 2414 eosque
1647 2346 1711 2400 odio
1726 2357 1833 2418 'perpe-

132 2430 341 2485 mnltitudinem
356 2430 518 2498 pacificam.
549 2445 574 2484 v.
592 2434 633 2484 lo.
652 2429 716 2481 Hae
729 2436 793 2480 sum
806 2429 900 2481 decem
921 2428 972 2481 tri·
997 2437 1046 2485 tuo
1063 2429 1281 2486 adversaturum.
1318 2431 1402 2486 Adde
1418 2431 1492 2500 quod
1518 2446 1552 2485 ex
1570 2432 1679 2500 populis
1698 2433 1833 2503 antiquis·

133 2517 191 2582 hue,
211 2533 283 2586 quae
302 2515 430 2584 captivae
447 2516 622 2579 factassunt
642 2515 677 2567 de
692 2521 773 2568 terra
791 2513 971 2567 111111111-
998 2515 1073 2571 simis
1091 2516 1142 2569 soli
1162 2515 1266 2572 ludaei
1283 2516 1312 2571 in
1331 2517 1491 2571 1111111111
1518 2517 1637 2582 casibus,
1669 2518 1835 2588 captivitate

134 2603 183 2656 hue
201 2603 285 2657 Osiae
300 2602 376 2671 repis
395 2609 446 2658 etc.
492 2601 679 2672 Praecipuum
705 2601 791 2670 hujus
817 2599 971 2656 sententiae
998 2606 1027 2656 et
1043 2601 1215 2672 dispersione
1233 2613 1377 2656 servantur
1388 2600 1522 2672 religione
1540 2608 1569 2657 et
1577 2602 1766 2674 qualicunque
1784 2622 1833 2674 po·

132 2687 218 2743 robur
238 2687 341 2759 petitur
361 2704 393 2742 ex
411 2688 486 2742 dieto
504 2686 656 2757 apostolico
678 2685 794 2740 Roman.
819 2690 856 2749 11,
883 2689 971 2741 1.15;
997 2686 1075 2743 litiae
1090 2687 1179 2741 forma
1195 2687 1232 2742 ab
1250 2687 1377 2743 omnibus
1396 2687 1527 2758 gentibus
1546 2688 1674 2758 separati,
1701 2690 1776 2760 quod
1794 2691 1853 2765 vig

132 2774 210 2829 Nolo
235 2791 283 2829 vos
305 2774 441 2842 ipnorare
462 2773 574 2840 fratres
598 2773 760 2839 mysterirem
782 2773 842 2840 hoc,
861 2780 892 2825 ut
915 2788 971 2824 non
998 2772 1079 2828 datur
1096 2789 1219 2840 arguere,
1234 2789 1281 2829 eos
1298 2772 1335 2826 ad
1353 2772 1475 2827 futuram
1487 2773 1608 2844 aliquam
1618 2773 1755 2844 insignem
1771 2792 1835 2831 cou-

133 2859 196 2915 sitie
213 2862 349 2913 intervos
367 2859 444 2927 ipsos
456 2859 606 2927 sapientes.
620 2857 689 2928 quic
701 2859 823 2912 coecitas
841 2874 874 2911 ea
885 2866 971 2927 parte
997 2859 1151 2913 versionem
1169 2863 1198 2914 et
1217 2858 1334 2912 salutem
1355 2857 1466 2913 servari.
1494 2858 1599 2914 Contra
1616 2876 1680 2914 vero
1694 2859 1835 2917 Lutherus

133 2946 250 3016 contiqit
272 2945 388 3013 Israeli,
415 2947 504 2999 ‹lonec
529 2943 679 3014 plenitudo
705 2944 828 3011 pentium
849 2944 971 2997 intraret
999 2950 1063 3002 tom.
1083 2944 1189 3004 8.(111.
1208 2943 1303 3000 Germ.
1321 2944 1341 2998 f.
1362 2949 1501 2999 1111111.
1527 2949 1550 3001 8.
1569 2945 1589 3002 f.
1614 2952 1655 3004 54.
1680 2952 1746 3002 tom.
1772 2955 1795 3002 ¹1.
1811 2947 1834 3006 f.

132 3048 159 3085 1.
172 3034 212 3085 16.
234 3037 259 3084 et
275 3031 317 3084 sic
330 3031 418 3084 omnes
433 3029 527 3083 Imall
544 3030 641 3084 salmes
651 3029 970 3098 fieret,sicutscriptum
997 3037 1039 3087 44.
1078 3031 1223 3085 Cramerus
1245 3028 1280 3083 de
1293 3046 1380 3100 regno
1403 3027 1508 3084 Christi
1533 3036 1604 3101 part.
1627 3037 1651 3087 1.
1672 3050 1695 3087 1.
1715 3040 1740 3088 4.
1761 3052 1789 3105 q.
1810 3040 1834 3089 6.

1 3131 55 3177 xlx.
71 3130 117 3175 111
133 3125 183 3183 est,
208 3117 301 3171 Veniet
319 3133 352 3171 eu
373 3117 453 3186 Siara,
472 3118 523 3187 qui
539 3118 646 3186 eripiat
664 3134 697 3170 ac
717 3124 825 3171 avmtat
842 3116 968 3184 impieta·
997 3122 1025 3171 et
1043 3115 1092 3169 alii
1110 3120 1223 3185 negant,
1248 3114 1385 3184 ejusmodi
1408 3115 1593 3171 universalem
1619 3119 1760 3189 quandam
1782 3120 1833 3176 lu·

134 3211 188 3258 tem
206 3204 308 3258 Jacob.
338 3201 373 3257 In
391 3203 434 3257 hie
452 3203 544 3259 verbis
556 3202 680 3275 praedici
692 3201 829 3273 insignem
848 3200 969 3271 aliquam
996 3201 1127 3256 dacorum
1150 3199 1356 3254 couversionem
1380 3206 1445 3255 ante
1471 3201 1651 3257 novissimum
1674 3204 1748 3259 diem
1773 3221 1835 3261 1111

133 3297 162 3346 11
176 3305 266 3361 paene
285 3287 469 3343 universalem
487 3289 658 3345 ludaeorum
676 3288 882 3343 conversionem
905 3304 968 3357 pro·
996 3284 1210 3357 exspectandam
1235 3291 1258 3342 1.
1279 3294 1398 3355 propter
1429 3288 1572 3355 triplicem
1601 3289 1835 3359 maledictionem,

133 3374 204 3430 bant
225 3378 249 3444 1)
266 3392 298 3428 ee
318 3375 521 3443 appellatione.
556 3374 708 3444 Apostolus
728 3373 781 3427 hoe
805 3391 885 3428 suum
909 3389 970 3428 ore·
997 3372 1042 3426 cui
1057 3370 1160 3427 ludaei
1185 3376 1251 3425 sunt
1273 3370 1401 3440 subjecti,
1426 3371 1545 3443 primum
1569 3376 1729 3441 peneralem
1748 3376 1835 3433 Deut.

135 3461 229 3516 culum
253 3467 335 3515 voest
358 3461 527 3529 mysterium.
565 3462 653 3531 Atqui
676 3461 699 3514 si
722 3458 833 3514 nomine
857 3459 970 3514 Israiilis
996 3463 1085 3524 11,1.
1109 3456 1834 3528 15.111111111ρ111111111111111111111

134 3545 180 3602 vel
196 3551 256 3601 tota
274 3545 392 3601 ecelesia
409 3562 442 3600 ex
462 3545 579 3600 ludaeis
598 3550 627 3601 et
645 3544 776 3617 gentibus
794 3544 911 3600 collecta
933 3544 969 3599 si·
996 3543 1063 3598 illis:
1083 3542 1129 3596 Sit
1157 3543 1275 3612 sanquis
1300 3544 1362 3612 ejas
1385 3560 1471 3611 arpen
1496 3562 1548 3598 nos
1575 3552 1601 3598 et
1623 3546 1699 3608 filios
1722 3557 1835 3603 nostros

134 3629 325 3702 gnificaretun
341 3631 387 3685 vel
406 3630 488 3701 pauci
511 3630 624 3700 quidam
647 3647 680 3685 ex
705 3636 789 3701 gente
815 3629 970 3684 Israiilitica
996 3628 1094 3684 Matth.
1117 3634 1159 3695 11,
1178 3644 1204 3682 1.
1223 3633 1265 3685 15.
1286 3644 1319 3683 11
1342 3629 1464 3699 denique
1486 3629 1578 3700 ipsius
1607 3631 1715 3685 Christi
1736 3648 1787 3703 per
1804 3650 1836 3689 os

134 3715 253 3785 01111111,
272 3717 414 3786 apostolus
428 3716 534 3771 nullum
552 3717 703 3771 revelasset
712 3715 884 3785 mysterium,
903 3716 970 3788 quia
996 3714 1115 3770 Desidia
1134 3715 1270 3785 prolatam
1298 3714 1401 3770 Psalm.
1429 3720 1471 3784 69,
1493 3734 1518 3769 1.
1538 3721 1579 3771 13.
1604 3716 1707 3771 Psalm.
1734 3724 1791 3788 109,
1812 3725 1963 3774 11111111,

136 3801 244 3875 aliquos
268 3819 301 3856 ex
324 3802 442 3858 ludaeis
472 3801 597 3873 quotidie
620 3801 744 3857 converti
770 3801 798 3855 in
823 3801 970 3872 propatulo
1000 3806 1037 3856 ll.
1072 3806 1096 3858 1.
1120 3801 1245 3869 Propter
1265 3801 1440 3869 pertinacem
1463 3803 1620 3855 mediorum
1645 3805 1836 3859 conversionis

134 3893 203 3944 1111.
239 3887 267 3959 1)
289 3889 336 3941 Eu
352 3889 433 3957 scopi
451 3888 687 3942 consideratione.
729 3886 906 3957 Propositum
928 3892 971 3942 est
995 3905 1030 3940 ac
1048 3885 1150 3940 salutis
1168 3886 1357 3953 reiectionem.
1376 3885 1517 3940 Christum
1535 3887 1607 3941 enim
1627 3886 1655 3940 in
1676 3888 1833 3960 11111111-

134 3973 260 4044 apostolo
279 3972 424 4044 gentilium
439 3979 535 4029 111111
551 3972 675 4027 Judaeoe
688 3972 909 4027 insolescentium
929 3969 969 4026 fs·
996 3971 1077 4043 gegis
1090 3970 1292 4043 blasphemant.
1304 3977 1436 4026 vocantes
1446 3987 1509 4026 eam
1520 3972 1616 4027 thalui
1632 3978 1661 4027 et
1679 3973 1757 4029 iacta
1773 3975 1834 4045 ejus

134 4065 208 4114 stum
227 4058 389 4129 deprimere,
406 4066 503 4114 contra
519 4075 584 4112 1110
600 4057 725 4113 ludaeos
743 4057 877 4127 peculiari
903 4074 970 4127 quo·
996 4056 1137 4111 mentione
1155 4057 1308 4127 subjiciunt
1325 4058 1457 4112 dematur
1476 4074 1575 4111 nomen
1594 4060 1664 4127 ejece,
1683 4066 1712 4115 11
1732 4060 1761 4116 11
1779 4069 1833 4118 ter·

135 4142 199 4198 dam
217 4144 342 4199 encomio
362 4159 460 4199 ornare
478 4150 506 4199 et
520 4143 634 4214 speciali
649 4143 838 4197 consolatione
857 4143 972 4213 erigere,
996 4159 1056 4196 ram
1080 4147 1124 4198 ter
1148 4151 1295 4213 exspuunt,
1320 4141 1421 4196 liberos
1448 4158 1511 4197 suos
1533 4143 1593 4213 jam
1617 4144 1682 4199 inde
1705 4161 1723 4199 a
1745 4146 1837 4217 prima

135 4244 202 4300 ergo
214 4228 326 4283 nomine
337 4228 449 4285 Israelis
462 4245 516 4283 non
528 4227 661 4298 intelligit
670 4227 811 4282 1111111111
819 4228 971 4283 secundum
996 4228 1117 4299 pueritia
1139 4226 1331 4283 assuefaciunt
1358 4228 1394 4282 ad
1418 4227 1640 4286 maledicendum
1663 4230 1775 4286 Christo
1799 4247 1834 4286 ac

136 4313 264 4384 spiritum
274 4312 324 4367 ssd
336 4312 489 4368 seeundum
498 4330 616 4368 carnem
631 4318 655 4379 31
668 4314 715 4367 Ee
725 4315 839 4367 termini
849 4315 970 4386 anpliu-
996 4313 1109 4384 Virgini
1126 4313 1265 4385 deiparae,
1284 4313 1308 4368 si
1324 4313 1388 4382 quis
1400 4330 1433 4368 ex
1450 4313 1535 4369 serbo
1548 4314 1605 4369 Dei
1619 4315 1741 4387 ipsorum
1761 4333 1834 4372 erro·

135 4401 217 4454 tione.
240 4399 352 4454 Diserte
363 4398 433 4454 dicit
450 4398 601 4469 apostolus,
620 4407 651 4452 ut
670 4407 744 4454 totus
763 4400 857 4454 Israel
876 4400 972 4453 satem
996 4417 1040 4455 res
1064 4399 1175 4464 refellit,
1201 4415 1282 4455 aures
1306 4398 1439 4454 obturant
1460 4404 1512 4456 etc.
1552 4404 1576 4454 3.
1595 4402 1719 4470 Propter
1746 4403 1837 4456 Pauli

134 4487 220 4551 tieret,
232 4501 299 4556 ergo
313 4501 368 4539 non
386 4482 511 4554 loquitur
530 4483 566 4537 de
585 4491 664 4554 parte
676 4485 797 4554 quadam
808 4485 911 4556 exigua
923 4504 971 4557 po·
994 4487 1228 4555 praedictionem,
1246 4484 1320 4557 qnod
1338 4484 1471 4540 revelatio
1482 4484 1780 4542 Antichristifuturum
1798 4489 1836 4544 sit

133 4571 194 4642 puli
204 4570 325 4637 Judaici,
336 4569 385 4624 sed
395 4569 430 4624 de
442 4575 501 4624 tota
516 4575 600 4640 gente
613 4569 776 4625 Israls'litica.
806 4571 971 4639 1111111111-
997 4572 1126 4627 ultimum
1142 4571 1197 4626 Dei
1215 4589 1285 4642 opus
1308 4569 1426 4625 maxime
1449 4571 1628 4626 memorabile
1650 4581 1716 4628 anta
1737 4575 1834 4629 muudi

134 4657 509 4725 ciniorumproplreticorum
522 4654 704 4722 allepatione.
717 4656 795 4720 Quae
808 4656 916 4714 enimv.
928 4662 970 4714 16.
996 4657 1080 4712 finem
1101 4663 1125 4712 1.
1143 4656 1240 4713 Thess.
1259 4662 1284 4727 1,
1303 4675 1327 4712 1.
1349 4661 1373 4713 8.
1391 4665 1421 4710 at
1439 4654 1463 4710 11
1481 4655 1555 4710 inter
1574 4658 1740 4714 antichristi
1759 4677 1835 4718 rere·

135 4739 971 4811 1117.111111111Τ111111111011111111111111111,11101
997 4743 1129 4798 lationem
1147 4748 1176 4798 et
1194 4743 1290 4796 mundi
1308 4740 1391 4797 linem
1403 4741 1569 4797 universalis
1577 4743 1750 4800 ludaeorum
1770 4762 1836 4801 con·

44 4846 48 4851 ·
136 4825 171 4882 de
191 4826 379 4897 singularibus
392 4823 561 4896 quibusdam
579 4825 705 4895 ludaeis,
722 4827 771 4882 sed
784 4827 819 4883 de
829 4827 892 4899 ipsa
901 4829 970 4898 mul
996 4828 1086 4884 versio
1102 4827 1274 4883 intercedere
1293 4826 1417 4895 deberet,
1434 4826 1577 4897 apostolus
1595 4845 1651 4883 non
1663 4831 1836 4900 exposuisset

135 4913 256 4968 titudine
279 4913 374 4983 populi
394 4912 554 4982 loquuntur.
590 4915 616 4981 5)
642 4914 689 4967 Ea
706 4914 840 4983 temporis
865 4915 971 4969 descri-
996 4913 1152 4984 proximum
1168 4913 1304 4968 adventus
1325 4910 1428 4967 Christi
1447 4913 1565 4985 signum.
1591 4920 1617 4970 t.
1634 4917 1759 4985 Propter
1785 4920 1836 4971 du·

133 4998 239 5068 ptione.
276 4997 413 5065 Caecitas,
430 4997 525 5069 inquit
541 4998 693 5069 apostolus,
720 5015 753 5054 ea
772 5008 860 5070 parte
884 5001 971 5054 conti-
996 5000 1133 5052 rationem
1161 4999 1319 5053 vocationis
1349 5000 1482 5069 pontium,
1507 5015 1580 5070 quse
1597 4999 1667 5058 Luc.
1684 5007 1724 5068 11,
1743 5020 1768 5059 v.
1793 5008 1835 5058 tt.

135 5085 178 5153 pit
196 5083 311 5151 Israeli,
330 5085 419 5136 donec
431 5085 581 5153 plenitudo
599 5086 722 5155 peritiam
736 5087 866 5142 intraret.
894 5086 971 5158 Ergo
996 5090 1025 5139 et
1044 5090 1085 5140 25.
1103 5084 1246 5155 usquead
1265 5084 1363 5139 mundi
1382 5083 1466 5142 finem
1484 5085 1596 5142 videtur
1617 5087 1738 5143 extendi.
1778 5089 1836 5143 Eu·

136 5174 284 5241 postquam
302 5168 445 5240 planitudo
464 5168 589 5240 gentium
609 5170 731 5240 intravit,
749 5171 870 5228 coecitas
887 5188 905 5226 a
923 5187 971 5242 po·
997 5170 1122 5241 thymius
1139 5172 1168 5226 in
1186 5187 1282 5228 comm
1296 5188 1350 5240 per
1364 5180 1493 5242 temporo
1510 5174 1634 5241 pendam
1644 5172 1776 5246 intelligit
1793 5191 1837 5245 aa,

136 5253 202 5324 pulo
219 5253 373 5310 Israelitico
390 5273 441 5327 per
457 5256 641 5312 universalem
659 5258 799 5330 quandam
815 5258 971 5313 conversio-
997 5273 1070 5325 qnae
1088 5257 1231 5310 durabunt
1250 5273 1337 5326 usque
1361 5260 1403 5312 ad
1426 5260 1692 5313 consummationem
1713 5261 1836 5328 pentinm

136 5357 199 5397 uem
218 5340 368 5408 auferatur,
386 5341 454 5412 quia
472 5342 648 5413 particularis
668 5344 845 5414 quorundam
860 5359 971 5398 conver·
997 5342 1136 5411 totiusque
1155 5344 1262 5408 mundi,
1280 5349 1312 5398 11
1330 5343 1511 5416 significetur,
1523 5344 1680 5400 Jemsalam
1692 5361 1836 5416 nunquam

136 5425 177 5483 sio
200 5426 283 5482 stiam
308 5427 356 5483 illo
374 5434 506 5500 tempore,
531 5445 587 5500 quo
610 5430 735 5501 gentium
759 5429 905 5501 plenitudo
929 5428 971 5481 iu·
997 5429 1215 5498 recuperandam
1233 5446 1294 5486 esse
1312 5446 1330 5484 a
1346 5428 1474 5496 ludaeis,
1495 5428 1619 5485 sedeam
1638 5429 1835 5499 possidendam
