4050 6014
591 274 670 338 QUA
688 275 741 330 DE
758 275 854 334 VITA
872 276 925 333 JO.
945 276 1150 332 annualem
1167 276 1407 336 DISSERITUR.
1773 283 1846 340 XIX

147 449 224 493 sane
253 426 280 491 si
311 448 540 516 componamus
562 429 741 516 symbolas,
771 454 851 516 quas
875 431 1031 496 1111110νί11
1053 431 1104 496 isti
1118 452 1247 517 prorsus
1263 433 1396 518 egregii,
1413 432 1630 512 Chemnitius,
1651 435 1795 521 Lyserus
1817 449 1849 502 et

146 529 346 615 Gerhardus,
367 532 409 596 ad
430 555 510 621 opus
526 533 633 618 hocce,
654 535 741 618 quod
762 556 837 601 vere
860 557 992 600 aureum
1013 551 1079 617 est,
1099 532 1317 611 contulerunt,
1347 535 1441 600 iacile
1461 538 1712 624 observabimus,
1733 536 1850 606 Chem-

146 632 263 698 uitium
284 634 320 699 in
342 656 381 700 00
403 634 566 703 laborasse
589 635 742 713 multum,
764 636 926 722 Lyserum
947 636 1030 724 plus,
1052 634 1254 701 Gerhardum
1274 635 1461 724 plurimum,
1487 653 1584 726 prout
1606 662 1646 705 ex
1668 663 1743 706 vero
1765 641 1850 706 iudi·

146 734 232 801 eavit
252 737 399 803 lacobus
418 735 604 804 Fridericus
625 739 905 822 Iheimmannus*),
925 739 974 807 vir
995 738 1205 807 doctissimus.

276 889 454 955 Recensitis
493 892 666 958 maioribus
699 893 858 958 Gerhardi
901 893 1000 958 nostri
1042 890 1191 977 operibus
1232 889 1272 954 de
1300 891 1430 975 reliquis
1460 893 1528 956 eius
1565 894 1703 980 seriptis,
1744 894 1848 981 iisque

145 991 334 1079 minoribus,
360 993 477 1078 quibus
499 994 602 1060 varias
625 995 812 1060 eruditionis
832 995 1031 1080 theologicae
1052 1004 1158 1079 partes
1180 992 1363 1067 illustravit,
1390 1016 1493 1079 pauca
1515 994 1664 1062 dicemus.
1708 997 1754 1063 Ut
1774 1019 1849 1062 vero

146 1094 188 1157 ab
210 1093 268 1178 iis,
286 1117 369 1179 quae
391 1096 433 1159 ad
454 1095 646 1182 theologiam
668 1100 850 1184 saepetiaam
870 1110 1031 1184 spectant,
1058 1096 1185 1161 dicendi
1205 1096 1367 1182 capiamus
1390 1097 1535 1182 initium,
1561 1113 1706 1164 notamus
1728 1099 1849 1186 paucis,

146 1192 353 1261 Gerhardum
374 1211 500 1284 praeter
516 1199 727 1264 Hammonium
740 1201 951 1285 euanyslicam,
975 1199 1070 1264 modo
1093 1198 1187 1263 uobis
1216 1198 1388 1277 laudatam,
1410 1200 1575 1286 complura
1595 1199 1657 1265 alia
1677 1200 1848 1287 scripsisse,

146 1320 231 1381 quae
252 1298 326 1363 huic
350 1300 455 1364 studio
480 1300 652 1387 plurimum
674 1301 856 1367 inserviant.
888 1301 1033 1366 Pertinet
1055 1301 1118 1365 hue
1139 1301 1281 1364 eiusdem
1295 1303 1458 1367 Tractatus
1474 1307 1510 1367 de
1525 1304 1660 1389 lepitima
1676 1308 1848 1389 arrepturae

144 1424 256 1465 sacrae
267 1404 526 1488 interpretatione,
541 1403 598 1487 qui
612 1404 745 1468 seorsim
759 1405 895 1490 primum
905 1405 1008 1469 lenae
1023 1427 1051 1467 a
1061 1406 1154 1469 1610.
1170 1405 1199 1468 4.
1215 1403 1343 1488 prodiit,
1359 1426 1434 1468 mox
1449 1426 1523 1469 vero
1539 1405 1580 1467 ab
1595 1426 1634 1469 eo
1648 1419 1730 1471 tomo
1740 1408 1848 1489 primo

143 1503 284 1566 locorum
304 1505 542 1589 theolopiaorum
570 1505 703 1570 lotidem
729 1507 832 1573 verbis
860 1506 996 1570 insertus
1025 1516 1082 1570 est.
1126 1504 1321 1590 Cumprimis
1351 1529 1426 1569 vero
1452 1507 1515 1570 huc
1538 1517 1683 1593 spectant
1704 1507 1847 1573 eiusdem

143 1604 363 1669 commentarii
385 1605 419 1670 iu
439 1608 544 1671 varios
565 1628 674 1672 sacrae
697 1609 873 1694 scripturae
894 1606 994 1672 libros
1027 1618 1100 1693 post
1122 1605 1246 1672 obitum
1266 1609 1298 1674 b.
1321 1609 1459 1672 auctoris
1481 1608 1609 1673 demum
1631 1609 1717 1674 editi.
1760 1607 1849 1674 Inter

143 1706 205 1770 hos
231 1707 410 1793 principem
440 1708 546 1775 locum
577 1721 664 1774 tenet
688 1710 757 1775 eius
788 1710 1034 1778 Commentarius
1064 1732 1158 1795 super
1184 1708 1333 1787 Genesin,
1374 1713 1406 1774 in
1446 1732 1505 1795 quo
1535 1723 1633 1775 teatus
1662 1713 1847 1789 declaratur,

143 1811 335 1895 quaestiones
355 1813 466 1875 dubiae
487 1813 654 1894 solvuntur,
676 1815 900 1879 ohservationes
922 1823 1072 1877 eruuntur
1103 1824 1131 1876 et
1152 1814 1220 1877 loca
1241 1813 1274 1876 in
1296 1814 1426 1898 speeiem
1445 1815 1623 1897 papnuntia
1639 1815 1850 1883 conciliantur.

143 1908 204 1975 Est
234 1910 364 1996 quidem
393 1913 446 1977 bic
473 1911 579 1978 foetus
598 1914 801 2000 posthumus,
835 1915 877 1979 ab
903 1915 973 2000 ipso
1001 1926 1104 1980 tamen
1125 1914 1157 1981 b.
1190 1927 1319 1981 auctore
1349 1915 1391 1978 ad
1423 1915 1520 1979 finem
1545 1915 1717 2000 productus
1752 1937 1845 2001 prae·

143 2014 409 2099 stantissimisque
426 2017 661 2081 commentariis
683 2017 752 2083 iure
774 2018 951 2100 meritoque
967 2016 1234 2093 annumerandus,
1254 2016 1357 2079 editus
1368 2016 1470 2081 Jenae
1486 2041 1512 2080 a
1530 2018 1622 2082 1637.
1641 2028 1673 2081 et
1696 2019 1788 2083 1654.
1810 2019 1840 2085 4.

143 2116 216 2181 Nec
236 2118 486 2182 contemnendus
507 2128 555 2183 est
576 2118 720 2183 eiusdem
737 2120 983 2184 Commentarius
1006 2142 1099 2204 super
1119 2121 1402 2192 Deuteronomium,
1426 2140 1522 2202 quem
1543 2119 1575 2184 b.
1598 2120 1735 2183 auctoris
1757 2118 1843 2183 filius

144 2219 198 2284 Jo.
221 2221 377 2285 Ernestus
398 2221 502 2287 Jenae
523 2244 550 2285 a.
568 2223 659 2287 1657.
683 2223 713 2288 4.
734 2220 797 2288 luci
817 2220 965 2307 publicae
994 2221 1151 2307 exposuit.
1195 2220 1288 2285 Licet
1310 2219 1394 2283 enim
1407 2219 1593 2284 Gerhardus
1614 2232 1723 2285 noster
1742 2231 1844 2286 morte

143 2321 325 2406 prohibitus
357 2324 494 2389 eundem
523 2323 564 2386 ad
589 2324 685 2388 finem
706 2324 881 2410 perducere
903 2323 989 2387 haud
1019 2322 1173 2408 potuerit,
1203 2323 1259 2386 sed
1280 2322 1482 2388 incommote
1506 2325 1536 2386 8.
1558 2326 1668 2408 capitis
1688 2325 1744 2388 27.
1767 2325 1842 2389 sub·

146 2424 278 2508 stiterit,
310 2424 490 2491 luculentus
524 2440 630 2490 tamen
661 2424 715 2491 ille
747 2436 796 2492 est
828 2439 925 2510 atque
946 2425 1090 2491 eruditus
1129 2424 1372 2508 utilissimisque
1405 2427 1538 2490 refertus
1567 2425 1841 2491 observationibus

146 2526 341 2593 Prodierunt
372 2549 501 2613 quoque
533 2524 694 2593 Gerhardi
728 2529 830 2593 nostri
850 2530 1074 2595 Annotationes
1099 2529 1281 2612 posthumae
1309 2529 1342 2591 in
1372 2530 1514 2613 psalmos
1551 2529 1681 2614 quiaque
1715 2530 1838 2614 priores

144 2629 287 2712 itemque
314 2632 347 2695 in
370 2633 543 2717 prophetas
564 2633 663 2696 Amos
684 2643 713 2696 et
733 2633 872 2708 Jonam,
902 2632 1004 2696 Jenae
1037 2632 1120 2695 1663
1139 2631 1169 2695 4.
1192 2649 1252 2692 1100
1271 2651 1337 2693 11011
1363 2629 1476 2693 eodem
1506 2651 1591 2694 anno
1614 2629 1756 2694 eiusdem
1774 2632 1846 2697 An·

144 2735 315 2797 notationes
331 2736 517 2819 posthumae
535 2736 568 2798 in
589 2736 777 2819 soanpelium
792 2735 953 2809 Matthaei,
976 2752 1055 2816 quas
1076 2734 1098 2797 J
1101 2755 1128 2797 0.
1151 2730 1306 2795 Ernestus
1329 2732 1517 2797 Gerhardus
1541 2734 1686 2797 analectis
1704 2733 1843 2797 adauxit

144 2833 292 2899 Fuerunt
317 2847 424 2900 tamen
452 2834 512 2901 viri
538 2836 669 2919 quidam
696 2836 798 2918 docti,
828 2836 884 2920 qui
906 2834 1001 2900 hasce
1022 2833 1244 2899 annotationes
1268 2834 1300 2902 b.
1318 2834 1456 2899 auctoris
1478 2834 1581 2898 lamae
1603 2834 1689 2898 haud
1709 2855 1843 2920 respon·

149 2936 226 3001 dere
260 2937 451 3003 iudicarunt.
502 2938 641 3002 Exstant
671 2960 767 3023 porro
796 2937 941 3003 eiusdem
969 2939 1153 3023 Aphorismi
1177 2959 1216 3000 ee
1240 2938 1424 3022 eaanpelista
1444 2939 1569 3000 Joanne
1599 2959 1652 3000 seu
1686 2938 1844 3022 eoheqium

144 3042 368 3126 aphoristicum
392 3039 581 3114 Joanneum,
611 3039 713 3104 Jeuae
741 3041 822 3105 1631
846 3048 879 3104 et
899 3041 983 3104 1633
1001 3042 1031 3105 4.
1059 3060 1119 3103 1100
1148 3061 1213 3104 non
1242 3041 1466 3103 Annotationes
1489 3041 1673 3124 posthumae
1711 3042 1745 3104 ia
1780 3053 1850 3106 acta

146 3145 376 3231 apostolorum,
398 3157 511 3206 numae
540 3143 686 3207 analectis
711 3142 765 3211 Jo.
796 3139 926 3206 Ernesti
953 3140 1128 3221 Gerhardi,
1155 3141 1258 3207 Jenae
1287 3143 1370 3206 1669
1399 3152 1430 3205 et
1461 3142 1553 3225 1674,
1590 3163 1669 3225 quas
1695 3141 1848 3228 deinceps

144 3244 256 3311 recudi
278 3244 402 3310 curavit
420 3243 473 3309 Jo.
496 3244 663 3325 Fechtius,
684 3243 855 3329 theologus
878 3244 1129 3320 Rostochiensis‚
1161 3244 1266 3327 quiet
1296 3243 1381 3309 Dan.
1402 3242 1562 3307 Arcularii
1592 3255 1624 3307 et
1658 3244 1710 3310 Jo.
1733 3242 1851 3309 Canuti

144 3347 265 3414 Lenaei
303 3347 337 3410 in
372 3346 484 3413 eadem
520 3347 741 3432 Apostolorum
775 3360 843 3411 aeta
878 3346 1114 3412 observationes
1149 3346 1266 3412 adiecit
1310 3358 1406 3431 atque
1449 3346 1632 3432 Hamburgi
1684 3346 1848 3431 evulgavit

144 3473 230 3516 anno
252 3449 345 3516 1713.
364 3450 394 3515 4.
424 3448 498 3534 1010
521 3461 628 3512 tamen
651 3448 888 3513 laudatissimus
911 3449 1059 3514 Fechtius
1081 3449 1115 3513 in
1133 3451 1338 3534 praefatione,
1367 3470 1464 3532 quam
1482 3448 1556 3512 huic
1578 3448 1657 3512 libro
1674 3449 1846 3534 praemisit,

143 3552 232 3617 haud
260 3550 386 3637 potuit,
425 3554 562 3616 nondum
591 3553 714 3616 11106101
735 3553 769 3616 in
792 3562 931 3616 aetorum
958 3554 1038 3616 libro
1061 3553 1230 3636 repositas,
1266 3552 1427 3635 sufficienti
1459 3553 1602 3636 indapine
1636 3550 1766 3615 diffiteri
1798 3553 1846 3616 hic

144 3669 249 3721 masas
280 3677 344 3719 esse
373 3666 402 3719 et
430 3656 525 3718 oculis
555 3657 720 3740 eapositm.
770 3652 963 3718 Prodierunt
984 3675 1080 3739 porro
1105 3651 1264 3716 Gerhardi
1292 3653 1390 3717 nostri
1409 3654 1633 3719 Annotationes
1666 3646 1860 3737 posthumae

144 3762 178 3823 in
207 3759 368 3844 epistolam
397 3759 441 3820 ad
464 3757 634 3830 Romanos,
663 3777 735 3820 cum
758 3757 902 3820 analectis
922 3757 975 3820 lo.
998 3754 1073 3819 Em.
1098 3753 1274 3839 Gerhardi,
1302 3755 1404 3819 Jenae
1433 3756 1517 3820 1666
1538 3766 1570 3818 et
1593 3755 1677 3819 1676
1699 3757 1728 3820 4.
1754 3755 1847 3820 item·

145 3881 210 3947 que
227 3861 451 3927 denotationes
471 3860 657 3944 posthumae
677 3861 710 3922 in
732 3860 893 3944 epistolam
915 3862 958 3922 ad
988 3857 1196 3934 Colossenses,
1218 3857 1336 3942 pariter
1358 3878 1431 3921 cum
1459 3858 1509 3921 Jo.
1536 3856 1665 3922 Ernesti
1691 3858 1846 3936 0001001111,

143 3963 415 4028 1111016604.
451 3981 512 4024 nec
543 3983 606 4024 non
627 3962 850 4025 Annotationes
880 3964 923 4026 ad
951 3973 1111 4046 raramque
1132 3961 1228 4024 Pauli
1260 3963 1303 4025 au
1332 3960 1522 4024 Timotheum
1554 3961 1729 4045 epistolam,
1765 3982 1846 4046 quas

144 4063 258 4128 itidem
280 4064 333 4129 Jo.
362 4061 519 4127 Ernestus
543 4061 729 4126 Gerhardus
749 4062 782 4125 in
798 4060 962 4148 publicum
979 4062 1099 4138 emisit,
1136 4059 1210 4126 licet
1237 4061 1270 4125 in
1304 4059 1440 4146 epistola
1475 4061 1671 4126 dedicatoria
1706 4062 1845 4148 ingenue

144 4168 248 4231 iussus
277 4161 335 4242 sit,
364 4165 485 4231 loetum
507 4165 592 4229 hunc
613 4164 717 4229 adhuc
738 4164 960 4250 imperfectum
981 4186 1057 4229 esse.
1100 4161 1208 4248 Magis
1231 4185 1300 4228 sese
1322 4164 1523 4228 commendat
1546 4164 1792 4228 Cmnnsentasius
1812 4168 1845 4230 in

144 4272 312 4346 Ehraeos,
341 4268 444 4334 Jenae
467 4269 547 4334 1641
583 4280 614 4332 et
642 4269 721 4334 1661
747 4269 776 4332 4.
806 4289 958 4346 excusus,
990 4265 1047 4352 qui
1078 4266 1155 4329 satis
1185 4265 1280 4352 plene
1310 4266 1382 4333 ab.
1411 4275 1540 4330 auctore
1569 4265 1629 4328 fuit
1655 4264 1845 4333 elaboratus.

145 4369 343 4456 Cumprimis
364 4392 440 4435 vero
464 4370 708 4436 Commentarius
735 4394 829 4457 super
849 4372 993 4456 priorem
1021 4393 1057 4433 ae
1078 4371 1282 4458 posteriorem
1302 4366 1391 4432 Petri
1410 4368 1570 4454 epistolam
1591 4389 1715 4432 summo
1738 4368 1844 4435 studio

145 4485 244 4561 atque
279 4469 447 4560 diligentia
474 4475 545 4538 ab.
573 4472 641 4538 viro
669 4472 729 4537 luit
756 4473 961 4540 concinnatus
999 4472 1176 4554 ceterisque
1215 4468 1284 4534 eius
1318 4468 1446 4555 scriptis
1471 4469 1643 4552 exegeticis
1666 4469 1844 4554 posthumis

144 4575 288 4664 palmam
318 4575 482 4662 praeripit.
523 4574 651 4641 Prodiit
676 4575 813 4660 primum
836 4596 933 4659 opera
954 4573 1028 4656 filii,
1054 4570 1410 4653 J0.Ern.Gerhar‹1i,
1438 4570 1542 4634 Jenae
1573 4572 1654 4636 1641
1679 4572 1845 4639 11111100

145 4679 269 4745 ibidem
295 4679 380 4745 1660
408 4699 446 4741 ac
474 4677 605 4741 tandem
626 4676 809 4761 Hamburgi
838 4679 920 4742 1692
942 4688 974 4739 et
995 4675 1079 4740 1709
1099 4695 1171 4738 cum
1192 4672 1390 4757 praelatione
1410 4671 1463 4737 «lo.
1485 4670 1573 4736 Frid.
1595 4671 1732 4759 Meyeri.
1775 4674 1845 4740 Nec

142 4779 447 4869 praetermittendae
462 4779 513 4843 hic
527 4777 769 4844 suntGerhardi
783 4778 883 4842 nostri
890 4778 1113 4845 Annotationes
1121 4777 1305 4861 posthumae
1322 4776 1356 4839 in
1372 4775 1533 4860 epistolam
1539 4775 1655 4853 Judae,
1678 4789 1757 4840 utet
1774 4776 1843 4841 1411-

144 4883 318 4949 notationea
336 4882 370 4947 in
384 4883 584 4968 apocalypsin
600 4880 753 4960 Joannie,
771 4902 851 4964 quas
862 4879 973 4944 itidem
983 4878 1068 4944 filius
1083 4877 1135 4943 Jo.
1152 4875 1305 4941 Ernestus
1326 4873 1512 4941 Gerhardus
1532 4876 1681 4963 vulgavit.
1717 4876 1845 4943 Adiun-

148 4985 257 5072 gimus
272 4980 322 5050 vel
340 4984 469 5049 tandem
481 4983 625 5049 Glossam
639 4982 866 5047 interlinearem
876 4980 1034 5065 Geneseos,
1050 4981 1234 5068 prophetiae
1249 4981 1393 5046 Danielis
1414 4994 1442 5045 et
1463 4983 1682 5066 apocalypseos
1697 4982 1844 5058 Joasmis,

144 5193 356 5204 ——--—·.——-—

146 5293 223 5350 sarii
233 5291 378 5361 plerisque
390 5289 466 5357 ahie,
486 5296 535 5358 001·
550 5291 580 5342 in
593 5290 665 5341 hanc
683 5288 861 5356 evangelicae
875 5287 1009 5340 1111101100
1025 5294 1138 5356 partem
1155 5286 1339 5354 tempserunt,
1358 5286 1481 5341 militate
1499 5302 1638 5355 00011000
1656 5303 1748 5340 rerum
1761 5288 1844 5355 eopia

142 5377 285 5447 1111010001·
296 5384 463 5430 mereantur.

257 5462 285 5531 *J
304 5461 337 5514 ln
355 5459 493 5529 Cateloao
513 5458 694 5512 bibliothecae
711 5459 883 5527 theolopicae
898 5476 927 5527 p.
947 5458 1011 5512 285.
