4050 6014
710 129 762 186 ns
782 128 1110 188 consuuusnonu
1129 129 1273 188 sucum.
1296 93 1300 102 ’
1789 135 1846 197 iss

150 303 176 339 r.
192 291 236 342 12:
255 285 368 340 Merces
386 293 481 340 satra
500 286 616 355 copiosa
637 285 691 340 erit
711 285 741 340 in
759 287 852 341 coelis.
883 292 906 342 2.
923 286 984 365 Ccr.
1011 285 1216 350 surrectionem,
1242 290 1394 340 extremum
1414 284 1553 354 judicium
1570 289 1600 340 et
1618 285 1725 355 piomm
1744 284 1847 357 glorifi-
1943 345 1948 355 .

151 375 285 438 d,v.18:
314 370 391 433 Quae
407 372 546 437 uidentur,
565 371 735 440 temporalia
753 380 827 439 mint,
844 389 916 441 quae
936 390 984 424 au·
1011 371 1148 424 sationem
1171 388 1233 426 cum
1259 370 1382 426 secundo
1407 370 1518 439 chusi,
1535 370 1658 425 adventu
1689 370 1848 425 immediate

151 467 204 510 tem
228 473 284 522 nen
305 458 448 526 sidentur,
471 465 595 510 aeterna.
632 457 705 512 Phil.
723 464 748 523 3,
775 474 799 513 v,
822 463 869 513 2⁰:
900 462 985 513 liuli-
1012 458 1196 527 conjungunt,
1230 464 1253 512 3.
1277 456 1427 528 inquibus
1454 461 1557 511 statum
1580 457 1690 527 piorum
1719 461 1784 527 post
1806 471 1847 510 re·

151 563 239 612 ιευμα
256 553 382 597 nestrum
407 543 437 596 in
460 545 547 598 coelis
572 552 626 609 est,
648 547 723 598 unde
743 545 919 599 saluatorem
942 560 986 596 es-
1012 543 1210 597 surrectionem
1230 551 1261 597 nt
1277 543 1424 598 coelestem
1438 560 1471 598 ac
1485 543 1658 613 spiritualem
1671 542 1848 611 describunt,

151 638 320 699 spectamus.
359 636 381 686 1.
402 630 475 686 Petr.
499 638 520 700 t,
538 649 564 685 r.
585 638 613 688 4:
644 632 799 685 Hereditas
817 632 986 700 incorrupti·
1013 635 1037 682 t.
1065 628 1093 681 in
1112 629 1212 700 quibus
1231 638 1349 700 negant,
1379 630 1499 701 quietem
1529 636 1556 686 et
1584 631 1787 684 immunitatem
1811 628 1848 682 ab

152 718 216 771 bilis
235 725 261 771 et
277 718 500 772 incontaminata
519 725 543 771 et
560 717 802 772 immarcescibilis
827 725 987 771 reservatur
1013 713 1136 770 adversis
1166 717 1194 768 in
1222 716 1274 770 hoc
1302 718 1395 770 seculo
1424 717 1477 787 piis
1508 716 1658 787 obtingere.
1696 715 1849 786 Dionysius

151 804 180 856 in
198 803 292 858 coelis.
309 803 408 874 'Apoc
427 808 451 869 ³,
470 823 495 858 v.
516 811 561 861 12:
586 805 642 866 Qui
656 805 763 869 uicerit,
782 805 892 865 faciam
904 804 986 856 illum
1012 801 1185 871 Areopagita
1205 801 1253 857 lib.
1273 802 1307 856 de
1326 802 1381 857 div.
1395 802 1528 859 nominib,
1547 820 1568 857 c.
1590 811 1616 859 1:
1638 806 1716 856 Tunc
1734 804 1848 871 pemnde

152 890 311 944 columnam
329 889 359 942 in
380 891 482 959 templo
503 892 563 943 Dei
581 891 636 944 nsei
654 898 680 943 et
696 893 786 959 foras
806 908 861 943 non
879 890 987 959 epredi-
1012 887 1183 941 immortales
1211 888 1493 958 incorruptibilesque
1525 891 1600 952 facti
1625 890 1729 942 erimus
1754 895 1782 941 et
1808 889 1850 941 ad

152 984 214 1029 etur
239 976 363 1045 amplius
384 982 435 1032 etc.
470 993 532 1047 cap.
554 982 594 1046 ll,
611 995 636 1031 v.
657 983 700 1033 lb:
733 977 852 1030 Factum
878 984 918 1028 est
945 992 987 1028 re·
1013 975 1164 1041 imapinem
1184 974 1292 1028 Christi
1310 976 1472 1029 beatissima
1493 977 1607 1043 dipnati
1618 976 1723 1044 requie,
1741 989 1849 1046 senspoe

152 1079 237 1130 pssum
254 1063 339 1130 hujus
354 1062 450 1116 mundi
465 1063 586 1116 Domini
596 1064 689 1117 nostri
708 1071 734 1116 ct
748 1062 855 1116 Ciminii
873 1063 943 1131 ejus,
962 1069 987 1114 et
1014 1077 1076 1112 cum
1096 1061 1220 1114 Domino
1247 1063 1352 1115 erimus
1371 1062 1478 1116 visibili
1499 1063 1611 1131 quidem
1637 1062 1726 1130 ipsius
1750 1061 1849 1114 diuina

151 1149 280 1218 repnubit
304 1149 334 1200 in
356 1148 453 1201 secula
477 1149 633 1203 seculorem
662 1154 714 1206 etc.
749 1147 987 1215 Quemadmodum
1010 1148 1174 1214 praesentia
1195 1149 1350 1202 ornatissime
1375 1151 1590 1218 contemplando
1610 1150 1752 1213 fruentes,
1779 1148 1848 1201 luci·

154 1236 240 1307 igitur
259 1240 387 1289 terrenae
406 1235 523 1289 deliciae
542 1240 703 1306 repugnant
721 1235 806 1289 statui
824 1234 936 1288 coelesti
961 1238 989 1287 et
1015 1233 1139 1286 dissimis
1163 1252 1214 1286 nes
1237 1235 1468 1302 circumfulgente
1491 1237 1657 1300 luminibus,
1685 1253 1740 1287 non
1771 1251 1849 1286 secus

152 1329 266 1376 naturae
285 1321 442 1393 angelicae,
471 1321 510 1375 ita
528 1339 641 1392 quoque
661 1327 819 1393 repugnant
837 1320 988 1375 conditioni
1015 1336 1049 1372 uc
1070 1320 1224 1388 discipules
1244 1323 1273 1373 in
1300 1323 1496 1374 sacratissima
1520 1323 1575 1376 illa
1600 1322 1849 1389 transnpursn'one

152 1408 259 1485 piorum
288 1425 304 1463 e
333 1413 418 1462 morte
445 1408 480 1462 ad
511 1409 597 1462 vitam
629 1415 768 1463 aeternam
801 1408 988 1461 excitatorum.
1013 1424 1074 1458 sua.
1109 1407 1203 1459 Porro
1222 1409 1382 1475 spiritualis
1404 1410 1494 1478 ipsius
1522 1418 1546 1462 et
1566 1409 1756 1478 intellipibilis
1776 1408 1849 1462 lucis

151 1493 274 1564 Corpora
298 1511 393 1549 eorum
420 1495 448 1548 in
472 1494 533 1563 ipsa
558 1494 651 1548 statim
680 1494 879 1549 resurrectione
909 1494 1114 1562 erunt·(mente
1126 1496 1339 1563 perturbatione
1354 1497 1431 1550 omni
1445 1505 1471 1549 et
1492 1496 1612 1550 materia
1632 1497 1732 1561 libera)
1755 1495 1848 1564 parti·

151 1580 308 1650 spiritualia
332 1586 354 1636 1.
374 1579 435 1635 Cor.
455 1586 496 1644 15,
521 1597 546 1636 v.
566 1587 606 1635 dl.
637 1597 704 1650 ergo
733 1580 815 1634 etiam
847 1579 988 1649 gaudium,
1014 1580 1090 1647 cipes
1110 1581 1185 1643 facti
1203 1583 1272 1649 ejus,
1298 1584 1348 1649 qui
1365 1599 1476 1635 sensum
1497 1599 1603 1635 omnem
1619 1589 1742 1651 superat,
1769 1581 1848 1635 unio·

153 1682 208 1736 quo
227 1666 413 1737 perfruentur,
432 1668 484 1722 erit
502 1666 655 1737 spirituale.
680 1666 775 1722 Status
795 1666 917 1737 ipsorum
936 1665 988 1719 erit
1013 1667 1058 1718 nis
1077 1666 1315 1720 lucidissimarum
1335 1671 1483 1723 radiorum
1503 1670 1653 1737 incopnitr'e
1673 1686 1708 1721 ac
1722 1667 1849 1722 beatissi-

151 1752 286 1809 ccelestis.
321 1753 397 1825 Ergo
417 1754 499 1808 ctiam
518 1752 641 1824 praemia
658 1754 780 1825 ipsorum
799 1759 880 1806 erunt
898 1752 985 1806 coele·
1014 1753 1066 1804 mis
1084 1754 1211 1820 jactibus
1230 1756 1333 1807 erimus
1351 1755 1570 1823 supercoelestes
1591 1755 1716 1823 spiritus.
1752 1754 1848 1826 Orige-

150 1839 210 1893 stia.
247 1838 351 1895 Confer
368 1839 571 1894 Feurbomium
589 1841 618 1893 in
635 1839 754 1910 append.
774 1839 906 1909 disputat.
921 1837 985 1891 Phi·
1013 1854 1061 1891 nes
1079 1838 1172 1892 homil.
1192 1847 1215 1893 5.
1235 1839 1263 1893 in
1285 1841 1386 1896 Psalm.
1407 1847 1454 1897 36:
1475 1843 1546 1910 Spes
1566 1841 1685 1904 suturae
1697 1844 1849 1909 repromis-

150 1926 225 1996 lippo
242 1925 355 1981 Caesari
373 1927 525 1996 oppositae.
1012 1926 1101 1977 sionis
1118 1934 1144 1978 et
1161 1928 1272 1994 prusiae
1291 1936 1317 1981 et
1336 1929 1500 1981 hereditatis
1526 1929 1594 1980 talis
1613 1929 1737 1994 futura,
1762 1935 1794 1980 ut
1817 1945 1848 1981 cs

185 2018 227 2069 88.
262 2013 304 2067 Ex
319 2014 451 2084 patrituo
476 2013 632 2069 chiliastico
658 2030 744 2085 regno
769 2028 878 2082 semper
901 2009 987 2079 aliqui
1006 2013 1150 2079 justorum
1168 2032 1224 2066 nors
1245 2015 1314 2066 cibis
1335 2024 1360 2066 et
1380 2023 1461 2084 potu,
1485 2031 1573 2082 neque
1593 2015 1706 2068 deliciis
1727 2021 1754 2068 et
1770 2014 1848 2068 volu-

150 2100 384 2154 contradixernnt.
420 2100 592 2154 “Adversus
612 2100 760 2154 Chiiiastas
784 2096 895 2167 scripsit
919 2096 984 2148 olim
1010 2098 1145 2168 ptatibus,
1168 2117 1224 2152 non
1242 2103 1378 2154 vescenda
1399 2101 1498 2168 epulis,
1521 2103 1573 2153 sed
1592 2101 1754 2154 meditando
1773 2101 1848 2169 sapi·

152 2185 315 2240 Gennadius
343 2186 489 2256 presbyter
514 2185 708 2255 Massiliensis,
744 2188 917 2239 attestatur
940 2181 987 2235 Jo-
1014 2183 1115 2236 entiam
1138 2184 1292 2252 repleatur.
1328 2184 1479 2256 Gregorius
1505 2187 1648 2257 Nyssenus
1673 2192 1741 2240 orat.
1764 2192 1786 2242 t.
1813 2187 1848 2241 de

152 2272 256 2327 baanes
276 2273 446 2328 Trithemius
465 2274 494 2327 in
512 2290 562 2328 suo
581 2273 651 2328 libro
666 2273 701 2327 de
716 2268 907 2327 ecclesiasticis
922 2268 987 2321 scri·
1015 2285 1128 2339 pauper.
1147 2270 1272 2324 amand:
1305 2272 1426 2332 Quando
1444 2272 1546 2341 spoliis
1564 2272 1645 2325 illius
1664 2274 1777 2325 assidue
1794 2272 1847 2341 flu·

151 2359 295 2428 ptoribus:
319 2360 379 2421 Quo
391 2361 500 2413 utinum
511 2361 576 2428 frui
593 2361 699 2424 liceret,
720 2376 849 2427 mapnum
868 2356 988 2424 quidem,
1015 2357 1085 2409 entes
1103 2358 1199 2409 carnis
1218 2358 1294 2410 scuti
1310 2358 1548 2412 immortalitatem
1562 2359 1744 2423 induerimus,
1761 2359 1848 2412 citam

151 2454 181 2499 nt
203 2447 313 2516 opinor,
334 2447 414 2500 nobis
427 2447 603 2515 adjutorium
612 2447 800 2513 praefuisset.
827 2441 989 2511 Alphonsus
1014 2443 1204 2510 inprediemur
1217 2444 1335 2510 beatam,
1352 2444 1461 2496 nullum
1478 2446 1560 2505 finem
1574 2444 1742 2508 habituram,
1761 2445 1849 2498 nullis

152 2530 186 2586 de
205 2532 303 2587 Carmo
323 2531 371 2587 lib.
392 2538 415 2588 3.
434 2532 495 2588 ads.
513 2530 619 2586 haeres.
639 2531 725 2586 rerbo
744 2530 903 2596 Beatitudo,
925 2527 989 2580 hae·
1014 2529 1099 2582 malis
1119 2531 1274 2597 obnoxiam,
1293 2531 1322 2582 in
1341 2533 1456 2583 summis
1473 2539 1500 2583 et
1512 2533 1704 2598 admirandis,
1723 2549 1848 2602 eumpse

151 2634 203 2674 res.
224 2619 278 2673 2⁴*
312 2617 356 2672 De
373 2617 508 2689 Dionysio
529 2617 718 2671 Alexandrino
736 2616 923 2687 Hieronymus
940 2617 988 2671 lib·
1014 2617 1060 2670 hic
1080 2636 1099 2670 a
1122 2618 1201 2669 nabis
1227 2618 1426 2685 comprehendi
1448 2637 1505 2671 nors
1529 2628 1664 2688 possunt,
1693 2627 1848 2672 versantem

155 2708 194 2760 ts.
216 2704 367 2759 inEsaiam
385 2708 589 2772 commemorat,
609 2706 687 2772 quod
699 2704 852 2771 elepantem
869 2705 988 2773 scripse·
1013 2704 1128 2772 paudis'e
1155 2711 1183 2756 et
1208 2705 1404 2774 uoluptatibus.
1440 2704 1630 2760 Damascenus
1655 2705 1703 2760 lib.
1733 2711 1756 2761 2.
1776 2705 1847 2761 orth.

151 2790 190 2843 rit
199 2790 311 2860 librum,
332 2790 362 2843 irs
381 2809 435 2860 qua
453 2792 546 2845 irrisit
564 2791 643 2845 mille
661 2808 800 2844 annorum
817 2790 947 2852 fabulam
963 2798 988 2843 et
1013 2789 1078 2844 fidei
1096 2806 1120 2845 c.
1143 2797 1171 2846 1:
1200 2792 1270 2844 Post
1286 2793 1519 2844 resurrectionem
1536 2809 1592 2844 non
1616 2793 1755 2845 coartabit
1779 2810 1848 2845 suus

152 2894 268 2932 auream
283 2885 366 2947 atque
386 2887 554 2947 pemmatom
580 2878 611 2930 in
634 2877 720 2931 terris
736 2877 919 2931 Hiemssalem
937 2884 986 2932 etc.
1012 2877 1133 2946 tempori
1150 2879 1261 2930 dicrum
1282 2878 1460 2947 noctiumque
1484 2895 1631 2946 numerus,
1655 2894 1751 2932 uerum
1774 2896 1848 2932 unus

151 2963 216 3033 lpse
235 2964 424 3034 Hieronymus
443 2971 523 3020 vocat
541 2964 685 3017 Judaicas
702 2963 829 3032 fabriles,
854 2968 886 3016 ut
906 2981 985 3033 supe·
1008 2965 1105 3033 potius
1123 2981 1259 3033 vesperae
1279 2981 1378 3035 cupere
1396 2967 1458 3019 dies
1476 2967 1543 3035 erit,
1567 2967 1626 3019 sole
1647 2982 1743 3035 nempe
1762 2966 1849 3033 justi-

152 3050 207 3104 rins
235 3050 399 3107 monuimus.
434 3050 608 3121 Epiphanius
638 3049 744 3109 haeres.
775 3054 817 3105 28.
842 3068 870 3120 p.
891 3055 932 3105 91.
958 3057 986 3105 et
1011 3051 1068 3104 tiae
1088 3052 1187 3120 probis
1213 3052 1370 3105 homiuibus
1389 3052 1540 3120 splendide
1558 3070 1591 3106 ac
1608 3053 1683 3106 laete
1707 3053 1847 3120 illucente,

152 3135 318 3191 Philastrius
343 3136 448 3192 haeres.
478 3141 518 3191 59.
545 3154 572 3206 p.
593 3141 634 3191 26.
662 3136 810 3191 haereticis
838 3145 985 3191 accensent
1008 3139 1205 3205 peccatoribus
1222 3148 1320 3193 centra
1340 3157 1399 3192 una
1415 3157 1470 3193 noa
1487 3140 1666 3208 sempiterna.
1697 3137 1847 3210 Theophy·

154 3223 356 3290 chilionetitas,
375 3223 447 3277 idem
466 3221 534 3277 iacit
547 3222 722 3293 Augustinus
741 3223 846 3277 haeres.
863 3227 888 3279 8.
902 3240 929 3292 p.
945 3227 983 3277 15.
1012 3221 1100 3278 lactus
1118 3225 1147 3278 in
1170 3241 1193 3280 c.
1215 3230 1255 3280 18.
1282 3225 1358 3280 John
1392 3227 1458 3281 Non
1485 3234 1526 3280 est
1555 3229 1591 3280 de
1609 3229 1713 3281 munda
1730 3243 1847 3295 repnum

150 3308 289 3363 Damasus
315 3309 460 3379 episcopus
491 3308 633 3363 Romanm
665 3308 694 3362 in
723 3310 829 3381 synodo
858 3310 985 3364 Romana
1014 3311 1124 3380 Christi,
1144 3313 1197 3365 sed
1213 3330 1365 3380 supernum
1385 3319 1411 3365 et
1428 3320 1494 3367 ants
1511 3314 1618 3382 secula,
1643 3321 1667 3366 et
1694 3330 1750 3365 non
1773 3313 1847 3378 hinc,

151 3412 224 3452 anno
244 3400 301 3451 37³.
331 3394 428 3450 habita
451 3395 657 3449 Chiliastarum
683 3411 801 3450 errorem
835 3395 984 3450 damnavit.
1011 3399 1036 3451 h.
1057 3415 1079 3452 e.
1098 3415 1131 3453 en
1151 3400 1284 3464 terrenis,
1309 3401 1500 3466 constitutum,
1527 3401 1642 3453 sedhic
1661 3399 1774 3468 quidem
1797 3399 1847 3452 im·

150 3481 325 3552 Augustinus
345 3480 393 3535 lib.
412 3480 447 3534 de
464 3481 561 3535 eccles.
580 3481 733 3552 dogmatib.
752 3499 775 3536 c.
792 3489 832 3537 55.
854 3488 881 3535 et
899 3498 932 3534 er
953 3499 985 3535 en
1010 3492 1093 3553 perat
1113 3486 1235 3553 strepit,
1259 3503 1316 3538 nen
1334 3493 1427 3538 aretem
1445 3495 1486 3538 est
1506 3486 1585 3555 hinc,
1611 3503 1698 3554 neque
1716 3486 1849 3540 constitu-

152 3567 317 3623 Gennadins
332 3566 513 3622 Massiliensis
535 3567 580 3621 lib.
599 3568 634 3621 de
652 3569 774 3638 dogmat.
796 3569 890 3623 eccles.
905 3586 928 3623 c.
943 3575 984 3623 54.
1012 3581 1069 3625 tum
1090 3588 1123 3625 cs
1141 3572 1201 3624 illis
1220 3572 1415 3636 inferioribus.

151 3670 185 3708 ac
205 3654 339 3709 Rabanus
359 3654 473 3708 Maurus
496 3654 546 3710 lib.
565 3661 588 3710 t.
616 3655 650 3708 de
674 3655 803 3710 universo
827 3672 849 3709 c.
874 3662 917 3710 10:
949 3655 985 3707 In
1047 3664 1088 3714 89.
1124 3657 1594 3728 Arpumenta,quibusChiliastae
1617 3658 1986 3726 narrentanorum...

152 3743 256 3795 diuinis
273 3742 540 3811 repromissionibus
554 3742 626 3795 nihil
641 3751 790 3807 terrenum,
809 3742 881 3796 nihil
893 3750 985 3795 trans-
1013 3743 1141 3798 distribui
1160 3750 1276 3814 possunt
1293 3744 1410 3812 classes,
1439 3750 1460 3800 1.
1480 3743 1617 3815 quaedam
1635 3744 1722 3814 petita
1740 3750 1848 3798 santes
1862 3732 1886 3768 ⁸⁸
1901 3729 1987 3773 ⁰¹¹¹¹¹⁸'

150 3828 265 3883 iterium
284 3834 485 3897 exspectemus,
510 3828 581 3881 sicut
600 3829 754 3882 Meletiani
777 3838 906 3898 sperant,
930 3846 986 3881 nou
1012 3831 1152 3884 vaticiniis
1169 3828 1343 3899 propheticis
1360 3838 1386 3881 ct
1404 3830 1568 3898 apostolicis
1592 3830 1696 3883 Veteris
1717 3835 1757 3895 ac}
1772 3830 1849 3885 Nori
1860 3784 2002 3875 liffitsrl·

149 3915 313 3985 nuptiarum
331 3914 469 3986 capulam,
488 3914 560 3967 sieut
579 3914 726 3968 Cerintbue
746 3920 772 3968 et
784 3915 919 3968 Marcion
938 3917 985 3968 de-
1015 3918 1193 3984 Testamenti,
1208 3923 1231 3972 2.
1246 3918 1381 3987 quaedam
1395 3933 1428 3970 ex
1440 3917 1518 3970 libris
1533 3916 1709 3987 apocryphis,
1724 3922 1747 3972 3.
1762 3932 1846 3988 qnae·
1862 3887 1967 3983 {ruffi
1979 3940 2004 3979 r.

152 4001 253 4070 lirant,
270 4018 327 4055 non
344 4003 421 4069 quod
439 4000 634 4055 adcibumuel
648 4007 747 4069 potum
761 4001 895 4070 pertinet,
914 4000 986 4054 deut
1012 4004 1076 4058 dam
1094 4021 1127 4057 ex
1147 4002 1293 4074 Sibyllinis
1311 4003 1438 4068 oraculis,
1467 4011 1491 4061 4.
1511 4004 1649 4073 quaedam
1668 4020 1701 4058 ex
1719 4004 1849 4058 traditio·

151 4089 247 4157 Papia
265 4096 378 4143 auctme
407 4089 544 4143 Irenaeus
563 4097 589 4142 et
609 4089 802 4143 Tertullianus
820 4097 846 4142 et
864 4089 984 4142 Lactan-
1011 4091 1091 4143 nibeis
1111 4085 1266 4166 cippisposc,
1295 4096 1318 4144 5.
1336 4089 1474 4160 quaedam
1496 4106 1529 4143 ex
1545 4095 1695 4160 poetarum
1718 4091 1850 4143 carmini-

151 4177 206 4229 tius
224 4175 419 4244 acquiescunt,
436 4191 523 4244 neque
539 4192 593 4246 per
612 4175 691 4229 mille
708 4193 797 4229 annos
811 4184 984 4244 pestresur-
1012 4178 1069 4241 biis,
1093 4182 1117 4232 6.
1138 4177 1274 4247 quaedam
1294 4192 1327 4229 ex
1354 4178 1582 4229 ratiocinatione.
1618 4175 1663 4229 Ad
1688 4176 1851 4246 prophetica

150 4262 302 4315 rectionem
321 4278 435 4331 repnum
456 4262 563 4316 Christi
580 4263 610 4314 in
627 4270 707 4316 terra
727 4267 860 4332 jutssrum
879 4270 904 4315 et
920 4279 984 4315 san·
1012 4262 1144 4318 vaticinia
1163 4269 1317 4332 provocant
1333 4262 1521 4317 Tertullianus
1548 4268 1575 4316 ei
1594 4260 1771 4324 Lactantius,
1797 4260 1846 4315 sed

149 4356 207 4400 ctos
226 4365 288 4401 cum
304 4347 357 4401 ille
375 4348 404 4401 in
422 4348 535 4402 deliciis
554 4355 723 4414 repnaturce
741 4365 893 4416 speremus,
914 4349 985 4401 sicut
1011 4349 1202 4403 diversimode.
1237 4348 1403 4402 Lactantius
1428 4349 1457 4400 in
1476 4364 1577 4417 genere
1600 4346 1670 4401 dicit
1694 4347 1742 4402 lib.
1765 4353 1788 4403 7.
1805 4347 1845 4400 in·

149 4433 244 4502 Nepos
262 4434 371 4497 docuit,
394 4435 445 4502 qui
461 4434 589 4505 primam
611 4435 758 4502 justorum
784 4442 809 4488 et
832 4435 984 4487 secundam
1010 4435 1066 4488 stit.
1086 4452 1110 4491 c.
1129 4439 1178 4490 25:
1198 4436 1277 4487 Haec
1297 4442 1371 4503 seint,
1391 4450 1463 4501 quae
1481 4451 1499 4485 a
1517 4432 1665 4502 prophetis
1675 4434 1784 4498 future
1803 4432 1847 4486 di·

149 4519 296 4588 impierum
313 4521 546 4574 resurrectionem
561 4522 702 4588 consinsit,
722 4529 748 4573 et
759 4520 831 4572 inter
845 4520 897 4574 has
912 4522 984 4571 duas
1010 4529 1123 4588 cuntur,
1151 4538 1269 4590 quomam
1298 4520 1455 4573 testimonia
1482 4527 1509 4571 et
1533 4520 1617 4572 uerba
1641 4535 1749 4587 ponere
1776 4536 1847 4588 opus

30 4629 78 4671 χχ,
92 4630 136 4670 118.
149 4611 321 4658 mutuorum
339 4606 561 4660 resurrectiones
577 4613 681 4674 pentes,
700 4606 863 4674 ipnorantes
882 4608 985 4671 Deum,
1011 4624 1066 4659 non
1084 4623 1143 4660 csse
1164 4608 1240 4673 duni,
1260 4606 1393 4673 quoniam
1413 4613 1483 4657 esset
1501 4605 1649 4673 infinitum,
1667 4621 1716 4659 nec
1738 4613 1846 4660 tantam

151 4690 181 4742 in
205 4692 320 4759 capulis
346 4699 488 4745 terrarum
511 4693 541 4744 in
568 4707 655 4745 carne
682 4692 885 4757 reservandas,
912 4708 984 4759 quae
1010 4709 1103 4745 rerum
1135 4692 1340 4745 multitudinem
1369 4707 1501 4744 memura
1528 4691 1598 4745 libri
1626 4699 1755 4762 caperet,
1787 4701 1846 4746 tam

147 4784 214 4844 post
233 4776 312 4831 mille
330 4794 420 4831 annos
437 4777 519 4845 repni
537 4778 568 4829 in
586 4784 663 4832 terra
679 4776 982 4846 iustoruminstipante
1011 4778 1105 4831 multis
1124 4795 1180 4831 uno
1200 4777 1304 4846 spiritu
1321 4777 1430 4830 similia
1455 4778 1626 4847 dicentibus,
1648 4779 1785 4846 simulque
1811 4795 1846 4831 ne

150 4861 266 4916 diabolo
290 4865 443 4917 mouendae
464 4870 529 4915 sunt
551 4864 592 4915 ad
614 4879 742 4930 pupnam
768 4870 868 4916 contra
888 4863 984 4932 justos
1009 4865 1161 4930 fastidium
1180 4863 1333 4933 lepentibus
1350 4867 1445 4930 yieret,
1471 4865 1497 4917 si
1520 4883 1553 4919 cs
1577 4865 1703 4919 omnibus
1727 4864 1846 4918 collecta

150 4956 301 5018 reparantes
327 4957 353 5005 et
381 4949 505 5004 Domino
528 4965 586 5016 pro
612 4948 698 5016 iustis
722 4957 865 5018 pupnante
897 4951 983 5003 imbre
1010 4959 1035 5004 et
1064 4949 1208 5003 translata
1233 4965 1418 5020 conpererem.
1454 4949 1643 5006 Tertullianus
1667 4967 1731 5005 vero
1754 4949 1804 5006 lib.
1821 4957 1845 5008 3.

151 5034 232 5102 haec
251 5037 466 5107 canspescendas
483 5041 567 5103 atque
587 5034 630 5088 ite
651 5041 776 5090 morines
798 5054 860 5090 cnm
884 5039 984 5092 ceteris
1009 5043 1106 5092 contra
1124 5035 1255 5091 Marcion.
1284 5054 1307 5090 c.
1328 5042 1370 5095 24.
1392 5038 1529 5108 quaedam
1556 5039 1586 5091 in
1609 5040 1701 5107 specie
1725 5036 1845 5092 adducit.

151 5120 181 5174 in
199 5122 341 5193 impietate
360 5123 477 5177 mortuis
495 5122 537 5174 ad
553 5129 669 5175 aeterna
689 5123 832 5192 supplicia
855 5124 983 5177 incorru-
1012 5124 1159 5179 Civitatem
1177 5124 1273 5190 illam,
1296 5122 1402 5194 inquit,
1429 5126 1506 5178 nocit
1523 5125 1656 5178 Ezechiel
1679 5141 1701 5176 c.
1720 5126 1765 5177 40.
1782 5140 1847 5178 een·

147 5207 244 5276 ptibiii
263 5225 349 5263 carne
365 5208 582 5264 resuscitandos.
620 5205 741 5262 Possunt
758 5214 851 5264 autem
868 5209 924 5264 huc
942 5226 983 5264 re·
1010 5213 1073 5264 dem
1088 5211 1296 5279 praedixerunt
1317 5209 1474 5279 prophetae
1499 5211 1568 5276 fidei
1585 5209 1765 5263 Christianae
1783 5216 1849 5262 ante

153 5291 218 5348 ferri
238 5293 315 5349 dicta
330 5299 450 5364 patrum,
477 5299 500 5349 1.
519 5293 547 5348 in
569 5291 671 5362 quibus
691 5302 804 5365 negant,
823 5294 926 5352 Christi
943 5312 985 5351 re·
1011 5296 1204 5351 exhibitionem
1222 5296 1284 5363 ejus
1304 5295 1334 5347 in
1353 5296 1463 5364 sipnum
1482 5297 1552 5362 fidei
1570 5298 1606 5349 eie
1621 5312 1656 5349 ea
1670 5295 1847 5365 praedican-

149 5395 235 5449 gnnm
251 5394 312 5434 esse
329 5385 469 5436 terrenum
490 5385 518 5434 et
532 5378 718 5450 mundanum,
736 5385 761 5436 2.
780 5381 811 5436 in
829 5380 930 5453 quibus
944 5397 984 5437 re·
1011 5390 1059 5438 tes.
1096 5382 1131 5437 st
1146 5381 1276 5436 Abrahae
1304 5397 1396 5434 semen
1413 5381 1539 5450 primum
1563 5383 1644 5435 debet
1668 5398 1727 5436 esse
1754 5381 1848 5437 instar

214 5475 326 5517 asrmrur
343 5477 395 5517 loct.
424 5475 460 5517 IL
1609 5472 1638 5522 ta
