4050 6014
185 289 224 346 30
837 270 1253 331 mamsrusmamus

183 431 268 501 (trina
283 429 412 502 repetitio
429 428 548 486 nominis
565 427 696 484 dehovah
719 427 883 499 mysterium
902 425 1024 482 driniu-
1050 426 1224 498 Angnstinm
1245 424 1294 480 lib.
1314 431 1338 482 1.
1356 424 1391 480 de
1410 423 1511 480 Trinit.
1537 440 1562 480 c.
1584 429 1629 481 lt:
1659 423 1820 479 Seouadum
1843 422 1885 493 id,

183 518 218 574 tis
237 518 342 585 innuit,
366 502 400 572 ut
417 533 468 572 suo
487 517 548 571 loco
565 515 752 582 ostendimus,
776 512 893 585 proinde
911 512 1022 568 nomine
1049 514 1126 583 quod
1153 510 1184 566 ia
1210 511 1322 580 iudicia
1349 528 1406 567 aaa
1432 511 1531 578 forma
1559 511 1618 567 Dei
1643 510 1808 582 apparebit,
1833 512 1886 564 sed

181 602 308 661 deborae
321 601 426 672 judicis
443 600 609 672 intelligitur
620 599 705 656 Pater
721 599 813 671 prima
832 598 943 655 deitatis
959 612 1020 668 per·
1041 601 1144 666 forma
1164 596 1239 653 otii
1254 597 1386 667 dominia,
1402 615 1452 652 uec
1473 598 1534 669 ipm
1553 597 1644 652 Pater
1656 596 1811 667 judicabit
1836 595 1885 651 de·

183 691 271 755 sona).
305 687 414 745 Daniel.
436 694 460 757 7,
479 706 505 741 r.
524 692 554 743 9:
577 685 686 741 Tlsrcrsi
701 685 793 757 positi
809 694 874 739 suat
895 693 922 739 et
939 684 1021 738 Auti-
1047 687 1170 739 cumdum
1186 684 1239 739 doc
1263 684 1335 738 eaien
1361 684 1469 738 dietum
1496 691 1551 748 est,
1578 683 1669 738 Pater
1690 683 1887 752 conjudicat

183 793 253 845 quus
271 776 380 830 dierum
398 775 472 829 sedit
497 773 605 844 (utique
624 772 661 828 ad
680 770 884 842 judicandum).
919 769 1020 825 Matth.
1046 786 1221 840 quempiam,
1239 771 1291 824 sed
1308 785 1388 823 omae
1406 769 1545 837 iudicium
1563 770 1644 823 dedit
1662 769 1742 824 attio
1761 777 1809 825 ete.
1837 769 1886 825 de·

183 866 225 925 22,
243 878 269 918 u.
291 866 331 918 12.
355 861 417 915 Rea
433 859 575 926 coelestis,
602 859 651 930 qui
671 859 790 927 parauit
808 857 924 928 nuptias
940 856 1020 911 mita
1046 859 1168 912 madum
1194 857 1246 912 icoo
1271 858 1349 927 quod
1364 856 1454 911 Pater
1478 856 1626 926 aequalem
1650 855 1745 926 possuit
1767 855 1886 926 mium,

182 965 233 1002 ersa
245 947 283 1002 ad
297 954 435 1003 carentem
448 954 525 1002 veste
535 943 653 1016 nuptiali
666 944 747 1000 dicit:
767 944 858 1013 Sacis,
879 942 1019 1013 qssomodo
1040 943 1158 1013 judicat
1176 960 1237 997 cum
1257 943 1319 998 illo.
1357 941 1516 997 Secundum
1541 942 1593 996 dac
1617 959 1684 1013 erqo
1706 943 1814 997 dictum
1835 949 1886 1009 eet,

183 1035 299 1088 intrasti
314 1034 375 1087 liae.
395 1031 458 1088 Jolu
479 1037 503 1101 8,
522 1049 548 1085 r.
569 1037 615 1086 bt:
632 1032 694 1095 Est,
714 1031 766 1100 qui
783 1031 912 1100 requirat
931 1036 958 1084 et
975 1028 1019 1096 iu·
1046 1031 1124 1098 quad
1140 1047 1196 1085 aaa
1212 1029 1325 1099 judicet
1343 1046 1524 1100 quemquam,
1551 1031 1630 1098 quod
1647 1030 1677 1083 ia
1698 1029 1810 1099 iudicia
1827 1046 1885 1084 aaa

184 1121 268 1188 dicet,
284 1119 414 1175 videlicet
432 1117 518 1173 Pater
536 1133 615 1172 meus
630 1117 766 1185 coelestis,
786 1122 818 1172 ut
833 1133 866 1172 ex
878 1132 904 1172 v.
916 1120 959 1172 st.
978 1115 1019 1169 in·
1045 1115 1075 1168 ia
1092 1115 1197 1183 forma
1216 1114 1277 1169 Dei
1293 1116 1346 1169 sed
1363 1116 1394 1168 s'u
1418 1116 1516 1178 forata
1535 1115 1609 1192 Ivi'lii
1624 1115 1744 1169 bominis
1760 1131 1884 1184 appare·
1898 1131 1952 1176 nr.

183 1206 325 1278 telligitur.
343 1207 407 1262 Act.
430 1211 471 1270 i‘l,
491 1222 516 1259 r.
532 1208 578 1259 31:
600 1206 680 1258 Deus
698 1203 796 1258 statuit
813 1204 897 1271 diem,
917 1203 947 1254 ia
965 1217 1020 1270 qua
1047 1200 1093 1256 bit.
1124 1201 1192 1254 Noa
1209 1200 1278 1270 quia
1297 1218 1354 1255 aaa
1365 1201 1522 1271 judieabit,
1543 1202 1593 1270 qui
1610 1201 1691 1256 dedit
1709 1216 1789 1255 omre
1806 1201 1885 1270 iudi·

177 1293 363 1362 judicaturue
384 1298 425 1345 est
443 1291 536 1344 orbem
555 1298 698 1345 terrarum
715 1289 746 1343 irt
768 1288 880 1358 jutitia
901 1302 957 1359 per
979 1287 1018 1340 ui·
1046 1286 1120 1339 aium
1139 1286 1230 1349 Filio,
1247 1303 1310 1341 cum
1330 1288 1366 1340 de
1384 1286 1438 1341 iilo
1456 1287 1535 1341 dicat
1551 1286 1656 1353 ditius,
1674 1294 1715 1340 est
1734 1287 1785 1357 qui
1799 1303 1883 1357 pece-

181 1397 260 1445 rum,
286 1381 317 1432 ia
341 1395 395 1447 qua
424 1376 554 1430 decremt.
592 1382 616 1432 i.
633 1375 709 1431 Petr.
727 1380 752 1445 2,
768 1390 795 1432 r.
813 1378 859 1430 2³:
890 1373 1019 1429 Clrt'stue
1045 1379 1093 1426 rat
1112 1380 1138 1426 et
1156 1372 1278 1443 judicet,
1295 1374 1347 1426 sed
1363 1372 1405 1426 ita
1424 1380 1465 1427 est
1483 1373 1598 1442 dictum,
1616 1373 1706 1428 Pater
1725 1391 1782 1427 aaa
1800 1375 1884 1445 judi·

182 1466 307 1519 trads'dit
329 1463 481 1533 judicanti
498 1463 586 1532 juste.
622 1461 742 1532 Spiritus
766 1464 878 1515 mactus
903 1465 1020 1515 vocatur
1046 1467 1092 1514 eat
1112 1476 1276 1529 quemquam
1293 1460 1344 1513 ssd
1364 1476 1444 1513 omae
1472 1459 1613 1528 judicium
1631 1461 1711 1514 dedit
1729 1459 1824 1529 Friio,
1849 1477 1884 1514 aa

184 1550 309 1619 Spiritus
330 1549 441 1619 judieii
466 1547 529 1603 Era
548 1554 573 1616 t,
591 1565 617 1604 v.
636 1556 660 1603 t.
678 1564 711 1603 ac
730 1546 806 1603 velut
831 1546 862 1600 in
883 1544 938 1601 hac
962 1549 1020 1600 vita
1046 1545 1073 1601 si
1091 1547 1244 1615 diceretur,
1262 1546 1379 1601 Patrem
1395 1562 1474 1599 memo
1493 1546 1599 1600 uidebit
1622 1545 1657 1615 ini
1669 1546 1783 1616 judicio
1798 1547 1883 1602 ueba-

181 1652 232 1707 per
251 1635 365 1690 verbum
385 1652 448 1689 cum
466 1633 624 1691 bominibus
647 1633 803 1700 comeudit,
830 1632 968 1702 disceptat
991 1637 1020 1688 st
1045 1651 1108 1687 ram
1123 1641 1150 1687 et
1161 1640 1340 1698 mortuorum,
1360 1634 1413 1686 esd
1423 1648 1518 1686 omues
1531 1632 1648 1695 Fdiam,
1667 1632 1736 1702 quia
1746 1642 1775 1686 et
1788 1632 1883 1688 iliius

178 1721 302 1792 judicat,
326 1738 362 1776 ac
385 1727 501 1792 peccata
524 1721 648 1792 ipsorum
671 1719 765 1791 arguit
787 1717 889 1775 Genea.
908 1725 933 1787 6,
951 1736 976 1774 v.
996 1722 1019 1773 3.
1046 1719 1164 1774 dominis
1186 1727 1242 1783 est,
1262 1726 1293 1773 ut
1312 1718 1407 1789 possit
1432 1725 1459 1772 at
1478 1718 1514 1772 ab
1534 1717 1630 1788 impiis
1650 1718 1757 1784 uideri,
1780 1727 1883 1774 eumet

181 1806 246 1865 doh.
267 1813 307 1876 16,
325 1824 351 1863 v.
372 1813 397 1864 8.
417 1807 457 1864 ita
475 1823 587 1879 quoque
604 1808 634 1861 in
651 1807 698 1861 die
716 1805 865 1861 novissimo
882 1822 939 1860 una
956 1822 1019 1860 cum
1046 1807 1093 1862 iili
1110 1806 1249 1874 videtum,
1275 1806 1305 1858 irs
1322 1821 1403 1874 quiem
1425 1812 1609 1874 pupaqeruat
1627 1812 1679 1863 ate.
1715 1804 1838 1876 Prosper
1854 1804 1883 1861 iu

181 1893 266 1950 Patre
284 1901 314 1950 et
330 1893 403 1950 Filio
422 1910 470 1950 eos
486 1891 634 1964 judicabit
660 1892 781 1959 Quidam
798 1889 853 1945 buc
866 1906 1019 1947 accommo·
1046 1899 1114 1947 sent
1134 1890 1284 1964 Angustia.
1304 1896 1373 1945 sent.
1392 1894 1455 1946 337:
1487 1890 1619 1954 Quamms
1636 1908 1779 1961 nuspiam
1805 1907 1882 1946 rees-

183 1981 253 2037 dant
278 1982 370 2037 locum
393 1981 586 2053 propheticum
613 1980 677 2035 Esa.
699 1984 741 2048 311,
767 1997 793 2033 r.
814 1984 861 2036 28:
895 1979 1020 2048 Spiritus
1047 1981 1098 2033 dat
1115 1997 1133 2033 a
1151 1977 1231 2032 ditio
1249 1978 1353 2042 Pater,
1374 1979 1416 2032 ad
1439 1976 1614 2046 iudicandos
1639 1984 1730 2031 tamea
1754 1977 1833 2032 uiuae
1855 1985 1882 2032 et

183 2068 246 2136 ejus
263 2068 337 2121 uelut
356 2076 466 2122 torreas
484 2069 641 2134 iauadaas,
667 2066 716 2121 sed
734 2065 774 2120 ibi
790 2081 891 2122 nomen
907 2064 1020 2135 spiritus
1047 2073 1170 2120 mortuos
1189 2080 1245 2118 aaa
1265 2063 1326 2134 ipse
1346 2063 1452 2117 dicitur
1469 2064 1522 2117 sed
1532 2062 1627 2116 itlius
1645 2064 1795 2133 affuturus,
1814 2064 1881 2134 quia

183 2170 233 2224 pro
252 2153 293 2208 irs
309 2158 338 2207 et
355 2151 449 2208 furore
474 2153 568 2224 potius
593 2151 683 2221 accipi
707 2150 830 2217 ridetur,
854 2150 1020 2206 describitur
1046 2153 1086 2206 ibt
1104 2167 1154 2205 aea
1173 2149 1272 2204 Patris
1290 2166 1339 2203 rtea
1357 2148 1434 2203 aitis·
1452 2149 1565 2212 Deitas,
1583 2151 1635 2204 sed
1653 2149 1708 2203 illa
1723 2151 1822 2214 forma
1841 2150 1880 2203 oi·

182 2238 256 2295 euim
275 2238 351 2294 Deus
371 2237 459 2293 instar
475 2236 622 2309 cujusdam
640 2234 760 2292 hominis
777 2235 850 2304 irati,
875 2236 923 2308 qui
940 2235 1019 2306 spiri·
1046 2238 1156 2292 debitur
1174 2236 1254 2304 diiii,
1278 2252 1363 2304 οοοοι
1377 2234 1434 2288 aidi
1450 2251 1507 2305 per
1525 2243 1732 2290 sacramentum
1749 2236 1880 2291 isoaraa·

182 2328 242 2378 tum
268 2322 381 2378 naribus
405 2322 513 2379 sortiter
539 2321 624 2379 eillat.
659 2326 684 2378 3.
714 2321 787 2387 Quia
816 2321 1019 2378 administratio
1045 2324 1130 2378 tiaris
1147 2322 1237 2376 uomit
1257 2328 1305 2375 etc.
1343 2320 1425 2374 Talis
1445 2337 1511 2388 erpo
1529 2323 1679 2391 apparebit
1695 2323 1792 2392 juciae,
1812 2340 1880 2393 qua-

178 2409 277 2480 judicii
295 2417 337 2464 est
356 2425 426 2478 opus
443 2408 479 2463 ad
499 2415 577 2463 extra
595 2424 628 2462 ac
645 2408 762 2478 proinde
780 2407 929 2462 indivisum
955 2406 973 2461 i.
995 2423 1018 2462 e.
1045 2409 1082 2463 iis
1099 2409 1194 2463 uideri
1209 2407 1300 2476 possit
1318 2407 1354 2460 ab
1372 2407 1420 2472 eis,
1436 2424 1505 2475 qrsas
1524 2415 1721 2476 emanaturas,
1740 2410 1813 2462 etad
1830 2409 1880 2480 eie,

182 2493 310 2549 omnibus
341 2494 461 2549 Deitatis
490 2493 616 2564 personis
643 2508 796 2550 commune.
837 2500 861 2550 t.
892 2492 963 2558 Quia
989 2499 1020 2547 nt
1044 2512 1114 2564 quos
1132 2496 1319 2548 &muctarem
1336 2501 1383 2548 est.
1419 2494 1508 2548 Pater
1528 2500 1621 2547 autem
1640 2511 1696 2548 aaa
1720 2494 1880 2566 apparebit,

182 2581 266 2634 trium
291 2579 411 2635 Deitatis
440 2595 621 2651 personarum
652 2594 710 2634 una
742 2586 785 2633 est
821 2578 954 2649 masada,
985 2594 1018 2632 ee
1044 2581 1112 2650 quic
1128 2581 1231 2649 forma
1250 2577 1326 2634 cervi
1349 2595 1404 2633 aaa
1429 2586 1470 2634 est
1492 2578 1621 2646 indutus,
1647 2581 1700 2633 sed
1715 2580 1808 2648 ma,
1832 2580 1881 2651 qui

182 2666 295 2721 eaedem
312 2665 495 2737 proprietates
515 2663 685 2734 essentiales,
710 2664 750 2719 ita
767 2680 878 2735 quoque
899 2661 1019 2741 δύναμις
1043 2669 1127 2723 etiam
1151 2666 1232 2720 domo
1258 2665 1355 2731 factus
1382 2672 1437 2729 est,
1466 2666 1547 2719 dedit
1571 2665 1684 2735 judicii
1703 2673 1879 2734 potestatem

180 2752 284 2828 κριιικὴ
304 2751 532 2819 omniscientiam,
551 2751 789 2823 omnipotentiam,
803 2750 942 2822 justitiem
962 2759 1014 2806 etc.
1044 2762 1068 2811 b.
1093 2752 1179 2809 Pater
1202 2751 1279 2808 dedit
1302 2751 1376 2807 Filio
1402 2767 1485 2832 omne
1502 2750 1640 2821 judicium
1663 2768 1719 2808 non
1740 2758 1880 2824 potestate

181 2840 324 2910 complexa
358 2838 486 2895 omnibus
517 2836 608 2893 tribus
635 2836 754 2894 Deitatis
786 2838 910 2908 personis
944 2855 1016 2895 com·
1040 2839 1187 2912 judicandi
1213 2855 1274 2895 sese
1296 2837 1410 2909 penitus
1437 2836 1609 2904 abdicando,
1638 2838 1687 2893 aed
1713 2844 1880 2910 potestatem

179 2925 257 2997 petit.
1039 2926 1141 2997 judicii
1160 2924 1307 2980 visibiliter
1324 2925 1471 2980 exercendi
1491 2924 1602 2981 Christo
1621 2932 1654 2981 ut
1672 2926 1793 2981 bominis
1806 2926 1878 2984 uitio

216 3016 256 3067 21.
293 3008 396 3080 Atqui,
424 3009 530 3079 inquis,
559 3009 646 3065 Patri
665 3009 811 3079 judicium
834 3009 947 3063 uidetur
974 3026 1016 3064 ea·
1043 3011 1281 3071 communicando.
1318 3015 1343 3067 6.
1370 3010 1535 3066 Immediete
1560 3011 1685 3083 sequitur
1714 3029 1739 3068 r.
1769 3017 1815 3069 23:
1849 3022 1879 3067 ut

178 3113 275 3168 presse
302 3097 437 3164 deomant
461 3094 527 3153 Joh.
547 3102 572 3166 5,
591 3113 618 3155 r,
636 3099 683 3151 22:
712 3095 801 3150 Pater
824 3113 879 3150 aaa
900 3095 1018 3165 judicat
1043 3116 1136 3154 omues
1156 3098 1338 3162 honorificent
1351 3096 1878 3160 Filiumsimrtlmaom'ficaatPatrem.

180 3200 358 3253 quemquam,
385 3180 417 3238 cti
446 3189 534 3257 aptum
562 3179 680 3247 οὐδένα,
704 3180 754 3236 ubi
777 3181 880 3252 duplex
903 3181 1016 3252 negatio
1042 3185 1082 3240 At
1104 3184 1128 3239 si
1152 3189 1268 3256 uterque
1291 3182 1470 3239 honorandus
1495 3189 1538 3238 est
1563 3189 1592 3238 et
1614 3182 1699 3238 Pater
1729 3189 1757 3238 et
1781 3183 1878 3254 Filius,

178 3267 278 3325 fartim
307 3274 406 3340 negat,
431 3268 484 3323 aed
508 3283 587 3322 omne
614 3268 755 3336 iudicium
783 3267 907 3322 tradidit
932 3267 1016 3322 mtto.
1042 3287 1214 3341 consequens
1230 3275 1280 3336 est,
1300 3276 1449 3341 utrumque
1466 3268 1567 3339 judicii
1580 3273 1747 3339 potestatem
1766 3268 1879 3335 babere,
1930 3333 1943 3349 ·

179 3354 334 3427 Responsio
356 3361 378 3411 i.
402 3354 486 3409 etiam
507 3352 595 3409 Filius
622 3353 656 3409 do
680 3369 710 3408 se
735 3353 796 3423 ipso
820 3352 1017 3421 eiciemus,
1042 3364 1192 3427 utrumque
1208 3356 1344 3426 judicare.

178 3460 205 3498 v.
223 3448 268 3499 it:
294 3443 358 3513 Epo
376 3459 432 3495 aaa
449 3440 548 3509 iudico
565 3456 745 3509 quemquam,
767 3456 830 3494 cum
846 3445 938 3495 tamen
957 3446 1017 3496 tota
1077 3447 1120 3499 28.
1156 3441 1289 3508 Quamvis
1307 3455 1373 3495 vero
1393 3445 1517 3511 potestas
1536 3438 1635 3513 judicii
1659 3439 1780 3496 faciendi
1805 3458 1877 3498 com·
1891 3455 1974 3508 cmm

180 3528 325 3599 Scriptura
357 3531 489 3597 testetur,
520 3526 611 3596 ipsum
644 3524 704 3582 fore
736 3526 858 3582 omnium
886 3527 1016 3598 judicem
1044 3517 1122 3601 petat
1143 3526 1272 3583 omnibus
1290 3526 1379 3582 tribus
1399 3525 1519 3581 Deitatis
1537 3527 1672 3598 personis.
1706 3525 1878 3584 1111ιά1-

179 3619 204 3672 2.
225 3613 311 3669 Pater
337 3629 392 3670 non
413 3612 525 3683 judicat
547 3629 727 3684 quemquam,
750 3629 788 3668 sc.
811 3614 886 3668 solus
910 3612 1017 3685 absque
1042 3619 1225 3691 τοκρατορίαν
1244 3618 1273 3668 et
1290 3616 1315 3671 2.
1331 3611 1396 3668 κατ’
1415 3610 1559 3680 sidoniam
1583 3618 1699 3684 propter
1721 3612 1878 3690 opoomar

179 3699 262 3766 Filio,
280 3699 329 3754 sed
350 3715 399 3769 per
415 3698 518 3753 Filium
539 3714 634 3754 omnes
648 3698 766 3769 judicat.
798 3698 862 3754 doh,
881 3705 904 3766 8,
922 3716 949 3756 r.
967 3706 1013 3756 tt:
1042 3702 1086 3770 (ut
1102 3700 1174 3755 enim
1192 3701 1274 3754 trium
1293 3697 1446 3753 divinitatis
1467 3714 1648 3769 personarum
1664 3716 1722 3754 una
1733 3707 1762 3755 et
1773 3717 1878 3774 aequa·

180 3788 244 3846 Est,
262 3786 313 3855 qai
328 3785 456 3854 requirat
482 3792 507 3838 et
527 3784 650 3853 judicet.
686 3783 750 3839 Act,
771 3790 811 3852 ii,
828 3801 853 3840 v.
874 3789 922 3841 ³1:
952 3786 1015 3840 Sta·
1042 3786 1077 3841 lis
1095 3792 1138 3841 est
1157 3785 1285 3851 essentia,
1307 3784 1347 3839 ita
1366 3801 1478 3856 quoque
1499 3802 1555 3841 una
1568 3787 1720 3858 eademque
1734 3787 1878 3858 potentia),

157 3871 234 3927 ‚tuit
252 3873 341 3938 diem,
368 3872 398 3925 ia
418 3887 473 3940 qua
491 3871 677 3939 judicaturae
697 3879 737 3925 eet
757 3871 850 3926 orbem
874 3880 1016 3926 terrarum
1041 3879 1134 3927 tamon
1160 3869 1225 3927 κατ’
1251 3875 1417 3948 οἰκονομίαν
1447 3870 1557 3927 Christo
1582 3868 1762 3948 θεανθρώπῳ
1789 3874 1878 3945 judici

180 3955 342 4027 injustitia
357 3972 410 4024 per
429 3956 529 4024 uirum,
546 3957 576 4008 s'a
596 3974 649 4026 quo
666 3958 797 4013 demerit.
823 3962 846 4013 3.
862 3956 1016 4014 Peterson
1042 3964 1213 4014 mortuorum
1231 3973 1264 4012 aa
1283 3959 1408 4013 vivorum
1429 3957 1561 4013 divinitus
1580 3958 1733 4015 constituto
1751 3960 1877 4031 peculia·

176 4042 287 4113 judicat
305 4046 397 4095 sumta
415 4056 533 4110 persona
554 4041 673 4112 Judicis,
697 4059 769 4112 quae
787 4042 823 4097 ab
848 4042 1014 4113 bominibus,
1040 4045 1108 4101 riter
1132 4045 1160 4099 in
1179 4043 1330 4115 scripturis
1353 4043 1500 4111 tribuitur,
1527 4044 1550 4098 is
1569 4045 1641 4101 enim
1669 4052 1692 4104 l.
1718 4048 1877 4117 odibiliter,

179 4144 250 4200 quos
271 4126 394 4198 judicat,
418 4125 562 4193 videatur,
589 4144 653 4182 cum
670 4128 725 4184 iilis
741 4129 872 4200 loquatur
895 4146 929 4186 ac
952 4148 1013 4187 sen·
1041 4136 1065 4187 2.
1083 4132 1114 4185 ia
1132 4139 1257 4185 assumta
1276 4138 1381 4185 actura
1400 4131 1531 4195 humana,
1551 4137 1574 4187 3.
1587 4133 1748 4187 immediate
1763 4133 1818 4190 hoo
1831 4134 1877 4204 ju·

178 4215 294 4270 tentiam
321 4211 412 4268 verbis
434 4212 574 4285 proferat,
604 4213 721 4284 proinde
743 4231 801 4270 non
825 4216 951 4270 absolute
980 4235 1014 4270 ae
1041 4217 1146 4272 dicium
1160 4215 1374 4283 administrabit,
1393 4214 1422 4270 in
1437 4215 1556 4272 nubibus
1568 4234 1619 4289 pro
1634 4217 1766 4274 tribunali
1778 4219 1878 4275 sedens

177 4301 358 4369 simpliciter,
387 4298 435 4354 sed
458 4301 611 4354 secuudum
636 4301 707 4368 quid
734 4308 761 4354 et
785 4311 860 4357 certa
887 4312 1014 4371 respectu
1039 4303 1076 4359 ab
1110 4303 1239 4359 omnibus
1270 4302 1472 4373 conspicietur,
1510 4304 1676 4359 sententiam
1707 4304 1877 4360 definitivam

177 4393 297 4458 negatur
320 4403 486 4457 quemquam
504 4384 644 4456 judicare,
670 4385 814 4456 quianon
836 4387 947 4459 judicet
970 4407 1013 4444 ex·
1039 4389 1230 4461 promulgabit
1255 4389 1427 4459 eandemque
1452 4390 1621 4446 exsecutioni
1650 4392 1743 4446 stetim
1766 4391 1878 4447 deman·

178 4476 258 4527 temo
277 4471 333 4525 ritu
350 4478 379 4526 et
395 4471 486 4527 forma
506 4472 648 4543 judicialis
666 4489 825 4542 processus,
851 4490 906 4544 quo
931 4475 1013 4530 modo
1042 4474 1128 4544 dabit,
1146 4492 1178 4531 ae
1198 4475 1316 4546 proinde
1335 4479 1393 4530 tum
1415 4473 1527 4550 ὁρατῶς,
1544 4484 1603 4531 tum
1618 4475 1787 4540 ἅκουστικῶς
1802 4478 1876 4548 judi-

179 4557 257 4614 solus
277 4556 365 4610 Filius
381 4559 499 4629 judicet.
535 4558 710 4631 Augustinus
730 4558 778 4615 lib.
798 4563 822 4618 3.
840 4565 939 4615 contra
954 4560 1012 4616 Ma·
1039 4560 1113 4615 cium
1135 4559 1204 4615 illud
1221 4560 1369 4617 exercebit.
1405 4560 1553 4616 ‘I'ribuitur
1569 4561 1643 4618 Filio
1664 4562 1802 4632 judicium
1819 4580 1877 4620 nou

178 4642 273 4700 ximin.
305 4642 415 4699 Atiam:
455 4644 639 4699 Iaaisibiiiter
669 4645 723 4698 erit
752 4643 840 4698 Pater
867 4662 929 4699 eum
960 4645 1014 4701 iilo
1039 4646 1190 4713 melariae,
1215 4663 1267 4702 nec
1292 4647 1434 4718 apposite,
1456 4648 1505 4702 sed
1530 4664 1580 4719 per
1605 4649 1876 4720 appropriationem.

178 4729 288 4799 (ditio),
314 4730 382 4797 quia
398 4730 601 4798 inseparabilis
620 4737 660 4784 eet
680 4730 715 4783 ab
734 4744 776 4786 eo.
813 4729 849 4784 os·
865 4731 938 4786 emim
957 4750 1014 4786 aaa
1038 4729 1104 4788 Tati
1122 4730 1254 4786 Trinitati
1277 4731 1410 4789 tribuitur
1430 4733 1568 4804 judicium
1592 4737 1690 4803 quoad
1707 4738 1877 4803 potestatem

178 4831 239 4871 eum
258 4814 351 4880 aolus,
378 4814 446 4882 quia
464 4816 553 4868 Pater
575 4830 682 4868 mecum
705 4821 760 4882 eet,
785 4815 827 4869 uit
849 4817 1015 4886 moriturus,
1032 4819 1240 4888 judiciariam,
1264 4819 1433 4884 dominium,
1457 4821 1653 4874 auctoritatem
1675 4828 1701 4873 et
1719 4823 1876 4890 decretum,-

178 4908 284 4971 quaeta
302 4899 393 4969 mapie
410 4917 501 4954 aecum
521 4899 630 4953 habebit
646 4900 763 4954 Patrem
787 4902 823 4956 de
846 4903 963 4964 mortuis
987 4910 1013 4956 et
1038 4902 1109 4960 Ililio
1129 4901 1306 4975 peculiariter
1325 4903 1483 4975 assignatur
1501 4905 1594 4978 quoad
1613 4907 1720 4960 metite
1739 4913 1766 4961 et
1788 4915 1876 4962 emer·

177 4984 248 5041 ciuis
274 4985 469 5055 judicaturus.
512 4984 581 5040 Oum
610 4984 663 5039 iilo
693 4985 778 5039 etiam
805 4985 861 5041 erit
888 4986 1014 5059 Spiritus
1038 5008 1103 5044 aum
1130 4990 1299 5047 mucosum.
1340 4987 1455 5046 Veteres
1481 4991 1603 5061 addunt,
1630 4992 1707 5063 quod
1732 4991 1796 5048 idco
1826 5008 1877 5064 per

181 5080 303 5128 sanetus.
330 5072 471 5136 Quomodo
490 5072 563 5126 eaim
581 5072 691 5127 deamat
708 5087 771 5126 eum
790 5070 915 5143 Spiritus
936 5074 965 5130 S
983 5075 1013 5128 ia
1038 5074 1179 5148 quandam
1197 5074 1452 5148 appropriationem
1472 5077 1651 5149 peculiariter
1663 5076 1734 5133 Filio
1752 5077 1876 5135 tribusn-

177 5158 273 5228 reqaii
291 5160 372 5223 sede,
398 5173 453 5226 qua
469 5157 574 5228 pissas
599 5173 744 5226 repreesas
768 5167 810 5212 eet
834 5176 853 5213 a
873 5159 1012 5216 Jordane.
1039 5168 1085 5217 tur
1102 5168 1196 5232 partes
1217 5162 1379 5232 judicandi,
1406 5164 1472 5236 quis
1497 5170 1539 5219 est
1562 5162 1655 5218 Patris
1680 5163 1818 5234 sapientis
1839 5163 1875 5219 ab

179 5247 203 5298 t.
226 5241 259 5296 In
277 5259 304 5298 v.
324 5250 366 5300 21.
383 5242 548 5314 proponitur
564 5241 651 5307 ratio,
674 5259 760 5315 quare
780 5244 870 5300 Pater
892 5264 948 5301 aas
969 5245 1013 5314 iu·
1039 5245 1099 5318 ipso
1118 5246 1213 5319 genita
1230 5255 1258 5304 et
1274 5248 1377 5304 veritas
1395 5266 1413 5304 a
1432 5250 1516 5305 Patre
1535 5249 1703 5320 procedens,
1724 5249 1785 5320 jem
1808 5266 1875 5307 vcro

179 5327 255 5381 dicet
273 5345 446 5399 quemquam,
469 5330 522 5385 aad
539 5345 618 5383 omae
635 5329 779 5398 judicium
796 5332 908 5386 dederit
925 5331 1013 5398 Filio,
1035 5332 1172 5403 judicium
1192 5332 1275 5389 debet
1292 5333 1352 5389 fieri
1380 5335 1408 5390 in
1434 5337 1571 5406 sapientia
1594 5344 1622 5390 ct
1648 5335 1771 5392 veritate.
1806 5334 1875 5392 Gre

179 5412 246 5483 quia
262 5413 368 5469 scilicet
384 5415 444 5486 ipse
462 5422 505 5471 est
521 5414 641 5470 tamiris
658 5384 761 5482 istius,
781 5417 829 5490 qui
847 5415 876 5472 in
890 5424 1013 5473 msumta
1037 5418 1133 5491 gorius
1157 5416 1275 5491 Nysaea.
1299 5420 1406 5477 catech.
1427 5427 1466 5478 15.
1491 5422 1545 5476 hac
1570 5420 1750 5476 similitudine
1773 5422 1875 5477 utitur:

178 5497 302 5580 bumana
332 5505 434 5556 natura
461 5499 607 5559 visibiliter
633 5499 772 5573 judicium
799 5502 1013 5563 admimsbabit
1040 5502 1121 5561 acm
1137 5504 1286 5561 Abraham
1303 5505 1372 5564 Gen
1384 5511 1424 5577 18,
1434 5524 1460 5564 r.
1470 5510 1496 5565 2.
1511 5508 1585 5564 uidit
1602 5517 1660 5563 tres
1675 5507 1875 5577 adjudicium
1926 5526 1932 5539 ¹
