4050 6014
222 233 283 291 366
875 217 1105 278 macretas
1123 218 1271 277 SEXTUS

220 393 321 448 corpor
341 374 444 432 cinni
463 382 527 445 poet
545 375 775 431 resurrectionem
794 375 849 430 init
866 381 895 430 et
913 380 956 430 eet
975 374 1057 445 epiri-
1084 375 1250 444 appellatur
1262 372 1433 444 epiritaolir,
1451 390 1508 428 non
1526 373 1595 442 qaia
1609 372 1640 426 in
1655 373 1787 442 opii-itum
1805 388 1923 427 comem

220 462 299 518 tuale
317 478 369 517 neo
386 461 526 532 alimenti,
549 477 601 516 nee
620 461 779 516 vestimenti
798 460 934 533 indigam.
971 463 1057 515 Man·
1083 468 1170 530 tetur,
1195 462 1247 515 red
1270 461 1338 531 quia
1356 460 1475 529 apiritai
1494 475 1603 512 mmma
1623 467 1650 513 et
1669 458 1798 513 maelii
1818 455 1922 513 obtem

220 549 335 602 ducaait
355 545 469 617 quidem
489 562 554 600 eom
577 546 711 616 apoetoiie
733 545 804 603 Lito.
824 553 865 613 24,
885 564 912 603 r.
931 551 973 602 43.
991 545 1057 601 Joh.
1078 549 1209 614 perenm
1230 548 1376 613 facitote
1395 548 1530 600 eabdetur
1553 553 1606 601 eto.
1658 548 1725 600 Non
1747 547 1839 601 eolam
1864 563 1921 601 nan

222 638 265 699 21,
288 649 314 688 r.
334 637 374 688 15.
398 631 462 685 Act.
484 638 506 699 1,
528 648 556 687 r.
575 636 599 686 3.
619 648 681 701 cap.
705 637 744 697 10,
764 647 791 686 r.
808 637 850 688 41.
877 631 926 686 eed
948 649 1006 686 non
1023 647 1058 687 ex
1083 634 1139 685 erit
1157 632 1215 686 tale
1230 633 1373 687 beatorum
1391 648 1502 702 comae,
1519 633 1605 701 quale
1622 649 1696 686 nane
1713 639 1754 687 eet
1769 633 1801 686 in
1821 632 1922 701 quaeis

218 721 326 786 ledele,
347 718 505 786 indipentia
524 735 561 771 ao
579 718 758 787 necestitate,
786 733 881 772 rernm
909 734 944 774 ex
969 717 1058 772 libera
1083 719 1190 785 optima
1209 719 1383 782 remeare,
1399 721 1452 772 aed
1473 733 1524 772 nee
1547 718 1605 772 tale
1619 720 1740 790 quidem,
1760 719 1843 787 quale
1861 719 1921 783 fuit

218 809 368 875 οἰκονομίᾳ
391 820 426 858 οο
452 803 678 872 dirpematione,
702 808 735 857 ut
753 803 963 859 reconeetionie
985 802 1056 858 reri·
1082 804 1113 857 in
1128 805 1233 874 primic
1251 805 1407 860 bominibus
1424 811 1489 858 ante
1504 811 1662 873 peccatum,
1679 804 1730 874 qui
1747 805 1815 858 lieet
1834 805 1922 858 mori-

213 894 304 944 *tatem
330 888 359 942 in
384 887 485 942 animia
514 888 712 960 diaoipnlornm
744 888 928 944 confirmaret.
974 888 1057 943 Talia
1082 888 1142 941 turi
1158 907 1213 943 non
1226 898 1336 954 errent,
1355 890 1413 943 eici
1421 897 1600 961 peccarent,
1617 889 1760 944 alimeritie
1779 898 1873 944 tamen
1890 896 1922 944 ut

102 998 147 1040 xx,
160 997 205 1041 m
218 980 301 1031 erant
319 974 404 1029 etiam
423 975 569 1030 beatorum
592 975 748 1045 glorificata
767 991 892 1045 eorpora.
927 976 1056 1044 Repnum
1082 973 1208 1027 leminea
1227 975 1396 1038 tuebantur,
1418 976 1543 1029 nondum
1566 975 1731 1045 spiritualia
1755 978 1810 1031 red
1825 977 1922 1030 adbuc

219 1061 280 1114 Dei
297 1077 354 1114 non
376 1068 417 1115 ert
436 1060 522 1124 aba,
537 1069 623 1130 potae
641 1060 721 1116 Rom.
743 1066 783 1129 14,
802 1078 828 1117 r.
849 1067 888 1117 l'l.
1083 1058 1249 1127 corporalia
1281 1067 1422 1129 perconter
1451 1060 1598 1130 (quaedam
1622 1061 1791 1133 exemplaria
1816 1060 1921 1116 reatina

88 1150 207 1202 nteupa·
254 1151 297 1202 85.
332 1144 394 1200 Hae
414 1146 449 1200 de
463 1146 587 1216 corporis
604 1146 754 1218 glorificati
771 1146 941 1218 proprietate
958 1146 1000 1201 eie
1017 1145 1056 1202 lo·
1084 1141 1844 1218 legantanimaliaeorporaterrenapeetantea),puae
1857 1147 1922 1200 lieet

85 1203 206 1344 ξαιῗῆἓῖ,
221 1239 345 1301 quantur
360 1236 476 1287 veteree.
510 1232 642 1287 Irenaear
659 1231 708 1288 lib.
727 1239 751 1289 b.
772 1232 834 1288 adv.
855 1231 961 1288 haaren
981 1248 1004 1287 o
1016 1237 1056 1287 111.
1082 1229 1161 1283 renio
1172 1247 1228 1284 non
1240 1238 1452 1300 ademerant,
1471 1238 1502 1284 at
1518 1232 1684 1285 moeeeitnte
1695 1235 1923 1300 perducerentur

39 1344 41 1348 ,
91 1315 142 1354 ror
168 1315 206 1344 ea·
360 1334 368 1348 .
675 1319 681 1331 ·
812 1319 819 1332 ·
992 1319 998 1331 ·
1044 1348 1056 1358 ,
1496 1317 1503 1330 ·
1736 1320 1741 1331 ·

75 1318 1056 1473 tinet:iitifflssliiiilii'illfilfflili⁷2⁸?
1082 1316 1388 1459 latim
1408 1317 1924 1474 tt‘ltttttitlttsstts

218 1488 287 1556 rint,
305 1488 521 1556 mortificantur.
557 1488 672 1541 Deinde
685 1504 740 1557 per
760 1488 899 1558 Spiraum
912 1487 1057 1557 erupentia
1082 1505 1154 1554 ram,
1173 1488 1292 1557 quaein
1317 1491 1523 1542 rerurrectione
1540 1490 1644 1553 satura
1663 1497 1735 1558 eant,
1755 1507 1845 1560 neque
1862 1491 1925 1547 ullo

219 1575 291 1637 lium
311 1589 436 1642 corpora
452 1573 628 1642 spiritualia,
654 1572 699 1626 uti
709 1589 766 1642 per
787 1573 927 1642 Spiritum
946 1589 1057 1643 temper
1083 1573 1515 1644 lipnoiredipebant,qaofiat‚at
1532 1576 1718 1631 nullomorbo
1729 1579 1922 1632 ueleeneetate

218 1667 376 1713 manentem
395 1659 517 1712 labeant
539 1659 633 1714 eitam.
663 1674 724 1728 etp.
744 1664 784 1716 11.
800 1675 865 1729 pag.
887 1663 952 1715 325:
973 1659 1057 1714 Nune
1083 1659 1239 1713 inveterata
1265 1661 1437 1728 moriantur,
1464 1677 1553 1729 nepte
1580 1661 1650 1715 allia
1678 1662 1747 1716 alia
1775 1666 1922 1734 corporeie
1935 1667 2015 1710 uta

216 1753 329 1813 partem
355 1745 483 1813 aliquam
510 1744 637 1813 Spimme
669 1745 731 1813 ep'ue
759 1745 895 1798 rumimue
926 1747 968 1798 ad
988 1762 1057 1814 per·
1083 1745 1232 1810 alimentie,
1251 1746 1350 1815 quibua
1361 1747 1507 1800 eauriendi
1522 1748 1702 1801 emolliendi
1715 1749 1922 1822 qualiacunque

218 1832 368 1895 sectionem
383 1839 409 1884 et
424 1831 679 1900 praeparationem
692 1831 902 1900 incorruptelae
911 1832 1056 1900 paulatim
1081 1831 1211 1885 moleelia
1228 1833 1381 1897 devitetur,
1405 1833 1539 1901 queniam
1557 1839 1632 1886 certa
1652 1842 1678 1886 et
1696 1836 1858 1890 omnimodo
1877 1838 1920 1890 in·

219 1924 408 1971 armacenter
421 1933 524 1985 capere
536 1923 691 1984 etportare
703 1917 806 1984 Deam,
820 1919 899 1986 quod
909 1925 936 1972 et
950 1918 1057 1987 pipnae
1082 1916 1213 1970 violabili
1232 1932 1345 1970 munere
1369 1917 1592 1972 immortalitatis
1611 1920 1777 1988 induentur,
1804 1928 1837 1974 at
1856 1939 1921 1991 non,

125 2040 128 2045 ,
219 2002 293 2055 duait
312 2002 539 2070 operatoriae
559 2009 601 2055 eat
615 2009 728 2073 partem
746 2002 808 2070 ejea
825 2003 949 2068 bonam,
969 2002 1020 2072 qui
1038 2019 1057 2055 a
1082 2002 1141 2055 aiei
1159 2001 1258 2065 uelint,
1280 2002 1484 2070 partibilitate,
1507 2021 1564 2058 non
1582 2006 1747 2058 neceeritate
1762 2016 1921 2066 caecatur.

220 2090 285 2165 Deo
303 2089 384 2143 nobie
398 2088 559 2157 promiscae
574 2095 615 2142 eet
629 2093 681 2143 ete.
717 2087 920 2157 Incorporalee
937 2089 1057 2161 apiritae
1085 2087 1168 2149 aaa
1180 2087 1277 2155 anpeli
1286 2103 1396 2158 qaoque
1416 2089 1566 2142 meibiliter
1584 2096 1610 2143 et
1628 2091 1817 2145 tractabiliter
1829 2110 1922 2163 appa·
1943 2125 1945 2129 ν

219 2191 275 2227 nan
287 2173 692 2241 eruntlomineeepiritualee,
708 2175 762 2227 aed
776 2174 933 2228 eubetantia
949 2181 1056 2238 οοοιτο,
1081 2179 1188 2241 rentea,
1207 2190 1263 2227 non
1283 2174 1352 2242 quia
1367 2174 1546 2243 indipelant,
1570 2176 1622 2227 red
1649 2175 1718 2244 quein
1742 2177 1873 2232 radone
1895 2187 1923 2232 et

219 2260 253 2312 id
272 2267 313 2313 eet
333 2260 447 2313 animae
466 2267 492 2312 et
513 2258 642 2327 corporie
672 2259 804 2312 adanitia
827 2275 973 2313 aemmena
990 2260 1056 2328 Spi-
1078 2265 1226 2326 poterant,
1255 2266 1286 2312 at
1313 2258 1470 2313 bominibae
1495 2270 1681 2327 conpraerent
1705 2264 1753 2315 rui
1769 2263 1925 2317 miniaterii

218 2346 305 2397 ritum
315 2345 374 2397 Dei
388 2343 568 2413 spuitualem
587 2343 727 2397 bominem
739 2345 872 2415 perfecit.
892 2343 1055 2414 Chryeoeto·
1082 2345 1207 2412 quadam
1219 2344 1391 2398 humanitate
1407 2345 1538 2408 fecerunt
1552 2352 1604 2401 ete.
1640 2347 1707 2400 Non
1720 2355 1852 2416 potentat
1869 2353 1923 2405 red

219 2445 280 2483 mue
297 2427 390 2483 homil
408 2435 451 2485 41.
474 2427 505 2482 in
526 2434 548 2484 1.
567 2426 707 2482 Corinthu
735 2428 830 2498 Saepe
851 2446 926 2483 nrrne
942 2431 1056 2499 quidem
1081 2437 1192 2498 epeetae
1216 2431 1319 2485 mendi
1335 2447 1372 2484 ae
1390 2431 1505 2484 abenas·
1528 2430 1633 2485 talibue
1652 2435 1820 2503 corporibue
1839 2438 1922 2500 aufe·

220 2514 347 2584 spiram
376 2515 474 2585 pratia
499 2514 682 2584 peccantibus
708 2516 789 2570 nobie
811 2517 933 2582 aetiam,
962 2533 998 2569 aa
1026 2525 1056 2570 at
1081 2523 1168 2582 retur,
1194 2519 1270 2570 ande
1289 2523 1316 2571 et
1333 2516 1503 2584 epiritaalia
1523 2524 1612 2583 erant,
1630 2535 1688 2572 nan
1706 2520 1774 2588 quia
1794 2537 1921 2591 corpora

215 2609 332 2670 macele
358 2603 396 2655 rit
425 2601 513 2654 menti
537 2601 652 2670 quidem
676 2607 803 2668 noatrae,
830 2608 922 2655 tamen
948 2602 1007 2656 rita
1025 2602 1056 2655 in
1081 2616 1140 2654 eoae
1159 2601 1301 2665 deuictam
1319 2602 1454 2672 araquio
1468 2603 1742 2671 epirilaoirifieante
1760 2607 1920 2663 raberirtent.

218 2703 305 2741 carne
329 2686 441 2741 interim
466 2694 507 2741 ert
531 2686 671 2756 Spiritum
699 2687 856 2754 ipnorante.
897 2687 968 2741 Iatic
989 2704 1055 2741 aero
1081 2701 1105 2740 o.
1125 2690 1164 2742 23.
1195 2686 1275 2740 Sicut
1295 2687 1366 2756 ieta,
1394 2703 1466 2756 quae
1495 2687 1598 2742 labent
1624 2690 1748 2743 animam
1775 2691 1920 2757 rirmtem,

218 2790 274 2827 non
293 2773 371 2841 aaa,
396 2774 449 2827 red
471 2781 633 2827 cunctanter
652 2771 779 2844 Spiritae
804 2774 947 2826 beatorum
974 2776 1057 2828 carni
1080 2774 1206 2825 nondum
1231 2773 1363 2840 epiritam
1391 2771 1592 2840 uim‘ficantem,
1622 2775 1763 2831 animalia
1787 2779 1921 2831 dicantar

217 2859 339 2928 areatit,
362 2860 469 2927 eritque
484 2874 571 2926 penee
584 2859 657 2912 lunc
672 2857 822 2928 imperium
839 2860 924 2912 etiam
943 2861 1055 2914 animae
1081 2875 1217 2927 corpora,
1242 2874 1293 2912 nec
1309 2866 1401 2912 tamen
1418 2859 1532 2913 animae
1549 2868 1628 2928 eunt,
1650 2863 1703 2915 aed
1719 2878 1857 2934 corpora,
1877 2865 1921 2918 ita

218 2953 275 2998 tam
292 2952 485 3013 praetentam,
517 2952 602 3014 atque
624 2945 677 2998 boc
700 2960 755 3013 per
772 2945 925 3013 spirituale
943 2947 1055 3001 Paulae
1081 2943 1135 2997 illa
1152 2944 1320 3012 spiritualia
1335 2952 1473 2998 eorunm
1489 2962 1620 3014 corpora.
1657 2947 1740 3001 Atra
1757 2956 1862 3020 mmm,
1888 2959 1920 3004 at

217 3032 393 3101 aipnifieaoit.
441 3029 615 3102 Epiphaniae
647 3031 665 3086 l.
693 3037 716 3086 2.
750 3036 816 3086 tom.
839 3036 860 3086 1.
887 3031 952 3088 adr.
979 3032 1053 3089 haer.
1081 3031 1200 3099 rpirr'tat
1223 3047 1256 3087 ea
1282 3032 1431 3083 credamur
1456 3032 1572 3097 futura,
1596 3033 1649 3085 red
1673 3051 1797 3106 corpora
1821 3039 1920 3090 earnie

217 3135 245 3188 p.
261 3121 318 3173 182.
334 3115 577 3172 refellithelnm
590 3114 765 3171 Platonicum
782 3115 986 3187 philosophum,
1005 3121 1054 3191 qui
1082 3115 1214 3169 latitura
1237 3115 1434 3182 eubetantiam,
1461 3119 1513 3170 red
1536 3118 1646 3171 nullam
1669 3121 1833 3175 tarditatem
1858 3139 1918 3176 ror·

217 3219 334 3274 corpora
353 3201 508 3274 glorificata
526 3209 674 3272 propterea
689 3200 809 3272 putabat
822 3202 876 3256 diei
889 3204 1054 3274 spiritualia,
1081 3202 1292 3270 ruptionemque
1316 3202 1459 3255 carnalem
1481 3204 1586 3272 spiritu
1603 3205 1761 3274 vivificante
1782 3223 1918 3276 paerurn.

218 3288 292 3360 quod
310 3290 342 3342 in
361 3294 432 3343 aira
448 3287 492 3343 ael
509 3295 620 3340 eentum
639 3288 683 3342 ael
701 3288 824 3356 aethera,
847 3307 921 3357 oreae
937 3290 1055 3360 epiritra
1083 3290 1161 3342 Tunc
1178 3288 1239 3356 iam
1256 3306 1312 3342 non
1326 3295 1453 3341 terrenae
1467 3291 1520 3343 red
1532 3291 1660 3344 eoeleetie
1678 3292 1761 3346 loma
1778 3293 1841 3360 erit,
1861 3311 1920 3347 non

218 3377 364 3444 dicuntur,
384 3373 441 3427 rint
459 3373 668 3429 commutanda.
711 3372 875 3444 Pamphilus
896 3382 1003 3446 martyr
1025 3376 1054 3430 in
1082 3374 1149 3443 qaia
1167 3390 1281 3443 conpar,
1298 3375 1377 3442 quod
1397 3375 1433 3427 de
1452 3380 1533 3428 terra
1548 3375 1658 3440 factam
1673 3385 1729 3441 eet,
1747 3394 1805 3433 aen
1825 3380 1919 3447 epaum

217 3460 327 3532 apolog.
345 3477 396 3531 pro
411 3457 545 3528 Origene:
581 3459 703 3513 Neaerae
723 3467 772 3527 eet,
790 3461 915 3515 animam
933 3462 964 3514 in
983 3462 1055 3516 tocie
1081 3459 1142 3523 erit,
1159 3461 1212 3513 red
1229 3459 1299 3527 qaia
1316 3459 1391 3513 dono
1410 3460 1527 3514 caeleati
1541 3460 1604 3528 iam
1621 3462 1680 3514 tale
1699 3463 1761 3526 erit,
1778 3471 1809 3517 ut
1833 3466 1917 3518 etiam

217 3549 364 3616 corporeis
387 3546 558 3599 habitantem
583 3546 627 3598 ati
647 3546 814 3618 corporibus
839 3548 957 3608 talibas,
982 3565 1054 3617 quae
1080 3543 1158 3599 coelo
1186 3545 1343 3609 incolendo,
1370 3562 1426 3598 nen
1454 3545 1561 3599 amirea
1586 3555 1708 3613 natare,
1734 3552 1788 3603 red
1810 3559 1919 3605 mutata

217 3640 287 3701 apta
303 3630 684 3700 multimammiam
704 3632 790 3700 clepit.
827 3633 867 3686 la
884 3633 958 3687 ricta
976 3634 1057 3688 verbi
1081 3632 1219 3701 quiditate
1238 3632 1392 3687 conueniat.
1415 3631 1432 3686 l.
1450 3637 1492 3687 22.
1511 3632 1546 3686 de
1565 3632 1616 3687 aiv.
1635 3633 1689 3690 Dei
1714 3650 1739 3691 c.
1756 3640 1805 3692 liz
1824 3639 1919 3695 Hono

218 3736 321 3783 cauea,
346 3718 374 3771 ei
394 3718 425 3771 in
447 3734 524 3788 aqua
549 3719 639 3770 marie
661 3735 713 3772 nor
735 3717 864 3772 habitare
885 3720 930 3772 ael
953 3721 1054 3787 clepere
1079 3716 1239 3786 epiritaalie
1257 3718 1299 3771 eie
1313 3718 1344 3771 in
1361 3717 1414 3771 bae
1430 3719 1489 3772 rita
1507 3720 1622 3788 dictur,
1640 3728 1672 3774 at
1689 3729 1780 3776 tamen
1798 3740 1917 3794 corpore

213 3812 351 3878 parceret,
367 3805 431 3858 eine
441 3803 527 3858 dubio
534 3819 592 3872 pro
607 3802 765 3857 balitacali
775 3805 915 3872 qualitate
928 3822 1052 3859 necemu-
1080 3805 1173 3858 natue
1193 3804 1323 3857 earnalia
1340 3804 1378 3857 eit
1390 3812 1415 3856 et
1426 3804 1522 3858 uideat
1536 3805 1627 3858 aliam
1641 3807 1728 3876 lepem
1743 3809 1773 3862 in
1785 3811 1918 3865 membrie

218 3893 294 3947 riam
307 3891 452 3945 aideretra
461 3890 562 3943 babere
575 3889 660 3943 talem
671 3890 802 3958 eorporis
819 3897 923 3943 etatum
940 3898 967 3943 et
981 3909 1053 3946 coni·
1079 3890 1139 3944 auia
1170 3898 1371 3958 repapnantem
1396 3891 1456 3958 lepi
1480 3892 1581 3944 mentia
1607 3905 1685 3946 auae.
1728 3896 1810 3949 Erit·
1824 3906 1919 3951 autem

213 3978 399 4048 petitionem,
418 3976 529 4045 qualem
549 3974 652 4028 babent
670 3974 725 4029 illa
743 3976 897 4039 animalia,
927 3993 1000 4046 qaae
1024 3979 1054 4032 in
1080 3976 1165 4030 etiam
1189 3990 1309 4044 corpore
1327 3975 1503 4043 epiritaalir,
1530 3994 1592 4031 eam
1611 3981 1710 4032 eodem
1725 3997 1795 4035 caro
1813 3983 1855 4036 eia
1874 3998 1916 4035 re·

217 4063 301 4133 aquia
315 4065 435 4131 clepunt,
459 4062 502 4114 ita
524 4078 598 4114 nune
621 4077 683 4114 cum
701 4061 844 4115 coeloram
862 4062 1054 4117 babitaculum
1080 4061 1250 4128 eurreeerit,
1275 4067 1306 4112 ut
1327 4061 1392 4129 fiat,
1415 4064 1493 4130 quod
1509 4063 1645 4132 eeriptum
1665 4071 1719 4119 eat:
1754 4065 1918 4122 Seminatur

214 4150 406 4220 promittatur,
423 4149 577 4201 recaredum
598 4147 724 4200 locorum
742 4147 864 4213 pluriam
885 4165 1054 4217 conrequene
1080 4163 1184 4216 eorpae
1196 4145 1331 4215 animale,
1344 4148 1436 4214 earpit
1446 4164 1550 4217 caepae
1563 4149 1722 4218 spirituale.
1739 4166 1763 4205 e.
1783 4157 1831 4207 lt:
1852 4155 1915 4223 Spi-

108 4294 119 4317 ‘
217 4243 265 4303 ort,
284 4235 429 4304 aptandae
440 4249 499 4286 erre
516 4233 600 4285 etiam
614 4248 765 4303 corporum
779 4232 940 4300 qualitatem
961 4233 1053 4288 ltutfi·
1079 4232 1184 4287 rituale
1201 4232 1256 4286 erit
1273 4231 1377 4286 tatem
1392 4233 1505 4300 quidem
1525 4236 1630 4303 carnia,
1651 4238 1705 4289 etri
1721 4237 1782 4290 ein'e
1803 4240 1922 4295 ramale·

216 4339 269 4376 nm
291 4320 321 4374 in
341 4318 450 4390 apolog.
468 4316 608 4388 Pamphili
623 4334 674 4388 pro
690 4317 825 4389 Origene:
857 4318 952 4372 Saleio
967 4337 1052 4389 prae·
1079 4317 1269 4387 corruptiore,
1286 4318 1480 4372 mbetamiam.
1500 4314 1668 4390 Fulgentius
1680 4321 1715 4375 de
1727 4320 1775 4376 fid.
1790 4323 1827 4378 ad
1841 4324 1918 4378 Petr.

215 4408 358 4476 repatioia
370 4405 468 4473 futuri
482 4405 613 4472 corporis
623 4412 651 4458 et
664 4404 761 4457 earnm
772 4406 944 4458 rerurrectio
956 4408 1054 4460 earnie
1079 4421 1104 4459 c.
1117 4409 1164 4461 ³4:
1184 4403 1252 4455 Nan
1264 4403 1452 4471 indipebimae
1463 4405 1526 4458 illie
1535 4405 1708 4472 'uramenta
1724 4408 1793 4477 quia
1811 4411 1915 4464 erimar

215 4494 359 4547 eredendo
383 4498 424 4544 eet
446 4491 552 4558 intepre
580 4497 663 4558 atque
686 4487 827 4559 perfecte,
851 4497 882 4542 at
898 4497 927 4543 et
946 4499 1053 4546 notura
1080 4485 1543 4545 inmortalitatedonati.lnnilina
1555 4489 1711 4547 inuenere
1728 4493 1803 4549 aare
1816 4506 1916 4551 noetra

216 4578 313 4632 carnia
333 4578 433 4631 eadem
455 4582 581 4628 eeruetar
604 4582 631 4627 et
656 4574 818 4646 incorrupti
835 4592 871 4628 ao
888 4575 1052 4646 epiritaalir
1075 4585 1141 4646 poa
1164 4575 1395 4629 rerurrectionem
1409 4575 1503 4628 nulla
1525 4584 1584 4645 epet
1606 4578 1766 4644 refectione·
1782 4580 1919 4646 ciborum,

216 4662 346 4732 eorporis
356 4660 588 4731 etatraetploria
597 4677 654 4715 nan
663 4659 849 4730 infrinpatur.
873 4661 1051 4732 Augeatinnr
1079 4661 1148 4731 quia
1171 4660 1254 4714 nulla
1276 4660 1304 4712 ei
1325 4659 1449 4728 reppetit
1471 4677 1489 4712 a
1514 4661 1592 4721 same
1617 4662 1661 4716 oei
1680 4663 1914 4722 mariadura

215 4749 279 4804 libr.
300 4745 409 4802 deiide
429 4752 458 4800 et
476 4745 603 4816 cymbalo
623 4761 646 4800 a
665 4750 695 4801 t:
717 4743 828 4814 Corpus
840 4747 1051 4817 epiatualeeat,
1079 4750 1140 4803 alia
1160 4745 1286 4816 quidibet
1303 4745 1467 4806 infimitate
1484 4747 1616 4812 defectio
1653 4747 1732 4804 Beda
1751 4749 1780 4806 in
1798 4760 1858 4822 cup.
1875 4758 1914 4808 12.

216 4837 295 4905 qued
317 4832 592 4903 patrimonium
616 4831 778 4903 praettabit
794 4831 956 4901 obeeqraam
974 4835 1052 4888 omni
1077 4832 1180 4889 Merui:
1205 4831 1293 4883 Beati
1314 4838 1378 4883 runt
1396 4831 1471 4884 eierat
1487 4833 1583 4898 ampeli
1602 4834 1631 4884 ie
1651 4835 1752 4904 coelia,
1771 4838 1915 4906 quia'epi·

214 4920 378 4989 fraprlitate
405 4935 440 4971 ac
460 4918 525 4972 labe
550 4924 665 4971 terrena
683 4915 715 4970 in
733 4917 879 4972 coeleetem
895 4919 1049 4988 paritatem
1077 4918 1194 4975 ritualia
1208 4917 1279 4988 ipeie
1290 4916 1466 4985 prmnittitur
1482 4921 1665 4983 concertatio,
1684 4921 1716 4975 in
1732 4901 1790 4990 pao
1809 4925 1919 4993 alapae

215 5014 241 5062 et
261 5004 444 5060 etabililatem
461 5008 570 5074 mutata
587 5009 614 5055 et
630 5018 774 5056 concerta.
791 5003 821 5059 in
834 5001 968 5059 enchiritl
988 5021 1048 5077 cap.
1077 5006 1138 5060 ulla
1157 5003 1266 5056 terrem
1281 5010 1363 5056 actae
1379 5010 1456 5056 aaa
1470 5012 1612 5075 perpetua
1624 5006 1685 5060 Dei
1696 5007 1804 5062 raone
1813 5010 1914 5073 fraen-

215 5099 264 5150 tli
285 5091 365 5146 Sina
382 5106 457 5144 nano
468 5104 572 5156 corpur
586 5087 710 5141 animale
728 5089 844 5154 dicam,
863 5092 941 5160 qaod
956 5098 1050 5146 tamen
1077 5102 1131 5147 tur.
1168 5087 1324 5144 Guilelmus
1340 5088 1480 5144 Alternus
1501 5090 1609 5162 primae
1624 5092 1713 5163 partie
1733 5093 1769 5148 de
1783 5094 1912 5151 aniverso

216 5194 319 5248 eorpae
342 5195 398 5230 non
423 5175 519 5228 anima
538 5182 593 5240 eet,
614 5172 656 5226 ita
682 5182 748 5228 tane
770 5177 922 5244 epirituale
945 5194 1050 5249 corpur
1077 5182 1147 5249 part.
1168 5181 1191 5232 2.
1210 5191 1271 5246 cap.
1294 5179 1342 5231 tte
1373 5175 1459 5239 Quod
1483 5193 1533 5231 neo
1557 5177 1695 5235 alimento
1716 5179 1864 5250 indipeont
1883 5183 1917 5235 in

215 5267 279 5332 erit,
300 5280 404 5332 corpur
420 5270 513 5314 tamen
532 5278 589 5313 non
606 5260 725 5328 spiritur
741 5261 805 5316 erit.
823 5261 871 5316 lib.
888 5267 928 5318 13.
946 5263 981 5318 de
996 5263 1049 5319 cir.
1076 5271 1153 5318 etata
1171 5262 1323 5325 felicitatir
1341 5261 1422 5317 iliae
1440 5279 1563 5332 corpora
1580 5265 1753 5334 plorittoato,
1767 5267 1836 5321 inde
1854 5285 1914 5322 ma·

215 5349 270 5404 Dei
294 5365 355 5420 cap.
375 5354 423 5404 tt:
449 5347 529 5401 sieut
549 5346 670 5416 epiritae
688 5348 773 5400 carni
789 5349 913 5401 aereiene
934 5365 991 5401 non
1006 5347 1050 5401 in·
1077 5349 1211 5415 nifeatam
1223 5355 1274 5416 ert,
1291 5348 1360 5417 qaia
1376 5365 1458 5403 omne
1467 5350 1667 5404 nutrimentum
1688 5353 1914 5407 eetreetaarotio

214 5451 339 5503 conprae
362 5433 504 5501 canalia,
530 5433 571 5486 ita
595 5448 663 5485 earo
688 5433 806 5502 epiritui
825 5435 948 5488 ravam
975 5441 1049 5488 recte
1079 5435 1156 5503 eiua,
1179 5435 1257 5505 quoa
1267 5433 1336 5504 fluit
1354 5437 1391 5488 de
1409 5451 1528 5506 corpore
1547 5434 1679 5491 nutribili
1690 5452 1746 5507 per
1765 5447 1870 5493 metam
1886 5444 1921 5492 at:
