4050 6014
769 353 822 410 DE
839 355 933 412 VITA
952 353 1142 411 AETERNA.
1749 360 1806 418 891

62 507 202 561 serenati
219 509 286 563 eets'e
303 527 353 576 me,
373 509 636 578 inrepeneratione,
654 511 836 565 cumsederit
851 509 948 564 Filius
975 510 1073 564 messis
1100 508 1198 564 Matth.
1222 513 1261 577 13,
1284 527 1312 564 v.
1332 513 1374 566 39.
1394 505 1455 563 Gal.
1477 513 1502 571 6,
1521 524 1548 561 v.
1566 511 1590 562 9
1632 505 1709 578 Ergo
1727 506 1810 562 etiam

62 571 271 655 10ἰιιιιίιίι
258 611 288 647 en
311 596 410 649 tbrono
434 595 545 665 pieriae
568 611 652 659 suas,
680 597 815 650 sedebitis
844 605 870 649 et
900 610 950 649 eor
976 594 1005 649 in
1018 595 1113 650 iuturo
1125 595 1218 650 seculo
1230 594 1343 665 quidam
1356 609 1477 693 parcam,
1497 592 1611 664 quidam
1624 608 1689 647 sero
1701 592 1809 662 largam

110 694 197 748 super
223 681 373 733 duodecim
397 682 479 734 sedes
495 681 663 749 judicantes
687 683 835 737 duodecim
859 681 949 735 tribus
975 680 1119 735 habebunt
1142 696 1266 735 messem.
1301 680 1384 735 Certe
1406 679 1454 749 qui
1477 678 1506 733 in
1525 677 1672 750 erogandis
1691 678 1811 733 eleemo-

111 765 214 822 Ierad.
259 764 340 821 Haec
365 766 450 822 sessio
475 785 531 822 non
556 772 599 822 cst
620 766 815 838 accipienda'
807 784 836 821 ιιι
865 784 947 822 sensu
975 767 1053 836 synis
1078 765 1207 821 liberales
1229 772 1307 833 sunt,
1331 782 1388 820 non
1411 771 1519 819 tantum
1543 762 1571 817 in
1594 763 1647 817 bac
1665 763 1733 830 rita,
1760 763 1810 818 scd

109 850 223 904 literali
247 851 283 905 de
305 852 372 906 sede
394 851 514 922 quadam
538 868 684 923 corporea,
706 853 754 908 sed
775 854 892 922 mystica
912 851 948 907 ds
975 852 1057 906 etiarn
1075 851 1103 907 in
1125 852 1219 907 intura
1232 851 1312 906 bonis
1327 850 1519 921 spiritualibus
1537 856 1566 904 ιι
1579 848 1744 905 coelestibus
1760 848 1810 903 ab·

110 934 211 990 eximia
229 936 350 1006 quadam
370 937 468 1007 gloria,
484 954 567 1007 quam
585 953 653 1008 prae
673 937 786 1009 reliquis
799 938 901 992 sanetis
918 938 947 991 in
974 937 1135 1003 undabant,
1163 944 1235 992 teste
1258 943 1318 991 tota
1344 936 1496 1007 Scriptura.
1531 938 1557 1004 ι)
1581 935 1614 988 Id
1640 934 1730 1005 ipsum
1755 935 1812 989 col·

106 1020 217 1095 iudicio
241 1020 359 1091 apostoli
385 1022 544 1091 habebunt,
568 1028 601 1077 ιιι
621 1023 705 1078 latius
725 1023 896 1079 ostendimus
916 1024 945 1077 in
975 1024 1069 1094 ligitur
1081 1040 1114 1077 ex
1134 1021 1308 1094 ipsaChristi
1321 1021 1461 1093 parabola.
1486 1021 1625 1076 Dicuntur
1634 1022 1707 1076 euim
1725 1020 1810 1088 servi,

109 1111 234 1162 ιιιιιιιιιι
251 1107 286 1163 de
305 1115 427 1162 extremo
441 1108 587 1179 1ιι61ιίοξ.
601 1114 643 1165 tr.
663 1109 751 1180 Atqui
772 1109 794 1164 si
813 1108 947 1181 apostolis
974 1110 1022 1180 qui
1042 1109 1154 1164 talentis
1174 1109 1227 1162 sibi
1246 1109 1411 1163 concreditis
1431 1108 1530 1162 lucrati
1544 1107 1664 1176 ineram,
1686 1107 1810 1177 praemia

109 1192 212 1247 eximia
237 1199 265 1247 ιι
295 1193 443 1263 peculiaris
462 1194 599 1264 quaedam
621 1194 711 1266 gloria
734 1195 876 1265 competit,
894 1194 947 1248 uti·
974 1213 1025 1250 sua
1039 1196 1186 1265 recepturi,
1206 1196 1318 1266 quando
1337 1201 1401 1265 post
1418 1195 1494 1266 longi
1512 1194 1644 1264 temporis
1663 1193 1810 1249 decursum

109 1295 164 1351 que
190 1295 246 1333 non
271 1278 324 1334 erit
354 1278 512 1334 omnimoda
537 1279 701 1351 aequalitas.
745 1280 894 1351 Excipiunt
921 1283 946 1342 1)
974 1280 1077 1335 redibit
1093 1282 1216 1351 ipsorum
1238 1281 1364 1334 dominus
1382 1287 1411 1335 et
1428 1281 1566 1334 rationem
1585 1297 1646 1332 cum
1663 1280 1734 1348 ipsis
1746 1297 1811 1334 con·

62 1366 349 1433 sacomparationem
377 1380 435 1418 esse
463 1383 519 1420 non
548 1368 621 1419 inter
651 1368 728 1436 ipsos
753 1367 862 1434 beatos,
896 1368 949 1420 sed
973 1370 1047 1429 feret
1071 1385 1097 1419 v.
1120 1371 1160 1424 19.
1179 1365 1243 1422 «Iam
1265 1384 1330 1422 vero
1348 1371 1465 1435 constat,
1489 1367 1518 1419 in
1538 1364 1686 1420 novissimo
1705 1364 1750 1420 die
1768 1382 1810 1421 re·

108 1450 183 1503 inter
195 1451 349 1504 Ierailitas
361 1449 499 1517 infideles,
516 1453 557 1504 ad
575 1469 645 1520 quos
663 1453 747 1505 etiam
769 1453 866 1505 dudae
879 1467 947 1521 per·
974 1452 1062 1506 ditum
1081 1451 1183 1506 Christi
1202 1451 1239 1506 sd
1254 1452 1391 1522 judicium
1407 1452 1634 1521 exspectandum.
1668 1450 1811 1505 iubentur

109 1535 224 1600 sinebat,
245 1543 271 1589 st
284 1535 438 1606 apostotos,
452 1539 502 1604 qui
514 1537 581 1590 illos
589 1539 665 1605 fidei
678 1546 703 1591 et
718 1538 865 1592 doctrinae
879 1555 948 1591 suae
974 1538 1070 1592 fideles
1089 1538 1160 1592 servi
1185 1540 1294 1591 intrare
1316 1539 1345 1591 in
1363 1539 1501 1608 paudium
1522 1537 1642 1591 Domini
1658 1537 1706 1590 eui
1721 1555 1748 1594 v.
1768 1541 1810 1594 21.

109 1621 236 1691 exemplo
250 1621 434 1675 damnabunt.
467 1620 695 1692 Respondemus:
713 1622 772 1677 Imo
788 1640 862 1688 vero,
882 1623 949 1694 quia
975 1630 1003 1679 ιι
1020 1630 1062 1682 23.
1086 1624 1150 1680 bam
1174 1640 1240 1679 vero
1265 1641 1315 1693 per
1335 1622 1474 1678 actualem
1494 1629 1522 1677 ct
1541 1624 1650 1692 plenam
1670 1624 1745 1678 vitae
1764 1639 1812 1678 ae·

109 1705 246 1778 peculiari
274 1708 395 1778 quadam
425 1708 533 1763 ratione
565 1707 669 1763 relictis
706 1708 835 1763 omnibus
864 1711 948 1765 rebus
974 1716 1071 1764 ternae
1099 1710 1300 1780 possessionem
1331 1709 1360 1763 in
1390 1709 1522 1780 gaudium
1556 1709 1670 1764 Domini
1702 1709 1813 1764 demum

111 1791 252 1848 Christum
270 1798 350 1847 erant
370 1794 457 1849 secuti
479 1811 512 1848 ac
531 1793 683 1865 majoribus
703 1794 833 1865 periculis
853 1801 882 1849 et
900 1795 947 1849 ad·
975 1794 1183 1851 introducimur.
1216 1795 1346 1858 Quinimo
1369 1810 1471 1862 scopus
1485 1800 1518 1848 ιιι
1531 1799 1560 1848 ιι
1574 1796 1768 1848 antecedentia
1788 1802 1814 1848 et

108 1878 196 1934 versis
215 1885 329 1951 propter
340 1878 431 1949 ipsum
450 1885 530 1934 erant
549 1880 675 1949 expositi,
693 1880 756 1935 ideo
769 1881 852 1934 etiam
864 1897 948 1951 pecu·
975 1882 1170 1951 consequentia
1188 1880 1331 1936 evidenter
1350 1886 1501 1949 testantur,
1522 1876 1661 1935 Christum
1680 1881 1715 1936 de
1733 1882 1812 1936 retri-

108 1964 205 2019 lisrsm
225 1965 362 2034 quendam
383 1964 515 2021 honorem
535 1970 571 2021 ἰι
596 1967 714 2036 gloriam
737 1964 863 2020 Christus
880 1966 948 2036 ipsis
975 1965 1088 2021 batione
1107 1967 1135 2020 in
1157 1966 1202 2022 die
1221 1966 1370 2021 novissimo
1384 1965 1494 2020 demum
1511 1967 1698 2037 exspectanda
1709 1967 1809 2037 prima·
1825 1971 1870 2016 ΣΧ.
1884 1970 1932 2018 ιιι.

107 2049 254 2122 promittit,
272 2054 304 2104 ut
321 2057 400 2119 patet
417 2066 451 2104 ex
465 2057 626 2122 antegressa
638 2051 809 2122 quaestione
826 2055 852 2117 2)
864 2052 949 2105 Illud
974 2053 1014 2106 rio
1034 2068 1067 2106 ac
1085 2052 1235 2122 praecipue
1252 2051 1298 2106 hic
1315 2069 1407 2123 agere.

108 2138 201 2207 ipsum
219 2135 306 2188 tribui
321 2136 447 2188 omnibus
465 2136 641 2200 fidelibusl.
661 2137 799 2206 Cor.,v6
801 2142 850 2193 .3.
869 2137 944 2206 Apo·
1008 2142 1067 2193 rte.
1105 2143 1128 2194 2.
1152 2140 1199 2192 Ec
1216 2138 1381 2194 rationibus.
1411 2142 1433 2195 1.
1462 2139 1508 2191 Ee
1521 2139 1664 2206 promisso
1688 2155 1838 2207 operum
1823 2140 1837 2181 ⁹
1857 2141 1944 2233 Εἴτε·

109 2221 161 2278 cal.
183 2226 256 2288 av.
282 2226 323 2277 21.
368 2221 592 2292 Rrespondemus
621 2221 686 2278 Non
712 2233 807 2278 tamen
834 2223 946 2278 exclusa
972 2224 1165 2281 retributione.
1212 2223 1339 2279 Christus
1363 2223 1502 2279 dicitnr'
1494 2240 1523 2276 ιιι
1549 2230 1672 2278 ιιιιιιιιο
1698 2224 1806 2296 judicio
1823 2192 1878 2234 ⁰⁰⁰¹
1895 2202 1928 2236 ⁰¹

108 2305 438 2377 bonorispraerogativa,
456 2308 674 2378 quaecompetit
691 2306 832 2378 apostolis.
870 2309 945 2379 Apo·
973 2308 1123 2380 unicuique
1152 2311 1318 2363 redditurus
1343 2311 1495 2363 secundum
1525 2325 1613 2378 opera
1643 2309 1742 2364 Mattb.
1768 2314 1808 2375 16,

109 2394 175 2449 stoli
190 2392 358 2464 judicabunt
372 2410 426 2447 non
442 2400 551 2448 tantum
565 2394 690 2464 exemplo
704 2403 730 2448 ct
743 2395 947 2464 approbatione
974 2411 999 2448 v.
1021 2400 1061 2450 27.
1082 2394 1160 2450 Rom.
1181 2400 1206 2464 2,
1225 2413 1251 2448 r.
1269 2401 1294 2451 6.
1323 2401 1347 2450 2.
1364 2394 1490 2450 Corinth.
1510 2401 1536 2461 6,
1553 2413 1579 2450 v.
1600 2401 1642 2452 ta.
1662 2396 1748 2466 Apoc.
1767 2403 1810 2467 22,

109 2480 271 2544 sententiae,
291 2486 322 2532 ut
340 2479 439 2549 reliqui
456 2480 553 2547 saneti,
572 2480 620 2534 sed
638 2479 722 2535 etiam
738 2498 791 2534 csso
805 2482 947 2547 doctrina,
974 2499 1001 2536 r.
1023 2486 1062 2536 12.
1095 2481 1160 2535 dam
1182 2497 1248 2534 vero
1271 2496 1386 2551 operum
1402 2487 1431 2535 et
1449 2480 1588 2549 laborum,
1612 2488 1645 2535 ιιι
1669 2488 1698 2536 ιι
1724 2484 1810 2552 passi·

109 2581 193 2637 quam
212 2564 276 2618 riva
294 2580 363 2619 voce
387 2572 415 2619 et
434 2565 545 2635 scriptis
563 2572 754 2637 propagarunt
774 2582 891 2637 eamque
911 2566 947 2620 ad
975 2582 1058 2620 onum
1077 2565 1181 2637 gradm
1200 2570 1266 2619 sunt
1283 2565 1395 2633 diversi,
1413 2565 1621 2639 diversaigitur
1634 2568 1718 2623 etiam
1731 2586 1810 2639 prae·

108 2651 274 2722 sanguinem
301 2665 390 2721 usque
416 2658 638 2721 propugnarunt.
685 2652 712 2718 3)
739 2653 861 2706 Paulum
892 2671 947 2706 non
975 2651 1038 2709 mia.
1071 2649 1229 2721 Excipiunt,
1251 2652 1326 2705 decta
1344 2652 1414 2705 baec
1433 2653 1604 2721 penerdiitsr
1621 2654 1809 2724 accipiposss

107 2754 192 2809 posse
221 2739 256 2791 ab
288 2737 341 2791 bac
368 2738 493 2789 sessione
521 2745 546 2790 ct
571 2738 712 2808 dipnitate
732 2739 859 2804 excludi,
885 2757 946 2793 cum
974 2739 1009 2791 de
1028 2738 1123 2805 picria
1135 2738 1281 2806 justorum
1300 2746 1326 2791 et
1346 2738 1526 2792 damnatione
1539 2739 1719 2808 injustorum.
1754 2742 1811 2804 Qui

105 2825 175 2897 pius
194 2823 295 2876 ceteris
313 2823 487 2876 laboraverit
516 2827 538 2878 1.
555 2821 618 2879 Cor.
642 2829 681 2890 15,
700 2842 725 2877 v.
747 2830 786 2880 16.
824 2823 946 2895 Respon·
974 2823 1046 2876 enim
1070 2823 1303 2891 benefecerunt,
1328 2823 1524 2878 hereditabunt
1548 2825 1651 2889 odam,
1673 2826 1725 2894 qui
1743 2843 1809 2882 uero

111 2909 221 2963 demus:
239 2907 345 2962 Paulus
363 2914 395 2961 ιιι
414 2906 564 2977 apostoloci
586 2910 707 2962 muneris
726 2925 759 2963 ao
777 2908 889 2977 laboris,
906 2911 947 2964 ita
974 2909 1066 2976 mala,
1086 2910 1296 2963 damnationem
1313 2918 1471 2978 aeternam,
1497 2909 1596 2964 Matth.
1616 2916 1657 2978 25,
1674 2929 1699 2966 r.
1720 2919 1761 2969 35.
1782 2919 1811 2969 ιι

110 3012 221 3067 quoqne
247 2993 396 3066 peculiaris
429 2993 545 3063 praemii
573 2994 709 3064 apostolis
737 2994 864 3065 promissi
894 2995 948 3049 erit
973 3000 1015 3051 42.
1033 2993 1112 3049 Rom.
1134 3000 1159 3064 2,
1176 3013 1203 3054 v.
1223 2999 1248 3050 9.
1283 2994 1507 3065 Respondemus:
1526 2995 1602 3051 Vera
1621 3004 1663 3051 est
1680 2996 1750 3052 haec
1764 3015 1809 3054 ιι·

109 3081 264 3154 particepe3
283 3096 317 3134 ac
335 3079 451 3148 proinde
471 3083 502 3132 ut
515 3096 565 3149 per
580 3097 725 3133 numerum
745 3080 944 3135 duodenarium
974 3080 1101 3151 plicatio,
1124 3080 1173 3134 sed
1197 3096 1253 3135 non
1273 3079 1361 3151 plena.
1404 3080 1530 3135 Christus
1554 3082 1626 3136 enim
1646 3082 1808 3139 nouaclum

109 3184 166 3223 non
187 3166 343 3222 excluditur
371 3181 388 3218 ιι
414 3166 533 3236 collegio
561 3165 765 3235 apostolorum,
791 3167 830 3220 ita
857 3184 947 3222 neca
974 3183 1006 3221 ιι
1025 3181 1139 3236 operum
1158 3166 1316 3221 testimonio
1340 3167 1375 3221 de
1395 3168 1531 3237 cujusque
1549 3166 1606 3223 fide
1625 3168 1670 3223 vel
1690 3167 1807 3224 infideli·

109 3252 302 3308 commnnione
313 3251 527 3320 apostolicorum
535 3250 728 3320 praemiorum.
738 3251 946 3307 Confertracta·
973 3260 1031 3306 tate
1047 3252 1183 3322 judicium
1201 3251 1280 3319 ierat,
1298 3252 1347 3306 sed
1366 3253 1449 3307 etiam
1468 3254 1605 3324 cujusque
1622 3255 1660 3325 pii
1679 3272 1764 3326 opera
1781 3262 1810 3311 ιι

109 3347 169 3394 ιιιιιι
190 3338 225 3392 de
243 3342 365 3392 extremo
379 3336 489 3407 judicio
509 3335 534 3407 ξ.
555 3343 594 3393 15.
630 3340 656 3405 ι)
673 3339 737 3392 Hoc
753 3339 845 3407 speum
865 3340 946 3408 quid·
974 3337 1082 3392 labores
1104 3354 1137 3392 ιι
1158 3337 1281 3408 gratuita
1299 3338 1487 3393 misericordia
1501 3341 1583 3410 juxta
1597 3356 1675 3395 suam
1693 3341 1809 3410 promis·

109 3427 182 3496 quid
207 3425 275 3487 erit,
302 3441 358 3477 non
384 3424 513 3487 suturam
541 3425 577 3476 de
605 3424 725 3477 meantia
753 3424 871 3477 visionis
897 3440 947 3478 seu
973 3424 1078 3477 sionem
1099 3422 1337 3478 abundantissime
1354 3424 1557 3494 compensabit,
1578 3441 1611 3482 ea
1631 3425 1744 3497 quidem
1762 3443 1809 3482 ra-

109 3511 267 3580 eopnitione
277 3508 345 3575 Dei,
364 3511 400 3561 de
418 3525 474 3577 qua
492 3508 557 3561 scia
571 3508 615 3562 bic
628 3518 790 3578 qrmeratur.
818 3509 947 3578 Respon·
973 3509 1057 3576 tione,
1075 3515 1107 3563 ut
1125 3508 1171 3580 qui
1183 3526 1269 3578 parce
1287 3511 1443 3578 seminavit,
1456 3525 1548 3578 parce
1566 3512 1651 3566 etiam
1670 3521 1763 3583 metat,
1779 3519 1808 3571 et

109 3598 221 3651 demus:
240 3594 298 3648 Imo
312 3610 377 3647 vero
391 3610 446 3649 nou
458 3599 567 3648 tantum
577 3594 803 3663 inaequalitatem
819 3602 946 3665 respectu
974 3595 1020 3665 qui
1034 3595 1155 3664 turpiter
1171 3593 1325 3662 seminarit,
1346 3595 1467 3662 turpiter
1480 3596 1565 3650 etiam
1577 3605 1671 3659 metat,
1689 3599 1718 3653 id
1732 3599 1807 3672 quod

108 3681 223 3736 visionis
244 3679 399 3747 beatificae,
419 3679 467 3732 sad
488 3678 571 3732 etiam
589 3685 718 3749 respectu
735 3679 946 3735 accidentalium
973 3680 1116 3735 evidenter
1133 3679 1275 3750 colligitur
1295 3697 1328 3736 ιι
1351 3679 1412 3735 loco
1431 3681 1585 3752 apostolico
1607 3689 1630 3739 1.
1645 3684 1770 3742 Corinth.
1784 3691 1809 3754 ι,

108 3766 295 3839 praemiorum
324 3764 475 3819 adversarii
504 3772 623 3836 negant,
658 3770 689 3818 ιιι
717 3783 750 3821 ιι
775 3767 947 3837 argumentis
972 3784 996 3819 v.
1018 3771 1046 3822 8:
1077 3767 1271 3836 Unusquisque
1287 3767 1437 3838 propriam
1464 3785 1546 3822 suam
1573 3772 1727 3825 mercedem
1758 3789 1808 3826 ac·
1866 3788 1870 3795 ·

107 3854 232 3925 ipsorum
251 3857 348 3922 postea
366 3849 521 3921 apparebit.
551 3851 654 3906 Nostra
667 3867 738 3921 qnae
751 3852 946 3922 sitsententia,
972 3853 1058 3921 cipiet
1076 3853 1228 3906 seeundum
1246 3870 1326 3905 suum
1340 3853 1475 3910 laborem.
1495 3853 1576 3911 Certe
1595 3856 1619 3910 si
1640 3857 1756 3928 quilibet
1777 3859 1806 3914 in

107 3954 141 3995 ιι
169 3937 405 3994 observationibus
428 3937 502 3991 circa
527 3936 698 4008 quaestionis
717 3943 819 3992 statum
838 3938 946 4010 liquido
971 3937 1066 3993 futuro
1098 3936 1193 3993 seculo
1221 3937 1375 3992 mercedem
1403 3939 1521 4009 accipiet
1548 3946 1699 3998 secundum
1727 3964 1807 4000 suum

108 4025 299 4096 conspicuum.
972 4024 1105 4090 laborem,
1134 4038 1305 4093 consequens
1334 4028 1390 4090 est,
1417 4042 1479 4080 cum
1505 4026 1584 4083 labor
1612 4030 1649 4083 sit
1675 4030 1808 4103 diversus,

62 4141 96 4180 p,
145 4116 202 4168 121.
235 4117 258 4166 5.
284 4109 383 4164 Matth.
406 4115 448 4174 25,
467 4127 493 4165 v.
516 4114 557 4166 21.
578 4116 606 4164 ιι
626 4113 668 4165 te.
694 4111 847 4165 diversitas
873 4112 949 4165 lucri
972 4109 1055 4164 etiam
1080 4109 1216 4164 diversam
1240 4108 1299 4164 iore
1319 4112 1472 4167 mercedem
1493 4113 1550 4167 sive
1574 4115 1699 4186 gloriam.
1747 4116 1807 4174 Nec

63 4219 97 4282 ἱ,
108 4214 142 4252 ee
163 4197 270 4252 talento
290 4196 447 4250 concredito
460 4196 788 4266 diuersiscompensatur
799 4198 945 4266 praemiis
972 4200 1064 4264 potest
1082 4194 1189 4250 obverti
1204 4196 1541 4263 depraemioessentiali,
1563 4201 1630 4253 de
1617 4219 1682 4270 apsa
1698 4203 1806 4257 scilicet

62 4304 95 4334 n-
108 4282 276 4353 Excipiunt,
301 4283 353 4336 boa
377 4281 501 4350 intellipi
519 4298 604 4350 posse
629 4283 665 4335 de
688 4289 764 4335 statu
785 4283 947 4354 praesentis
972 4281 1030 4333 uita
1056 4287 1173 4334 aeterrm
1191 4281 1253 4349 piis
1283 4282 1350 4334 benc
1375 4285 1556 4352 operantibus
1574 4286 1724 4355 promisso,
1750 4305 1809 4342 ser·

107 4369 254 4434 secubitu
271 4385 334 4437 quo,
352 4383 399 4436 que
396 4367 514 4436 fidelis
528 4375 568 4420 est
584 4368 614 4420 in
628 4368 733 4437 paucis
751 4375 776 4420 et
795 4368 879 4421 donis
888 4369 950 4421 Dei
974 4383 1080 4421 monem
1107 4383 1178 4434 esse,
1203 4383 1260 4420 non
1288 4374 1380 4420 autem
1407 4369 1442 4423 de
1463 4371 1657 4437 praemiorum
1676 4373 1806 4428 acciden-

108 4461 181 4510 recte
201 4453 304 4521 utitur,
328 4452 356 4505 ei
375 4453 488 4522 pretias
514 4453 688 4522 aupebuntur
714 4461 740 4507 et
760 4453 850 4521 plura
871 4453 946 4504 dona
974 4453 1074 4506 totitem
1102 4452 1272 4507 diuersitate.
1315 4451 1388 4508 Nam
1415 4453 1520 4509 Paulus
1545 4455 1592 4511 bic
1617 4473 1672 4511 non
1700 4459 1809 4517 confert

108 4539 276 4609 spiritualia
299 4537 484 4601 conferentur
500 4555 525 4590 r.
547 4542 587 4593 29.
612 4537 839 4608 Respondemus:
861 4539 886 4605 1)
905 4536 947 4590 Ει
975 4538 1036 4608 pios
1055 4541 1083 4592 ιι
1102 4536 1210 4607 impios,
1230 4543 1262 4592 ut
1277 4537 1332 4592 illis
1350 4539 1461 4608 quidem
1480 4540 1575 4607 vitam,
1595 4544 1639 4596 his
1657 4560 1723 4599 vero
1736 4563 1807 4601 mor·

107 4623 298 4679 subordinatis
316 4639 373 4677 non
393 4632 459 4676 sunt
478 4622 758 4694 faciendaopposits.
791 4623 845 4687 Qui
867 4622 948 4676 donis
973 4633 1029 4679 tem
1056 4628 1198 4677 aeternam
1222 4640 1271 4692 pro
1298 4623 1458 4679 diversitate
1477 4643 1591 4696 operum
1611 4629 1731 4694 tribuat,
1757 4633 1806 4688 sed

107 4709 162 4766 Dei
186 4709 259 4764 bene
281 4709 383 4778 utitur,
413 4708 515 4780 dignus
542 4708 671 4772 efficitur,
699 4714 732 4762 ιιι
757 4725 841 4778 super
866 4708 948 4778 plura
974 4709 1049 4777 ipsos
1075 4707 1135 4778 pios
1161 4708 1288 4765 doctores
1314 4710 1385 4765 inter
1405 4729 1436 4766 ss
1456 4711 1571 4771 confert.
1612 4716 1686 4787 Epo,
1707 4717 1805 4788 inquit,
1884 4766 1889 4781 ,

106 4795 309 4855 constituatur.
336 4799 365 4848 ot
388 4794 523 4849 donorum
545 4794 731 4864 spiritualium
751 4792 840 4865 magis
859 4810 947 4863 capax
971 4795 1111 4862 plantavi,
1130 4796 1231 4865 Apollo
1249 4797 1354 4864 ripaait
1370 4816 1395 4852 v.
1408 4803 1432 4854 6.
1453 4800 1642 4870 unusquisque
1656 4804 1809 4872 propriam
1915 4850 1926 4861 .

107 4880 233 4953 quotidie
251 4880 377 4934 redditur
396 4881 478 4935 etiarn
499 4879 527 4934 1ιι
544 4880 596 4934 hoe
614 4879 716 4948 seculo,
734 4879 782 4933 sed
802 4895 835 4933 ιιι
856 4895 889 4932 ιο
907 4878 947 4932 in·
975 4882 1127 4934 mercedem
1152 4881 1271 4950 accipiet
1297 4887 1448 4938 secundum
1474 4902 1555 4938 suum
1582 4887 1707 4942 laborem
1732 4906 1756 4942 r.
1784 4893 1809 4948 9,

106 4966 174 5022 ierri
194 4966 301 5038 nequit,
321 4965 396 5036 qnod
415 4983 470 5020 non
487 4965 543 5018 sint
561 4965 602 5018 illi
622 4965 812 5036 exspectanda
825 4965 948 5034 praemia
975 4967 1035 5019 Dei
1052 4966 1125 5018 enim
1143 4984 1238 5020 sumus
1249 4967 1398 5035 adjutores
1415 4986 1440 5023 v.
1453 4975 1477 5025 9.
1497 4969 1541 5025 De
1558 4972 1608 5027 tali
1626 4972 1713 5044 igitur
1726 4991 1806 5046 prae·

107 5053 137 5108 in
156 5051 250 5108 seculo
268 5050 371 5106 futuro.
407 5051 435 5119 2)
456 5051 528 5116 Quin
549 5051 643 5121 potius
656 5053 754 5120 pietus
767 5052 849 5106 babet
862 5067 946 5121 prae·
975 5052 1030 5106 mio
1048 5052 1180 5122 loquitur,
1200 5051 1274 5123 quod
1290 5052 1373 5122 juxta
1392 5056 1527 5128 cujusque
1543 5057 1711 5127 peculiarem
1727 5059 1804 5115 labo-

108 5140 166 5194 ms'a
187 5156 244 5192 non
263 5145 368 5191 tuntum
385 5139 545 5207 praesentis
565 5139 617 5190 sed
635 5137 848 5203 etiamsuturae
867 5136 948 5200 uitae,
974 5155 1032 5192 rem
1052 5137 1228 5208 peculiariter
1246 5146 1273 5193 ct
1291 5138 1468 5211 singulariter
1485 5142 1585 5214 cuique
1602 5144 1649 5213 pio
1661 5146 1807 5215 tribuetur,

107 5224 136 5279 id
162 5231 205 5280 est
227 5222 414 5294 praemiorum
439 5239 495 5277 non
514 5223 601 5277 solum
621 5223 650 5276 in
668 5223 722 5277 hac
748 5223 796 5277 sed
818 5222 901 5276 etiam
919 5221 948 5274 in
974 5229 1058 5292 prout
1075 5221 1181 5278 scilicet
1196 5225 1332 5294 cujusque
1345 5229 1434 5298 major
1452 5229 1496 5282 rel
1515 5228 1605 5283 minor
1615 5230 1700 5286 fuerit
1714 5234 1742 5287 in
1761 5251 1805 5290 ec-

109 5310 205 5365 iutnra
224 5310 282 5363 vita
299 5314 323 5364 t.
342 5306 465 5366 Timotb.
485 5315 510 5377 4,
527 5327 551 5365 v.
571 5315 594 5365 8.
626 5314 652 5375 3)
671 5309 714 5363 Ae
727 5308 831 5363 Paulus
845 5307 947 5361 diserte
974 5309 1060 5363 clasia
1078 5308 1166 5378 labor,
1184 5310 1302 5379 majores
1326 5311 1370 5366 vel
1389 5313 1507 5368 minores
1525 5314 1676 5384 passiones.
1717 5320 1742 5388 2)
1761 5322 1807 5376 Ee

110 5395 222 5461 scribit,
248 5396 299 5464 qui
308 5411 397 5464 parce
415 5395 547 5462 seminat,
567 5413 628 5448 eum
647 5411 756 5465 quoque
770 5411 860 5464 parce
879 5410 947 5446 mes·
973 5396 1158 5465 oppositione.
1202 5395 1293 5452 Erunt
1316 5399 1420 5470 gradus
1446 5417 1599 5470 poenarum
1620 5402 1804 5462 infernalium.

111 5499 208 5536 surum
236 5485 260 5536 2.
279 5479 343 5536 Cor.
362 5485 386 5547 9,
405 5497 431 5534 r.
451 5485 475 5535 6.
507 5480 573 5535 Jam
589 5497 655 5537 vero
672 5482 796 5535 seculum
814 5495 947 5551 praesens
973 5478 1049 5552 Ergo
1080 5480 1162 5536 etiam
1197 5483 1382 5554 praemiorum
1411 5486 1580 5545 coelestium.
1629 5491 1807 5549 Antecedcus

109 5573 151 5622 est
169 5575 279 5637 tempus
297 5567 442 5636 sementis,
471 5568 595 5621 seculum
621 5566 746 5621 futurum
771 5572 814 5622 ιιι
839 5575 947 5636 tempus
959 5612 961 5621 .
973 5565 1196 5622 confirmavimus
1212 5567 1242 5623 in
1258 5574 1369 5625 tractat.
1382 5570 1416 5626 de
1432 5570 1542 5629 inferno
1552 5579 1576 5641 ι.
1591 5577 1807 5650 ’15,Ἐιι1ρ1ιιιιι,
