4050 6014
209 236 266 294 106
854 219 1088 278 TBAOTATUS
1105 220 1271 281 TERTIUS

1950 286 1957 314 i

204 380 276 435 libro
300 379 406 434 Thisbi.
445 379 551 433 Exacto
576 395 642 434 vero
665 377 826 449 longissimo
851 376 925 432 vitae
950 376 1041 446 spatio
1068 384 1128 434 tum
1144 397 1178 434 aa
1196 381 1357 436 conditione
1384 389 1409 433 et
1433 389 1537 434 natura
1561 379 1643 449 rapui
1665 378 1798 445 Moesiae,
1824 377 1909 448 quale

205 474 290 538 atque
309 466 433 536 imperio,
451 465 522 534 auri,
533 464 640 536 argenti
659 464 888 534 voluptatumque
896 463 1041 518 abundan-
1069 466 1140 521 enim
1153 466 1232 532 illud,
1251 467 1407 520 talisetiam
1419 466 1558 536 speranda
1575 464 1709 529 reductio,
1721 464 1771 517 sed
1790 480 1908 533 regnum

205 554 246 608 tia
266 552 496 622 splendidissimo,
510 558 624 604 mortem
650 550 798 617 obiturum,
815 549 918 604 relictis
933 565 1041 603 sueces-
1069 552 1186 608 Mesaiae
1213 560 1255 607 eat
1285 553 1441 623 spirituale,
1472 560 1504 606 ut
1533 569 1583 606 suo
1611 553 1671 606 loco
1694 552 1907 616 demonstratur,

206 640 314 694 acribus
334 639 410 704 regni
430 637 458 690 in
476 642 649 706 perpetuum·
688 636 812 705 Targum
836 634 942 691 Cautio.
968 640 991 698 8,
1016 652 1041 687 v·
1069 656 1135 708 ergo
1157 648 1185 694 et
1203 641 1339 708 redueti03
1358 647 1416 693 tum
1433 658 1465 694 ea
1478 641 1617 708 qualitate
1638 641 1765 708 ipsarum
1783 640 1908 708 promie-

208 732 223 782 2
251 732 279 780 11
304 725 385 779 Aben
414 723 487 777 Ezra
516 740 550 777 ac
576 721 678 777 Raschi
706 722 733 774 in
756 720 905 776 Pauschim
929 720 1044 774 tradunt
1069 726 1190 789 monum,
1221 725 1287 796 quia
1314 725 1428 779 Zachar.
1457 731 1482 793 2,
1506 745 1531 780 r.
1556 733 1579 781 1.
1621 725 1816 795 Hierosolyma
1838 729 1971 779 tem-¹11.

207 814 334 882 insuper,
358 811 515 865 demortuos
533 809 656 864 Judaeos
685 815 753 863 tunc
776 809 970 863 resuscitatum
1001 806 1043 869 iri,
1069 827 1136 881 pore
1154 811 1272 865 Messias
1295 810 1355 864 sine
1384 828 1463 864 muro
1487 827 1538 865 seu
1557 811 1644 865 instar
1666 811 1776 866 illamm
1796 810 1908 880 praedi·

206 905 238 953 ut
257 897 328 951 fiant
344 896 440 967 gaudii
458 895 541 965 hujus
559 895 718 965 participes,
737 912 770 949 eo
796 900 888 949 tamen
905 892 1043 947 disorimi·
1069 898 1141 951 citur
1169 896 1322 952 habitanda
1350 915 1406 951 non
1432 898 1540 951 ratione
1563 896 1736 966 munitionis,
1763 897 1812 950 sed
1833 912 1908 967 prae

206 1004 249 1051 ne,
268 992 300 1040 ut
314 986 361 1057 qui
386 985 415 1038 in
440 991 513 1039 terra
535 984 621 1037 larabi
646 983 704 1038 sive
727 983 841 1037 Canaan
866 981 966 1035 mortui
983 979 1042 1033 fuc-
1069 983 1249 1037 multitudine
1276 984 1499 1051 inhabitantium,
1525 983 1554 1039 id
1581 983 1656 1052 quod
1689 983 1724 1037 de
1751 982 1829 1036 nulla
1855 988 1909 1037 ter·

206 1075 271 1142 rint,
292 1073 399 1143 absque
417 1073 511 1127 dolore
521 1077 675 1140 resurgant,
694 1070 741 1140 qui
760 1085 826 1123 vero
837 1068 911 1133 alibi,
931 1082 1043 1120 necesse
1069 1086 1137 1124 rena
1160 1069 1272 1123 civitate
1292 1070 1347 1124 dici
1373 1075 1481 1140 potest,
1510 1086 1572 1123 cum
1599 1068 1674 1122 nulla
1688 1085 1810 1141 unquam
1840 1066 1908 1122 urbs

206 1160 330 1215 habeant
354 1159 463 1228 magnis
492 1157 661 1212 cruciatibus
690 1172 740 1225 per
769 1156 830 1209 loca
862 1154 1045 1208 subterranea
1069 1162 1127 1212 tam
1147 1162 1226 1210 vasta
1242 1155 1339 1224 fuerit,
1364 1163 1396 1210 ut
1416 1171 1493 1209 muro
1513 1155 1677 1209 circumdari
1696 1171 1751 1209 non
1774 1153 1907 1224 potuerit,

208 1245 315 1301 devolvi
335 1260 424 1315 usque
443 1244 592 1298 interram
614 1244 735 1308 Centau,
760 1248 828 1295 tunc
854 1239 977 1295 Judaeoa
1001 1239 1044 1291 di·
1070 1243 1145 1298 unde
1162 1260 1188 1297 v,
1210 1249 1233 1297 5,
1261 1243 1363 1297 diserte
1391 1242 1512 1309 additur,
1538 1241 1611 1312 quod
1635 1240 1772 1295 Dominus
1795 1241 1908 1296 futurus

207 1337 275 1386 cunt
291 1347 466 1400 possessuros
487 1329 561 1384 bona
580 1329 712 1399 gentium,
728 1344 800 1398 quae
817 1327 890 1381 uitro
904 1327 960 1379 sint
978 1342 1042 1380 ven·
1070 1329 1107 1384 sit
1125 1330 1247 1383 civitatis
1267 1330 1347 1383 illius
1364 1347 1462 1382 murus
1480 1330 1510 1381 in
1529 1328 1663 1395 circuitu3
1683 1333 1742 1381 tum
1757 1344 1789 1380 ea
1803 1328 1910 1399 phrasi

206 1423 286 1471 turae
304 1433 337 1470 ao
357 1415 432 1486 ipsos
452 1414 579 1469 curribus
598 1414 750 1483 pensilibus
776 1414 804 1467 in
828 1421 929 1468 terram
957 1412 1044 1467 Israel
1069 1416 1206 1484 loquendi
1221 1415 1398 1483 prophetica,
1419 1415 1486 1486 quia
1501 1414 1645 1485 prophetis
1671 1414 1701 1467 in
1730 1430 1807 1468 more
1834 1415 1907 1484 posi-

154 1543 159 1550 .
207 1505 412 1572 deportaturae,
429 1508 513 1570 atque
531 1500 623 1552 omnia
649 1498 761 1555 servitia
784 1499 819 1552 ad
843 1505 940 1553 nutum
965 1514 1043 1568 prae·
1069 1507 1138 1564 tum,
1158 1499 1294 1555 beneficia
1312 1500 1431 1554 Messiae
1445 1499 1574 1554 coelestia
1592 1506 1620 1555 et
1633 1500 1789 1570 spiritualia
1807 1500 1908 1556 descri-

207 1590 332 1654 stiturae,
349 1594 381 1642 ut
400 1587 470 1641 haec
484 1593 512 1641 11
530 1586 630 1640 similia
649 1585 745 1639 deliria
764 1601 797 1639 ex
816 1584 927 1639 Abcath
942 1584 1043 1653 rochel,
1070 1588 1136 1643 bere
1156 1591 1184 1640 et
1199 1585 1366 1640 adumbrare
1384 1585 1467 1640 rebus
1489 1585 1676 1656 corporalibus
1696 1602 1729 1640 ac
1750 1586 1908 1658 mundanis,

207 1677 234 1729 h.
254 1692 277 1729 e.
294 1673 367 1727 libro
387 1672 542 1742 specierum
565 1671 786 1738 aromaticarum,
813 1671 920 1740 prolixe
943 1671 1043 1724 deseri·
1055 1632 1058 1733 i
1071 1673 1196 1744 adeoque
1213 1673 1247 1726 de
1265 1671 1348 1725 rebus
1368 1671 1440 1726 Novi
1456 1672 1627 1726 Testamenti
1647 1672 1792 1726 vaticinari
1813 1672 1906 1729 verbis

206 1761 250 1816 bit
273 1761 406 1816 Helvicus
424 1757 528 1814 elench.
551 1764 573 1813 3.
592 1763 690 1812 contra
707 1756 830 1812 Judaeoe
848 1758 877 1810 in
893 1756 983 1826 capite
1002 1772 1044 1821 ses
1070 1759 1180 1822 Veteris
1198 1758 1377 1824 Testamenti,
1402 1756 1474 1810 sicut
1493 1756 1576 1810 etiam
1602 1756 1637 1810 de
1661 1757 1739 1812 cultu
1769 1760 1907 1829 spirituali

209 1847 300 1902 cundo
320 1847 355 1901 de
372 1846 443 1901 offic
462 1844 582 1900 Messias
602 1844 677 1915 regio
697 1844 723 1911 ᾗ.
746 1850 768 1898 1.
785 1849 813 1897 11
830 1858 907 1912 seqq.
1099 1893 1103 1903 ,
1125 1845 1157 1898 Τ.
1178 1846 1330 1914 loquuntur
1347 1842 1440 1898 verbis
1455 1843 1491 1897 ad
1509 1842 1628 1913 legalem
1645 1844 1750 1897 cultum
1766 1846 1906 1914 pertinen·

245 1941 300 1991 llo.
340 1931 447 2003 Urgent
471 1939 563 1985 autem
589 1946 639 1999 pro
666 1929 836 1982 adstruendo
860 1928 913 1981 hoc
939 1926 1044 1981 somnio
1069 1931 1145 1986 tibus
1162 1931 1207 1984 Es.
1230 1937 1268 1999 19,
1287 1949 1311 1986 r.
1333 1936 1373 1985 20.
1394 1946 1417 1983 c.
1438 1936 1478 1999 tt,
1504 1932 1908 1997 recausationem

208 2019 344 2090 quaedam
364 2017 523 2086 Scripturas
542 2015 624 2069 diota.
662 2014 751 2068 Levit.
771 2020 813 2077 26,
833 2031 858 2069 v.
880 2019 927 2071 41:
953 2015 1042 2066 Indu·
1073 2024 1094 2087 1,
1114 2035 1139 2070 v.
1161 2024 1199 2074 11.
1220 2025 1271 2073 111.
1292 2023 1350 2071 tum
1376 2035 1409 2070 ea
1427 2018 1489 2085 ipso
1518 2017 1717 2085 complemento
1741 2020 1907 2087 promissio·

207 2124 269 2160 eam
286 2106 354 2158 ilios
371 2105 401 2155 in
421 2112 526 2156 terram
546 2101 682 2167 hostilem,
702 2108 768 2152 tunc
781 2100 976 2153 humiliabitur
994 2117 1043 2153 eor
1069 2121 1144 2166 num,
1165 2105 1230 2172 quia
1248 2120 1283 2158 ue
1308 2103 1419 2174 quidem
1445 2103 1472 2157 in
1501 2103 1661 2158 reductione
1687 2119 1720 2157 ex
1744 2105 1907 2174 captivitate

208 2209 303 2245 eorum
322 2188 562 2250 iocirwmctbumr
586 2190 675 2243 1’.42-
703 2192 729 2237 0⁶
754 2185 927 2238 r⁶0⁰rdab0r
944 2187 1043 2249 foede·
1069 2189 1243 2260 Babylonica
1269 2205 1362 2243 omnes
1391 2189 1542 2258 corporalis
1573 2188 1656 2259 hujus
1684 2189 1811 2245 beneficii
1838 2190 1906 2246 facti

207 2279 250 2331 ris
266 2276 329 2338 mei,
348 2277 426 2343 quod
449 2272 548 2342 pepiqi
574 2289 634 2324 rum
652 2271 745 2324 Jacob
766 2279 792 2323 et
812 2272 935 2323 Iaaooet
951 2271 1043 2322 Abra-
1069 2281 1135 2329 sunt
1152 2275 1311 2345 participes,
1331 2292 1393 2328 cum
1412 2274 1491 2327 multi
1512 2273 1540 2327 in
1558 2274 1653 2327 exsilio
1670 2275 1776 2330 fuerint
1790 2279 1906 2346 mortui;

207 2365 281 2416 bans.
324 2378 350 2412 v.
368 2365 410 2414 44.
440 2360 573 2410 Attamen
600 2357 684 2409 etiam
708 2374 770 2409 essm
796 2363 886 2409 essent
912 2357 941 2408 in
965 2363 1043 2408 terra
1069 2368 1127 2416 tum
1146 2379 1178 2414 ea
1197 2362 1321 2414 aliorum
1338 2362 1464 2415 locorum
1485 2360 1645 2425 collatione,
1674 2360 1763 2416 Oseae
1782 2368 1806 2429 3,
1825 2383 1850 2418 v.
1875 2371 1907 2421 4:

208 2447 312 2514 borsili,
330 2464 386 2500 non
404 2445 516 2514 penitus
532 2444 625 2511 abjeci
643 2459 709 2511 oos;
728 2459 815 2511 neque
843 2444 885 2494 sia
900 2444 1042 2496 abomina·
1070 2448 1208 2501 Perdice
1226 2448 1328 2501 multos
1345 2447 1480 2499 sedebunt
1493 2447 1556 2513 filii
1575 2446 1695 2499 Israelis
1715 2449 1775 2501 eine
1798 2458 1907 2517 repeat

209 2544 253 2588 tua
271 2551 331 2585 sum
349 2548 403 2598 soe,
421 2538 452 2583 ut
470 2536 706 2597 consumerentur,
725 2538 750 2581 et
776 2529 889 2581 irritam
912 2529 1043 2595 facerem
1069 2533 1129 2587 sine
1150 2534 1282 2601 principe
1308 2541 1335 2585 et
1356 2533 1417 2584 sine
1436 2532 1589 2598 sarrffieio,
1615 2550 1632 2583 v
1663 2538 1685 2587 5.
1712 2539 1818 2602 etpost
1838 2536 1906 2590 base

205 2627 320 2691 paetum
333 2635 421 2670 meum
435 2634 497 2669 eum
510 2615 567 2684 eis,·
583 2632 634 2681 eqo
647 2616 717 2668 enim
736 2633 796 2667 aum
812 2616 951 2668 Dominam
964 2617 1043 2668 Deua
1069 2627 1249 2680 reuertentur,
1268 2625 1295 2671 et
1320 2625 1453 2686 quaerent
1481 2617 1635 2670 Dominum
1660 2621 1753 2672 Deum
1778 2638 1858 2674 auum
1882 2629 1907 2676 et

209 2723 311 2760 eonem.
349 2702 393 2772 (In
411 2702 464 2756 hoc
483 2705 562 2754 textu
581 2700 649 2753 mire
667 2699 944 2769 tripudiantJudaei,
962 2717 1043 2770 quem
1072 2705 1174 2758 Dauid
1191 2720 1285 2773 reqem
1303 2702 1454 2769 ereremhoc
1473 2709 1515 2756 est
1534 2701 1673 2767 Messium,
1688 2720 1706 2756 a
1725 2721 1781 2775 quo
1795 2706 1907 2776 spiritu·

209 2795 311 2845 vocant
329 2789 441 2840 amiam
461 2803 585 2850 auream,
605 2792 752 2854 propterea
770 2785 843 2854 quod
868 2803 892 2840 r.
913 2791 953 2840 41.
976 2786 1043 2839 inci·
1070 2790 1126 2845 alia
1143 2789 1285 2854 beneficia,
1302 2804 1395 2841 veram
1415 2786 1572 2841 1111111111
1596 2788 1745 2844 salutarem
1772 2792 1831 2845 veri
1854 2791 1907 2848 Dei

206 2878 266 2948 piat
284 2876 319 2929 ab
340 2873 471 2928 Hebraea
490 2871 611 2925 dictione
627 2872 677 2943 qn,
690 2887 761 2940 quae
774 2867 920 2924 Germanis
932 2871 1043 2923 timiam
1070 2877 1263 2947 cognitionem,
1284 2879 1460 2943 peccatorum
1479 2874 1677 2941 remissionem,
1698 2874 1818 2944 Spiritus
1846 2895 1908 2933 san·

207 2968 295 3026 sonat,
315 2965 343 3014 et
363 2977 396 3014 ex
411 2974 443 3012 eo
458 2957 612 3011 firmissime
629 2956 757 3010 concludi
773 2973 853 3025 posse
865 2956 1043 3019 arbitrantur,
1069 2965 1105 3018 oti
1127 2962 1302 3017 donationem
1321 2965 1348 3014 et
1367 2959 1444 3029 regni
1460 2959 1585 3014 coelestis
1603 2961 1813 3030 possessionem,
1838 2965 1909 3019 καὶ.

208 3049 283 3119 quod
302 3048 329 3100 in
355 3055 457 3100 terram
481 3042 594 3097 Oanaan
619 3042 768 3112 aliquando
794 3042 850 3096 sint
874 3042 1045 3111 reducendi.)
1069 3050 1161 3119 pient;
1180 3053 1238 3101 tum
1259 3046 1379 3116 denique
1396 3062 1430 3097 ea
1448 3046 1574 3113 ipsorum
1596 3047 1778 3099 rabbinorum
1795 3051 1907 3116 111111-

206 3134 393 3197 11111311.
414 3131 625 3187 3111111111
650 3129 791 3181 Dominus
818 3131 897 3182 Deus
922 3138 986 3183 tuus
1008 3131 1043 3182 do
1069 3137 1155 3190 mone.
1182 3130 1372 3200 Reperiuntur
1392 3131 1464 3184 enim
1484 3131 1610 3185 nonnulii
1630 3132 1703 3188 inter
1719 3131 1795 3202 ipsos
1813 3135 1907 3190 rabbi·

207 3220 370 3289 captivitate
391 3224 442 3270 tua
461 3233 495 3268 oc
514 3215 692 3267 miserebitur
712 3214 754 3267 tui
767 3222 791 3267 et
804 3233 916 3267 rursum
931 3233 1043 3282 conpre-
1069 3238 1127 3287 nos,
1146 3219 1193 3289 qui
1212 3216 1386 3271 absurditate
1413 3216 1526 3270 literalis
1549 3234 1645 3271 sensus
1678 3218 1796 3287 permoti
1822 3236 1907 3288 agno·

207 3308 286 3377 pabit
303 3312 329 3357 te
348 3305 384 3357 de
404 3301 511 3355 eunetis
526 3300 650 3369 populis,
670 3299 700 3351 in
721 3316 790 3368 quoe
809 3308 834 3353 ts
852 3308 916 3353 ante
935 3301 1044 3368 disper·
1069 3313 1175 3366 verunt,
1190 3286 1283 3353 ι’211511
1306 3301 1377 3372 tt't't,
1404 3302 1457 3356 hoo
1474 3311 1517 3357 est
1533 3319 1586 3370 per
1610 3305 1723 3355 modum
1748 3305 1908 3371 parabolae

207 3392 251 3447 sit.
287 3408 313 3443 v.
334 3395 359 3444 4.
381 3388 414 3442 Si
433 3389 475 3440 ari
492 3386 625 3439 cardines
644 3385 718 3438 coeli
742 3385 907 3453 dissipatus,
933 3387 1001 3439 inde
1018 3395 1043 3439 te
1070 3409 1119 3446 seu
1136 3390 1293 3460 allegorice,
1313 3388 1361 3441 illa
1379 3388 1454 3442 dieta
1473 3404 1533 3442 esse
1552 3387 1744 3458 intelligenda,
1764 3394 1796 3442 ut
1815 3389 1908 3444 videre

209 3477 323 3543 collinet
344 3472 485 3527 Dominus
503 3473 584 3524 Deua
604 3478 668 3523 tuus
688 3488 714 3523 v·
733 3477 758 3525 5·
777 3477 861 3538 atque
878 3479 1000 3525 aowmel
1018 3479 1044 3524 ot
1070 3484 1112 3532 est
1131 3494 1163 3532 ex
1181 3474 1298 3530 rabbino
1311 3475 1410 3542 Moyse
1422 3472 1599 3538 Maimonide,
1619 3489 1701 3543 quem
1713 3471 1853 3528 Rambam
1864 3490 1909 3528 vo·

208 3563 366 3616 introducet
384 3566 410 3612 te
432 3558 462 3611 iri
487 3564 601 3623 terram,
630 3573 714 3624 quam
737 3559 924 3624 possederunt
944 3566 1045 3627 potres
1070 3568 1143 3627 cant,
1163 3559 1323 3617 exrabbino
1336 3557 1479 3613 Abraham
1500 3563 1528 3611 et
1546 3557 1785 3613 rabbinoKimchi
1800 3561 1829 3613 in
1844 3560 1908 3617 an.

208 3648 258 3713 tui,
279 3654 303 3698 et
322 3645 456 3699 obtinebis
476 3660 544 3697 eam.
581 3641 645 3694 Esa.
668 3646 747 3706 11,r.
772 3641 1044 3696 imbuentibus
1073 3654 1111 3704 11.
1132 3654 1160 3703 et
1177 3645 1281 3701 Raschi
1300 3644 1357 3699 sive
1377 3644 1468 3699 Iarchi
1488 3661 1572 3713 super
1588 3643 1652 3697 Esa.
1674 3650 1698 3709 2,
1722 3662 1747 3696 v.
1770 3650 1795 3702 2.
1832 3652 1856 3701 1.
1876 3645 1907 3700 In

208 3735 319 3804 siqnum
336 3735 366 3784 in
384 3732 513 3785 nationes
532 3737 559 3782 ct
579 3728 760 3794 conprepabit
775 3730 917 3795 profupoa
939 3730 1043 3799 lares,
1070 3731 1300 3805 promissionibus
1321 3730 1374 3784 illis
1398 3731 1524 3784 conditio
1557 3731 1750 3798 poenitentiae
1779 3746 1908 3802 expressa

208 3828 234 3873 et
251 3818 396 3886 dispersos
412 3819 491 3870 Iuda
508 3815 620 3882 coliipet
641 3832 659 3865 a
682 3820 802 3880 quatuor
821 3812 923 3882 plaqia
949 3822 1043 3868 terrae
1069 3818 1191 3885 additur,
1217 3833 1274 3887 qua
1301 3815 1460 3870 conditione
1491 3821 1595 3886 negata
1621 3832 1677 3868 non
1706 3815 1744 3870 eit
1770 3818 1909 3886 speranda

208 3913 257 3961 etc.
294 3902 518 3972 Respondemus:
540 3905 563 3955 1.
583 3898 752 3953 ostendimus
772 3913 804 3951 ex
824 3898 962 3953 vaticiniis
980 3918 1042 3970 pro·
1068 3903 1217 3969 exauditio,
1240 3905 1300 3972 jam
1325 3919 1390 3956 vero
1413 3901 1513 3957 Judaei
1540 3901 1613 3954 ultra
1636 3901 1713 3955 mille
1740 3903 1908 3973 quingentos

206 3988 324 4060 pheticis
343 3994 371 4042 et
387 3988 508 4056 ipsorum
528 3984 707 4039 rabbinorum
723 3983 901 4051 confessione,
919 3990 983 4054 post
1000 4003 1041 4040 ae·
1069 4006 1156 4047 annos
1174 4006 1231 4043 non
1248 3995 1314 4042 sunt
1331 3987 1462 4053 exauditi,
1481 3995 1513 4042 ut
1534 3987 1725 4041 reductionem
1752 3988 1780 4041 in
1807 3993 1908 4044 terram

206 4074 327 4130 cundem
350 4072 513 4143 ejectionem
537 4079 646 4124 eterra
672 4069 785 4124 canaan
809 4069 934 4124 iudaeos
957 4072 1043 4127 tertia
1069 4075 1183 4130 canaan
1202 4074 1389 4143 impetrarent,
1409 4072 1506 4143 utique
1525 4088 1593 4144 ergo
1606 4072 1730 4127 conditio
1749 4074 1907 4144 promissio·

206 4162 267 4216 rice
286 4174 462 4232 nequaquam
481 4157 509 4210 in
529 4156 605 4209 illam
625 4171 781 4209 reversuros
801 4171 869 4209 esse.
896 4160 919 4210 2.
939 4156 1040 4211 Neces·
1068 4160 1150 4215 nibus
1168 4160 1266 4214 addita
1284 4159 1406 4213 nondum
1431 4165 1473 4212 est
1499 4158 1622 4228 impleta.
1666 4159 1782 4214 Constat
1804 4165 1907 4226 autem,

207 4246 279 4301 sario
296 4245 382 4314 igitur
401 4243 454 4297 hae
473 4249 500 4296 et
512 4241 614 4295 similos
627 4239 821 4310 promissiones
834 4241 868 4294 de
881 4241 1042 4297 reductione
1068 4247 1142 4318 qnod
1161 4262 1211 4316 per
1226 4250 1269 4299 tot
1289 4245 1385 4299 secula
1411 4244 1500 4297 multa
1519 4229 1707 4312 poe'nitentiae
1726 4259 1812 4314 opera
1835 4244 1908 4302 fece·

207 4332 236 4385 in
261 4329 375 4384 Canaan
399 4334 537 4382 terrenam
562 4326 644 4378 datae
666 4324 865 4394 intelligendae
891 4333 957 4380 sunt
979 4344 1042 4382 cum
1069 4333 1132 4398 rint,
1163 4331 1234 4386 adeo
1261 4337 1293 4384 ut
1320 4329 1454 4398 majorem
1484 4327 1681 4398 poenitentiam
1708 4328 1737 4383 in
1762 4329 1908 4386 ,ludaismo

206 4417 259 4470 hac
277 4415 445 4484 exceptione,
467 4411 599 4482 quamdiu
615 4411 720 4464 scilicet
737 4410 839 4464 iudaei
859 4418 941 4465 erunt
956 4429 1042 4483 popu·
1070 4434 1129 4472 sese
1147 4434 1203 4471 non
1226 4432 1308 4486 posse
1325 4431 1410 4483 agere
1423 4413 1573 4479 fateantur,
1592 4414 1665 4469 unde
1691 4424 1754 4485 post
1776 4414 1908 4471 recitatas

207 4503 251 4557 lus
270 4501 324 4556 Dei
346 4507 375 4554 ct
397 4498 531 4570 quamdiu
556 4496 654 4567 politia
677 4496 797 4550 iudaice
813 4496 913 4551 durare
938 4498 1043 4566 debuit,
1070 4505 1173 4558 multas
1191 4500 1363 4572 precationes
1382 4499 1411 4553 in
1429 4498 1501 4554 libro
1524 4516 1637 4570 precum
1661 4516 1771 4554 suarum
1797 4501 1909 4556 dicunt:

205 4586 335 4642 videlicet
351 4600 439 4656 usque
465 4583 501 4637 ad
523 4581 676 4636 exhibitum
703 4581 841 4646 Messium,
864 4599 898 4637 ac
919 4583 1045 4654 implerit
1069 4589 1193 4642 Domine
1214 4589 1302 4649 Deus,
1322 4586 1470 4653 nesrimua,
1489 4585 1560 4652 qaid
1570 4603 1662 4653 porro
1683 4585 1808 4653 amplisu
1827 4587 1909 4641 nobis

205 4672 284 4727 Deus
300 4671 351 4725 has
369 4667 562 4739 promissiones
581 4683 629 4736 per
652 4666 844 4721 liberationem
872 4667 1042 4724 iudaeorum
1068 4675 1275 4743 praestandum
1299 4671 1347 4737 sit,
1371 4669 1438 4741 quin
1465 4675 1493 4724 11
1515 4670 1657 4725 solennem
1679 4687 1782 4725 annum
1809 4673 1908 4741 poeni·

206 4775 240 4813 ex
261 4756 424 4826 captivitate
442 4753 618 4823 Babylonica
626 4758 655 4807 et
664 4768 757 4807 eorum
777 4752 804 4805 in
824 4755 969 4823 pristinam
985 4763 1042 4812 ter·
1069 4759 1213 4813 tentialern
1227 4772 1300 4810 anno
1319 4754 1420 4811 Christi
1443 4759 1518 4811 1502.
1539 4755 1726 4825 instituerunt,
1739 4773 1795 4826 quo
1813 4773 1908 4814 omnes

205 4860 266 4898 ram
285 4842 337 4896 sub
355 4840 446 4894 Esdra
464 4843 493 4891 et
510 4837 646 4893 Nehemia
662 4839 872 4894 restitutionem.
907 4840 1041 4896 Hodierni
1068 4844 1170 4901 ,Iudaei
1188 4859 1238 4912 per
1255 4847 1345 4896 totum
1364 4840 1458 4896 orbem
1476 4858 1580 4913 magna
1598 4842 1744 4898 devotione
1765 4844 1908 4911 poeniten·

206 4934 299 4984 autem
317 4925 418 4982 Judaei
438 4940 494 4977 non
514 4923 634 4994 amplius
660 4929 725 4978 sunt
743 4924 797 4980 Dei
823 4926 951 4995 populus,
976 4928 1043 4999 quia
1068 4931 1136 4984 tiam
1156 4933 1274 5001 egerunt
1294 4932 1426 4981 ettamen
1440 4926 1510 4981 nihil
1525 4928 1716 4997 impetrarunt
1744 4927 1909 4999 Agnoscam

206 5013 339 5069 Messian
358 5010 492 5064 divinitus
511 5008 663 5063 exhibitum
683 5009 871 5080 repudiarunt,
893 5029 949 5081 quo
966 5013 1041 5067 exhi·
1068 5015 1162 5087 igitur,
1192 5011 1380 5083 poenitentiae
1409 5028 1476 5067 suae
1504 5011 1626 5082 aliquam
1660 5012 1847 5068 necmsariam
1881 5020 1910 5070 et

207 5098 276 5155 bitio
293 5095 392 5167 politia
408 5094 529 5151 Judaica
545 5094 628 5149 finem
646 5094 749 5149 habere
776 5095 880 5151 debuit
917 5101 941 5153 3.
960 5097 1042 5153 cam-
1068 5099 1244 5156 essentialem
1272 5101 1380 5168 partem
1406 5097 1511 5167 demae,
1526 5097 1658 5154 videlicet
1671 5114 1765 5152 veram
1785 5098 1909 5154 inchri-

205 5183 302 5255 primis
314 5198 379 5236 vero
392 5182 427 5236 de
441 5182 577 5251 spirituali
597 5182 766 5247 reductione,
785 5199 840 5252 qua
855 5199 906 5254 per
924 5199 1043 5255 evange·
1068 5194 1141 5241 stum
1158 5184 1250 5248 fidem,
1270 5200 1303 5237 ac
1321 5184 1438 5254 proinde
1456 5184 1492 5238 ad
1509 5200 1571 5238 eum
1591 5200 1653 5239 sese
1676 5183 1706 5238 in
1727 5199 1793 5238 vcra
1811 5185 1909 5252 posui·

205 5269 237 5324 lii
262 5267 498 5339 praedicationem
521 5266 624 5324 Judaei
650 5268 679 5322 in
705 5285 822 5340 regnum
847 5269 950 5324 Christi
977 5276 1042 5325 sunt
1067 5273 1156 5327 tentia
1179 5276 1356 5338 convertant,
1375 5269 1415 5324 ita
1433 5270 1604 5340 recipientur
1627 5286 1646 5324 a
1663 5269 1726 5324 Deo
1748 5269 1779 5324 in
1806 5268 1909 5326 foedus

205 5354 315 5409 collecti
340 5359 369 5408 et
391 5353 519 5409 coelestis
548 5352 760 5424 Hierosolymae
783 5355 859 5408 cives
881 5356 948 5409 sacti
967 5364 1041 5425 sunt,
1068 5356 1224 5428 gratiacus
1241 5355 1426 5427 spiritualium
1438 5354 1557 5410 Messias
1571 5354 1769 5411 beneficiorum
1786 5355 1908 5413 redden·

206 5440 259 5495 hae
284 5439 478 5511 promissiones
502 5445 568 5494 sunt
591 5440 779 5511 accipiendae,
808 5440 882 5513 quod
906 5441 1040 5512 probatur
1067 5448 1114 5497 tur
1130 5440 1357 5514 participesque
1374 5441 1553 5512 responsione
1566 5440 1699 5497 adversus
1707 5440 1834 5497 iudaeos
1852 5442 1910 5498 uti·
