4050 6014
207 315 264 372 122
832 305 1061 364 TRACTATUS
1081 306 1246 366 mutuus

201 467 245 516 est
263 461 377 532 quaevis
396 477 460 516 vere
476 460 566 515 fidelis
583 462 685 527 anima,
703 467 799 532 utpote
823 461 926 518 Christi
951 480 1032 533 spon·
1062 464 1144 519 modo
1158 460 1466 526 consortesdestinasit,
1482 466 1591 514 mutum
1605 459 1694 526 abest,
1713 459 1794 514 atad
1809 457 1896 515 nostri

203 566 242 612 so,
261 564 336 618 quae
346 547 528 604 arrhabonem
540 547 659 618 Spiritus
679 547 795 619 accepit,
815 549 1033 620 eupidedeside·
1062 549 1318 607 condemnationem
1334 547 1426 618 ipsum
1448 545 1571 601 tribuual
1598 560 1812 601 conscensurum
1837 559 1898 599 esse

202 638 246 689 rat
265 633 359 705 sponsi
376 633 501 690 coelestis
521 634 785 698 adventum,sciunt
803 635 885 701 enim,
903 634 1033 707 imoque·
1061 641 1184 691 metuere
1207 635 1365 690 debeamus.
1399 632 1529 686 Materia
1552 632 1611 686 sire
1636 632 1773 699 objectum
1795 628 1897 703 judicii

201 720 269 775 tidie
289 718 467 791 experiuntur
479 735 546 774 sere
565 719 613 790 pii,
631 720 707 790 quod
720 721 749 774 in
767 720 820 775 hac
837 721 895 775 vita
911 721 987 776 velut
1005 721 1034 774 in
1061 729 1127 778 sunt
1143 722 1214 776 fides
1234 727 1263 776 et
1279 718 1438 788 infidelitas,
1461 734 1546 790 opera
1565 718 1638 773 boue
1655 723 1684 772 et
1700 716 1790 786 malu3
1817 714 1897 787 etqui

202 806 322 879 quodam
339 822 450 861 carcere
467 805 570 876 captivi
590 810 744 876 tencantur,
764 806 814 862 sed
833 807 862 861 in
880 807 926 862 die
944 807 1034 862 noris-
1061 809 1101 880 pii
1117 824 1182 864 vera
1200 807 1256 862 fide
1269 805 1379 862 Christo
1397 806 1427 860 in
1438 805 1563 860 haesita
1576 803 1762 860 udbeeaerunt
1774 807 1803 858 et
1813 800 1898 857 iidem

201 893 271 948 simo
293 899 424 964 sequetur
450 892 585 948 liberatio.
630 891 671 948 Ut
695 891 822 947 Christus
846 892 914 963 ipsis
932 893 961 946 in
981 893 1033 947 hac
1061 912 1139 950 auam
1161 911 1212 964 per
1233 893 1376 949 caritatem
1401 903 1429 947 ct
1454 892 1528 946 bonu
1554 907 1638 961 opera
1666 888 1897 951 demonstrarunt

201 977 260 1032 vita
280 977 334 1032 fuit
355 978 497 1048 sapientia
518 977 625 1033 ratione
649 977 735 1040 verbi,
761 978 877 1048 justitia
905 984 1035 1049 respectu
1061 998 1127 1052 ergo
1144 997 1200 1036 uon
1219 986 1352 1052 cogentur
1366 984 1489 1034 metuere
1500 977 1701 1033 damnatoriam
1712 974 1896 1045 nonnum,

201 1062 344 1135 sanguinis
363 1069 391 1119 et
404 1063 494 1120 meriti
508 1064 561 1130 aui,
579 1065 768 1128 santificatio
785 1064 893 1120 ratione
906 1065 1033 1135 Spiritus,
1062 1073 1176 1136 peccata
1207 1066 1328 1138 ipsorum
1356 1064 1482 1136 projectu
1498 1069 1563 1119 sunt
1589 1065 1618 1118 in
1641 1061 1811 1133 profundum
1838 1077 1896 1115 ma·

200 1165 283 1221 quem
301 1150 330 1205 in
349 1167 396 1207 eos
415 1150 514 1207 effudit
527 1151 672 1221 opulente3
692 1151 732 1206 sic
749 1150 832 1207 etium
852 1151 904 1206 erit
919 1151 987 1222 ipsis
1006 1151 1035 1204 in
1064 1154 1117 1222 ris,
1145 1159 1211 1208 sunt
1228 1151 1364 1223 sangume
1382 1150 1484 1206 Christi
1504 1151 1596 1205 deleta
1615 1155 1666 1205 etc.
1684 1164 1751 1219 erge
1770 1165 1827 1203 non
1849 1162 1897 1201 cc·

202 1235 247 1291 die
261 1235 363 1306 judicii
388 1237 526 1291 redemtio
545 1243 673 1307 respectu
696 1237 839 1308 plenariae
864 1235 1034 1292 libentionis
1061 1245 1161 1311 genter
1178 1244 1308 1303 metuere,
1328 1256 1362 1293 ne
1379 1237 1407 1290 in
1425 1241 1604 1307 conspectum
1621 1234 1784 1305 angelorum
1801 1239 1832 1289 ct
1848 1233 1897 1288 bo·

200 1322 340 1392 apeccati
359 1338 452 1388 sensu,
470 1340 488 1376 a
505 1323 683 1394 corruptione
701 1323 824 1393 corporis
845 1328 873 1378 et
892 1321 929 1377 ab
948 1321 1034 1376 omui·
1061 1327 1167 1380 minum
1184 1326 1374 1396 producantur
1390 1330 1419 1378 et
1438 1323 1467 1377 in
1487 1322 1642 1376 districtum
1661 1321 1760 1391 rigoris
1781 1335 1897 1376 examen

87 1415 89 1420 '
200 1406 253 1462 bus
275 1408 407 1479 perieulis
429 1413 515 1479 utque
546 1407 676 1463 adversis.
713 1408 899 1477 Hieronymus
924 1407 985 1463 libr.
1011 1411 1033 1461 3.
1061 1417 1232 1466 revocentur.
1275 1411 1383 1464 Forma
1406 1408 1516 1478 judicii
1543 1409 1583 1463 aio
1609 1407 1791 1475 describitur,
1820 1405 1896 1477 quod

199 1493 228 1546 in
247 1499 394 1553 comment.
411 1494 489 1564 epist.
509 1494 546 1549 ad
565 1493 658 1554 Tite.
672 1499 701 1550 2:
728 1493 808 1548 Sicut
827 1495 958 1566 inoptatae
975 1511 1033 1546 ma·
1057 1498 1144 1568 juder
1160 1498 1213 1568 piis
1230 1498 1267 1552 ad
1288 1495 1414 1551 dextram
1441 1494 1598 1550 constitutis
1620 1494 1656 1548 sit
1677 1493 1816 1548 dicturus:
1846 1493 1896 1546 Ve-

199 1581 250 1649 pni
274 1580 335 1633 Dei
357 1581 531 1650 reformidat
559 1582 724 1650 0110001010,
758 1580 799 1634 eie
827 1580 924 1652 pietas
951 1580 1033 1634 dium
1061 1586 1119 1638 nito
1137 1585 1277 1638 benedieti
1291 1582 1391 1636 Patris
1413 1581 1480 1650 nei,
1500 1580 1645 1650 possidete
1667 1596 1794 1647 repnurn,
1818 1579 1899 1647 quod

71 1677 184 1719 amata.
194 1667 398 1736 praestolatur.
433 1667 695 1736 1000000100
711 1667 882 1737 proeminet.
908 1665 1034 1721 Christus
1058 1678 1194 1740 paratum
1212 1670 1289 1725 vobio
1309 1687 1328 1721 α
1347 1668 1542 1722 constitutions
1559 1666 1664 1722 ruendi.
1694 1664 1838 1731 Quaenam
1851 1665 1896 1735 ju·

197 1751 293 1809 88111113
310 1758 421 1808 notitae
447 1753 579 1824 mbssiflttr
605 1751 646 1807 ⁸50
669 1768 750 1808 Orare
773 1769 823 1807 11⁰⁸
846 1752 955 1817 (1001111,
982 1754 1033 1806 ad·
1061 1757 1176 1813 condior
1202 1762 1253 1811 aut
1278 1754 1433 1825 exoptatior
1456 1771 1509 1810 vox
1540 1752 1631 1809 audiri
1662 1751 1775 1822 posset?
1816 1750 1897 1804 Finit

196 1839 291 1892 000101
307 1854 424 1907 repnum
441 1846 518 1893 taum
532 1837 633 1894 Matth.
647 1838 671 1904 6,
683 1857 709 1893 v.
725 1845 766 1895 10.
785 1855 835 1908 per
853 1838 904 1892 hoc
916 1855 1032 1908 regnum
1055 1843 1165 1913 judicii
1180 1850 1228 1911 ert,
1247 1848 1278 1896 ut
1295 1841 1334 1911 pii
1353 1839 1390 1894 ab
1404 1839 1531 1895 omnibus
1543 1839 1623 1893 mulis
1636 1843 1664 1892 et
1679 1836 1811 1907 periculis
1824 1834 1894 1891 libe·

197 1923 362 1996 intelligitur
379 1942 435 1980 non
452 1930 562 1980 tuntum
580 1941 697 1992 repnurn
716 1925 828 1993 pratiae
846 1924 876 1978 in
894 1923 947 1979 hac
966 1925 1033 1994 vita,
1060 1929 1114 1983 rati
1136 1926 1261 1999 perfecta
1276 1925 1388 1996 justitia
1410 1931 1439 1980 et
1465 1926 1614 1980 sanctitate
1636 1922 1731 1978 donati
1755 1922 1784 1976 in
1809 1921 1896 1977 vitam

200 2010 348 2065 sedetiam
371 2026 406 2065 ao
429 2009 586 2078 cumprimis
600 2026 721 2080 repnnrn
747 2010 858 2079 plorioe
885 2009 914 2063 in
937 2010 1034 2064 futura
1062 2019 1201 2070 aeternam
1227 2011 1446 2066 introducantur.
1480 2009 1566 2066 Hebr.
1587 2016 1612 2074 9,
1635 2026 1662 2064 s.
1688 2013 1735 2064 28:
1770 2007 1896 2065 censu·

199 2094 264 2151 rita.
295 2094 383 2151 Orare
403 2112 454 2152 nos
477 2096 580 2162 docuit,
600 2096 690 2149 libera
705 2113 758 2149 noo
776 2096 1033 2166 amaloeapejus-
1062 2100 1184 2154 seeundo
1213 2096 1361 2166 apparebit
1387 2095 1448 2148 sine
1473 2103 1590 2164 peceato
1620 2093 1844 2163 000000100ίῶ110
1864 2107 1895 2147 ee

199 2181 262 2236 dem
285 2199 310 2236 v.
332 2186 372 2237 13.
399 2181 468 2236 haee
494 2180 622 2236 liberatio
647 2181 729 2251 piene
752 2187 781 2235 et
804 2179 926 2251 perfecte
948 2180 980 2236 fit
1005 2181 1034 2234 in
1061 2191 1101 2247 εις
1123 2187 1266 2254 σωτηρίαν.
1302 2179 1422 2235 Pulchre
1446 2179 1586 2236 Lutherus
1609 2181 1638 2239 in
1666 2179 1768 2251 postill.
1798 2179 1895 2236 eccles.

199 2267 246 2322 die
277 2267 441 2332 aurbeima,
473 2283 559 2338 quare
589 2284 652 2321 cum
678 2266 707 2320 in
735 2268 859 2322 oratione
886 2266 1035 2322 Dominica
1061 2269 1188 2326 dominic.
1207 2269 1243 2323 ll.
1262 2267 1396 2322 Advent:
1414 2269 1481 2321 Non
1498 2270 1631 2336 estquod
1649 2267 1685 2320 ab
1703 2267 1755 2320 boc
1773 2266 1822 2320 die
1840 2281 1896 2321 me·

200 2352 324 2423 quotidie
344 2358 480 2424 petamus,
491 2353 641 2408 adventum
658 2352 759 2407 Christi
778 2352 821 2416 adt
834 2352 971 2424 judicium
989 2369 1033 2406 ac·
1061 2364 1185 2418 mamus,
1208 2373 1269 2409 oum
1291 2354 1417 2423 ejusdem
1435 2353 1519 2422 quusi
1534 2353 1624 2407 animi
1647 2360 1674 2406 et
1693 2352 1839 2422 propositi
1858 2352 1896 2407 eit

199 2438 334 2507 colmari,
362 2438 426 2493 ideo
450 2439 533 2494 etiam
559 2444 684 2510 gratum,
710 2447 898 2511 exspectatum
923 2444 952 2493 et
969 2455 1033 2493 con·
1061 2442 1210 2495 noln'oeuna
1249 2440 1381 2508 Cepimus
1399 2456 1449 2493 nos
1466 2447 1492 2493 et
1509 2440 1591 2493 ansis
1610 2439 1806 2493 desideramus
1824 2439 1892 2493 bibe·
1907 2443 1939 2486 11:

200 2524 360 2580 solatorium
384 2541 447 2580 eum
467 2540 528 2579 esse
545 2529 665 2595 opertet,
693 2525 768 2581 unde
792 2525 837 2596 pie
862 2531 891 2580 et
911 2525 1034 2596 graviter
1061 2528 1125 2582 rori
1144 2546 1162 2581 a
1178 2527 1315 2597 peccatis,
1342 2527 1393 2580 boo
1415 2525 1574 2596 beneficium
1598 2526 1677 2579 nobee
1700 2525 1840 2592 continpet
1865 2524 1896 2579 in

199 2610 338 2665 Lutherus
366 2611 528 2681 pronuntiat
551 2618 616 2666 tom.
644 2615 669 2666 b.
692 2611 806 2666 benene.
831 2610 962 2667 German.
985 2609 1032 2664 tot
1061 2614 1112 2668 iiio
1133 2614 1181 2668 die
1200 2618 1251 2668 etc.
1288 2618 1313 2668 7.
1332 2611 1360 2664 Λ
1382 2611 1512 2665 beneoola
1527 2611 1721 2680 promissione.
1760 2611 1815 2674 Qui
1837 2626 1895 2664 ere·

200 2702 263 2752 5011
285 2698 352 2751 Non
365 2706 457 2767 potest
475 2708 534 2752 ecoe
553 2714 634 2752 veruo
649 2697 825 2752 Christianum
845 2714 895 2750 nec
913 2697 1033 2750 rectore
1061 2700 1104 2753 dit
1127 2700 1157 2754 in
1184 2699 1307 2765 Filium,
1333 2714 1390 2749 non
1411 2698 1564 2766 judicatur
1589 2696 1653 2753 Joh.
1673 2701 1697 2760 3,
1714 2715 1741 2752 v.
1765 2700 1808 2752 18.
1841 2695 1898 2759 Qui

199 2781 354 2838 crettonem
386 2783 581 2847 Dominioarn,
607 2784 658 2852 qui
682 2802 739 2838 non
764 2791 822 2838 toto
849 2784 935 2837 corde
960 2783 1033 2836 bunc
1059 2787 1170 2840 uerbum
1188 2802 1276 2839 nouum
1295 2784 1377 2838 audit
1395 2791 1420 2837 et
1441 2784 1532 2838 credit
1551 2785 1587 2851 ci,
1607 2782 1657 2852 qui
1675 2783 1751 2836 arisit
1769 2799 1821 2851 nte,
1845 2783 1895 2838 to-

199 2869 272 2922 diem
293 2869 447 2923 deciderat.
483 2874 508 2924 6.
533 2869 579 2922 Ab
598 2871 720 2923 omniurn
737 2887 887 2924 carnarum
905 2868 1031 2923 conside·
1060 2875 1103 2926 bet
1117 2875 1203 2926 odam
1223 2879 1364 2923 aeternam
1391 2875 1417 2922 ct
1434 2869 1466 2922 in
1481 2869 1625 2938 judicium
1648 2887 1704 2924 non
1732 2869 1807 2923 venit
1831 2866 1894 2924 Joh

198 2955 316 3010 ratione.
352 2953 444 3010 Causa
461 2954 584 3010 efficiens
599 2956 699 3027 judicii
718 2956 771 3011 erit
793 2955 917 3010 Christus
939 2956 968 3009 in
989 2973 1032 3010 as·
1061 2965 1084 3024 5,
1104 2976 1130 3013 ν.
1150 2962 1191 3012 24.
1227 2957 1293 3009 Non
1314 2955 1409 3025 posuit
1432 2972 1485 3008 noe
1511 2956 1589 3008 Deus
1611 2956 1653 3008 ad
1674 2956 1764 3021 iram,
1789 2956 1848 3022 red,
1864 2955 1896 3007 in

197 3048 289 3097 sumta
306 3041 543 3102 naturahumana
562 3042 598 3098 ab
618 3043 744 3098 omnibus
761 3041 983 3112 conspiciendus,
1008 3043 1032 3095 is
1060 3043 1271 3113 0000000000
1297 3040 1401 3094 salone
1420 3057 1476 3109 per
1497 3042 1639 3097 Obrutam
1664 3042 1820 3095 Dominum
1845 3057 1895 3094 no·

198 3143 263 3182 vero
280 3134 322 3183 est
338 3134 432 3182 noster
448 3128 597 3198 redemtor,
617 3129 760 3192 mediator,
786 3127 921 3191 salvator,
948 3129 1032 3183 advo·
1060 3138 1157 3196 etrum,
1177 3129 1226 3197 qui
1243 3133 1369 3180 manuue
1388 3133 1429 3179 ert
1445 3144 1499 3196 pro
1518 3127 1607 3194 nobie,
1626 3127 1726 3180 notos
1737 3126 1894 3195 ripileones,

197 3218 285 3277 catus,
300 3230 427 3284 sponsus,
453 3219 547 3284 caput,
569 3232 627 3278 rex,
651 3214 779 3269 sacerdos
799 3219 852 3268 eto.
890 3212 1032 3278 Quomodo
1059 3217 1117 3269 siue
1137 3214 1325 3279 dormiamus,
1352 3211 1437 3267 011001
1455 3230 1517 3266 oum
1534 3213 1587 3267 illo
1605 3213 1728 3267 neamus
1755 3218 1779 3268 1.
1796 3211 1894 3267 Thess.

196 3316 262 3354 vero
285 3300 413 3371 perderet
439 3301 574 3371 populum
599 3318 680 3355 auum
703 3317 755 3354 roa
785 3299 1032 3354 clementissimus?
1059 3308 1083 3366 5,
1096 3318 1121 3353 v.
1137 3305 1160 3355 3.
1176 3305 1205 3353 et
1223 3304 1262 3354 10.
1292 3297 1361 3364 Quis
1379 3297 1450 3352 alius
1468 3297 1566 3353 hurum
1584 3298 1794 3369 promissionum
1812 3314 1894 3353 evan·

197 3387 333 3455 quomodo
352 3404 482 3458 sponsam
499 3404 578 3441 suam
597 3387 742 3441 damnaret
759 3404 879 3455 sporrone
892 3385 1030 3458 benignis·
1057 3387 1210 3458 gelisarum
1228 3383 1303 3449 finis,
1323 3401 1407 3455 quam
1428 3391 1573 3441 utcontra
1589 3394 1720 3439 torrorem
1738 3384 1826 3440 divini
1847 3386 1894 3456 ju·

197 3471 299 3527 simus?
327 3471 465 3543 quomodo
483 3472 608 3528 membra
633 3490 683 3526 sua
702 3472 850 3541 dissiparet
873 3481 958 3542 capnt
982 3473 1031 3527 mi·
1059 3473 1123 3528 dicii
1152 3472 1323 3526 animemur?
1362 3476 1386 3526 8.
1413 3471 1441 3524 A
1467 3473 1686 3541 conparatione.
1723 3471 1801 3528 Noah
1830 3488 1895 3527 cum

196 3556 352 3612 tissimum?
380 3560 518 3629 quomodo
536 3558 651 3613 clientes
678 3574 742 3612 suos
768 3563 913 3613 accusaret
934 3568 1031 3627 patro·
1058 3560 1115 3614 suis
1142 3558 1171 3611 in
1189 3573 1255 3613 3100
1279 3562 1405 3611 muratus
1431 3558 1492 3612 non'
1514 3557 1728 3628 pertimescebat
1752 3556 1895 3625 diluvium,

196 3661 250 3696 nur
276 3642 503 3699 intentissimus?
552 3645 620 3707 Quis
649 3644 792 3697 cremabit
823 3645 923 3699 eleetos
954 3646 1032 3698 Dei?
1059 3643 1166 3700 lotbus
1194 3660 1249 3698 non
1272 3642 1484 3698 exhorrescebant
1503 3641 1702 3698 Sodomiticum
1725 3641 1894 3709 incendium,

197 3731 277 3782 Deus
296 3736 337 3783 oet
355 3729 406 3798 qui
422 3730 574 3798 justificat.
613 3730 681 3792 Quia
707 3739 747 3783 eet
774 3731 824 3799 qui
849 3732 1032 3785 condenseat!
1059 3729 1203 3787 Israilitae
1220 3730 1320 3798 plagas
1339 3728 1529 3799 Aegyptiacus
1551 3737 1584 3782 ut
1604 3729 1686 3800 signa
1708 3728 1832 3799 proxime
1853 3729 1895 3785 iu·

197 3814 428 3868 Christus-Iesus
449 3823 489 3868 cet
509 3815 701 3883 poenotens
721 3822 776 3879 cet,
805 3817 854 3883 qui
870 3816 1031 3884 0000000011,
1058 3816 1158 3871 stantis
1176 3814 1346 3870 liberationis
1366 3814 1546 3869 intuebantur
1563 3821 1615 3870 etc.
1650 3815 1705 3880 Qui
1729 3816 1758 3869 in
1777 3816 1894 3886 captivi·

197 3901 347 3970 pristiam
365 3909 405 3954 eet
422 3902 464 3954 ad
482 3902 609 3954 dentem
629 3901 729 3954 Patrio
748 3911 773 3955 et
790 3901 952 3971 interpellat
973 3921 1031 3972 pro
1057 3910 1115 3958 tate
1130 3900 1250 3956 Turcica
1267 3901 1395 3954 detentus
1415 3900 1566 3955 adventum
1583 3900 1731 3956 Christiani
1758 3901 1895 3974 principis

196 3987 282 4040 nobis.
315 3985 430 4042 Roman
450 3993 473 4055 8,
492 4005 517 4041 v.
537 3991 578 4041 33.
597 3992 627 4039 et
647 3992 688 4041 34.
720 3987 749 4043 Si
771 3986 880 4041 Christo
905 4005 956 4057 pro
983 4006 1029 4042 no·
1058 3987 1212 4044 liberatoris
1230 3985 1274 4040 sui
1290 3986 1319 4039 iu
1338 3986 1495 4056 propinquo
1515 4002 1576 4041 esse
1593 3987 1680 4056 audit,
1706 4003 1757 4042 uec
1775 3988 1895 4043 militum

197 4072 240 4126 bis
265 4071 452 4128 intercedente
478 4072 569 4126 nullus
587 4078 643 4140 eet,
674 4073 722 4142 qui
749 4080 863 4128 accuset
888 4074 932 4128 vel
967 4092 1030 4129 cou—
1057 4075 1191 4140 clamne,
1218 4089 1269 4127 nec
1292 4088 1430 4126 armorum
1453 4071 1576 4143 fulgore,
1600 4089 1652 4128 neo
1678 4072 1894 4129 bombardorum

197 4158 322 4227 damnet,
351 4165 456 4229 quanto
483 4159 573 4213 minus
596 4156 722 4212 Christus
747 4158 807 4228 ipse
828 4164 922 4213 noster
947 4160 1030 4214 inter·
1057 4160 1307 4232 fragoreterretur,
1324 4157 1469 4226 soitenim,
1483 4158 1673 4213 liberationem
1688 4175 1767 4213 suam
1781 4164 1894 4230 praesto

196 4260 288 4300 cessor
307 4261 341 4299 ac
358 4244 491 4300 mediator
509 4244 743 4298 condemnaturus
761 4253 803 4298 est
818 4261 880 4313 eos,
905 4262 974 4316 quos
1001 4245 1030 4300 in
1057 4263 1125 4302 esse.
1161 4251 1187 4300 9.
1204 4244 1233 4296 A
1247 4244 1364 4312 piorum
1380 4251 1502 4296 ueterum
1522 4244 1725 4308 testificatione.
1753 4245 1894 4301 Macarius

195 4329 357 4386 clientelam!
376 4346 454 4384 suam
481 4329 593 4400 recepit.
629 4328 693 4386 Non
722 4329 841 4385 mutabit
867 4330 1030 4402 benignissi-
1056 4330 1149 4388 homil.
1175 4335 1220 4385 26:
1252 4326 1360 4401 ὀφείλει
1385 4331 1461 4399 ἔχειν
1485 4328 1553 4384 καθ’
1579 4327 1686 4403 ἡμέραν
1711 4328 1762 4386 r'n
1789 4334 1894 4388 liutein

195 4433 256 4470 mus
279 4415 328 4471 illc
350 4415 485 4470 mediator
510 4432 590 4469 suum
617 4430 683 4485 erga
710 4433 758 4469 nos
786 4415 907 4471 animum
931 4416 961 4471 in
986 4417 1031 4471 die
1056 4423 1103 4473 καὶ
1128 4413 1187 4484 ripn,⁴
1205 4413 1299 4487 χαρὰν
1323 4420 1370 4468 καὶ
1395 4414 1443 4482 τὴν
1464 4419 1638 4489 προσδοκίαν
1664 4421 1711 4485 τῆς
1739 4417 1894 4490 μελλούσης

192 4503 301 4574 judicii,
324 4503 374 4557 sed
394 4507 425 4555 ut
440 4501 502 4570 pios
520 4500 549 4554 in
568 4501 622 4555 hac
642 4500 701 4556 vitu
718 4509 745 4557 et
762 4501 791 4555 in
810 4509 896 4557 morte
913 4509 1029 4573 patemo
1056 4507 1197 4573 βασιλείας
1214 4506 1262 4555 καὶ
1281 4498 1498 4576 ἀπολυτρώσεως
1517 4506 1563 4557 καὶ
1582 4507 1682 4574 λέγειν,
1701 4504 1751 4559 ἐὰν
1770 4502 1893 4579 σήμερον

194 4589 458 4658 amorecomplerus
473 4594 523 4652 cat,
541 4587 581 4642 its
594 4604 705 4658 quoque
723 4589 823 4657 ditiore
840 4607 985 4658 casusque
1000 4592 1030 4644 in
1057 4592 1107 4645 οὐκ
1135 4583 1310 4661 biremibus,
1342 4589 1440 4661 αὔριον
1474 4591 1637 4663 λυτροῦμαι.
1672 4587 1837 4644 Ambrosius
1864 4590 1893 4645 in

195 4678 278 4740 finem
295 4674 360 4729 doh.
383 4678 421 4742 13,
441 4690 467 4726 v.
489 4679 511 4728 1.
536 4672 576 4728 1111
595 4691 674 4728 omne
696 4675 835 4742 judicium
859 4677 957 4728 datum
981 4684 1031 4745 est,
1056 4675 1117 4730 libr.
1138 4672 1172 4726 de
1190 4671 1340 4740 Jacob.;ot
1357 4673 1415 4726 vita
1435 4671 1518 4728 bean
1536 4689 1560 4730 c.
1580 4679 1609 4730 6:
1642 4673 1785 4736 Quomodo
1813 4677 1894 4733 ttri-

196 4762 242 4816 cui
260 4760 341 4815 electi
360 4759 475 4814 aPatre
493 4760 605 4815 coelesti
622 4760 682 4817 dati
700 4766 764 4816 sunt
783 4762 909 4817 salvandi
929 4769 958 4817 et
970 4763 1029 4834 glo·
1056 4769 1197 4815 stoream
1224 4758 1380 4824 dantnabit,
1404 4776 1484 4830 quern
1505 4761 1631 4828 propria
1652 4778 1728 4814 mors
1754 4762 1895 4817 redemit!

195 4846 335 4915 rificandi3
361 4845 397 4899 ad
415 4845 489 4899 illius
508 4845 630 4901 tribunal
651 4847 787 4917 sistemur,
808 4849 916 4920 quiesi
937 4857 1031 4905 noster
1057 4845 1244 4914 Hieronymus
1263 4843 1519 4900 inc.4.ll1aluch.:
1541 4847 1681 4901 Dominus
1697 4847 1810 4916 judicii
1828 4866 1893 4903 ean·

197 4935 319 4987 salvator
336 4938 364 4986 et
380 4932 527 5002 redemtor,
546 4934 626 5003 cujus
647 4933 782 4990 beneficia
800 4936 830 4990 in
850 4936 935 4991 verbo
948 4953 1029 4991 evan·
1057 4932 1174 4987 otiatus
1199 4931 1266 4996 erit,
1286 4931 1484 5000 peecatoribus
1509 4933 1643 4987 tenebrae.
1679 4932 1894 5004 chrysostomus

195 5018 262 5089 gelli
288 5015 385 5072 oblatu
409 5017 463 5073 tide
488 5019 641 5089 recepimus
664 5026 693 5074 et
717 5021 792 5075 bunc
814 5022 938 5091 judicem
966 5028 1031 5076 ante
1057 5018 1149 5073 homil.
1167 5022 1190 5071 2.
1210 5016 1238 5070 in
1259 5017 1339 5086 epist.
1358 5016 1476 5074 coloss:
1506 5019 1632 5074 Gloriatur
1649 5018 1729 5074 dium
1750 5021 1825 5074 01010
1843 5039 1890 5076 no·

197 5110 307 5174 tempus
323 5103 422 5174 judicii
441 5104 622 5174 placavimus.
655 5105 729 5162 Vide
747 5106 848 5162 Erech.
867 5124 889 5163 c.
910 5115 933 5173 1,
950 5126 975 5161 v.
990 5113 1030 5162 10.
1057 5115 1127 5159 rtem
1145 5103 1229 5158 simul
1256 5111 1336 5157 00001
1360 5112 1387 5158 et
1411 5106 1498 5169 diano,
1523 5114 1630 5159 noctem
1651 5115 1769 5175 propter
1791 5125 1892 5176 peeca-

198 5190 384 5245 Oberubinum
401 5208 463 5244 cum
481 5192 563 5259 sacis
583 5193 704 5246 bominis
721 5201 747 5247 et
765 5193 871 5261 leont‘u,·
897 5195 937 5248 sic
954 5192 1032 5249 Chri·
1057 5199 1141 5260 tores,
1162 5191 1236 5243 diem
1259 5197 1380 5259 propter
1397 5192 1500 5260 juotoe.
1535 5190 1708 5262 Augustinus
1726 5192 1807 5262 epist.
1830 5199 1893 5251 142:

198 5283 258 5331 stus
275 5276 304 5330 in
324 5275 369 5332 die
383 5277 481 5347 judicii
503 5278 607 5334 amicus
627 5284 655 5334 et
674 5279 811 5335 humanus
831 5279 883 5335 erit
896 5279 957 5350 piis,
978 5285 1031 5334 ter·
1057 5277 1147 5347 impii
1166 5277 1259 5330 dicent
1278 5278 1429 5342 montibus,
1452 5279 1546 5331 cadite
1567 5295 1651 5347 asper
1671 5296 1735 5347 noe,
1760 5287 1787 5335 et
1813 5281 1893 5336 colli·

197 5362 286 5418 ribilis
305 5379 370 5418 vero
387 5364 475 5419 instar
494 5364 581 5419 lconis
602 5365 656 5419 erit
675 5364 776 5434 impiis.
807 5364 971 5420 Aseeesoree
983 5367 1032 5434 ju·
1059 5364 1117 5432 bots,
1137 5364 1242 5434 operite
1259 5380 1318 5427 noe,
1338 5371 1364 5417 et
1379 5364 1479 5431 petris,
1494 5363 1604 5432 aperite
1621 5381 1669 5417 uos
1682 5365 1778 5435 subm
1797 5383 1894 5421 ueram

198 5449 369 5513 dieiierunt
391 5449 502 5520 ipsimet
525 5450 565 5520 pii
591 5456 620 5504 et
644 5450 742 5504 sancti.
776 5450 866 5506 Penes
892 5469 956 5507 eum
980 5451 1033 5506 erit
1057 5452 1126 5504 baec
1153 5467 1250 5504 eorum
1275 5452 1344 5519 sint,
1369 5451 1420 5520 qui
1443 5451 1533 5504 uariis
1558 5450 1643 5511 buius
1666 5451 1766 5507 rnnndi
1791 5453 1896 5508 detenti

192 5533 344 5606 judicium,
364 5533 412 5609 qui
431 5551 482 5592 uos
500 5534 553 5591 sibi
569 5534 598 5589 in
612 5534 764 5605 judicando
777 5535 1031 5609 honorisquodam·
1059 5536 1136 5591 carie
1160 5537 1196 5591 de
1220 5538 1319 5591 nundi
1344 5554 1400 5591 non
1424 5536 1549 5604 sonitant
1572 5538 1637 5600 tine.
1674 5539 1718 5592 Tu
1741 5555 1821 5608 turo,
1847 5540 1895 5597 cui
