4050 6014
751 224 802 278 DE
820 222 915 279 VITA
933 221 1123 279 AETERNA.
1727 233 1791 291 403

10 390 77 472 ἔτι·
127 380 183 433 141.
215 375 247 430 In
265 376 433 431 contrarium
447 383 583 448 urgentur
606 382 628 434 1.
644 379 786 446 quaedam
802 378 926 448 Scripta·
956 384 979 432 5.
1004 377 1067 434 Joh.
1096 385 1117 446 1,
1142 398 1168 432 v.
1189 383 1229 436 te.
1254 387 1282 435 et
1308 385 1330 439 1.
1345 378 1410 435 Joh.
1428 385 1453 445 4,
1475 397 1500 432 v.
1522 383 1568 435 tt:
1595 381 1688 433 Deam
1711 395 1793 434 nemo

10 485 58 524 nu,
89 478 143 515 rae
152 462 239 530 dieta,
253 467 276 517 2.
287 464 427 531 quaedam
438 472 614 531 orpamenta.
642 463 720 529 Quae
732 480 765 518 ex
776 463 928 533 Scriptnris
954 464 1025 516 aare
1051 482 1181 533 anquam
1218 463 1281 519 Joh.
1307 470 1332 531 6,
1359 482 1384 520 v.
1405 470 1453 522 tc:
1480 467 1545 519 Non
1571 467 1649 533 meod
1677 466 1792 519 Patrem

10 535 79 627 ξξζζ·
92 547 263 618 producunt,
287 550 376 618 primo
403 550 497 602 statim
516 549 619 603 intuitu
638 566 655 604 a
673 566 738 603 vero
758 549 928 619 quaestionis
954 550 1059 602 uiderit
1071 550 1226 619 qaisquam,
1250 549 1470 619 Respondemus:
1485 549 1612 621 Uterque
1623 550 1700 604 locus
1713 563 1792 602 suam

92 640 168 688 statu
193 633 440 704 deprehenduntur
465 634 564 690 aliena.
608 635 725 704 Propius
747 635 782 690 ad
802 652 865 690 eam
884 651 929 688 ac·
955 649 1050 688 secum
1068 641 1162 705 portat
1180 636 1387 705 expositionem.
1420 634 1452 688 In
1474 635 1565 705 priore
1581 635 1654 689 enim
1669 634 1791 701 additur,
1890 678 1893 690 .,

91 721 190 774 cedere
209 720 341 775 videntur
355 720 514 791 sequentia:
540 727 561 775 1.
580 719 666 776 Exod.
686 725 727 787 ³3,
745 738 771 775 v.
790 727 837 776 20:
863 722 929 774 Non
955 720 1059 785 Filias,
1083 723 1133 788 qni
1151 729 1191 775 est
1209 723 1240 775 in
1257 722 1322 774 sina
1334 722 1442 785 Patris,
1460 721 1521 789 ipse
1534 722 1679 775 enarravit
1696 721 1793 781 nobas,-

91 806 197 859 eideoit
214 823 258 858 me
275 806 365 864 horno.
383 805 609 876 Respondemus:
628 806 752 875 loquitur
769 806 805 860 de
823 806 929 859 visione
955 805 984 858 in
993 807 1221 875 posteriore,nisi
1238 808 1272 875 is,
1285 809 1335 875 qai
1354 815 1394 859 est
1406 808 1507 870 aDeo,
1525 807 1571 859 laic
1582 807 1656 859 uidet
1665 807 1791 859 Patrem.

92 889 204 944 divinae
223 891 360 945 amentiae
378 898 406 945 et
420 892 574 961 majestatie
588 893 617 945 in
629 891 683 946 hac
701 892 766 959 vita,
787 908 870 961 qnam
888 892 926 943 in·
954 889 1031 945 Idem
1057 907 1123 961 ergo
1149 909 1245 946 sensus
1268 909 1330 947 cum
1357 892 1433 946 dieto
1461 892 1564 961 priore,
1589 891 1737 961 utrobique
1756 888 1793 943 de

92 975 211 1029 firmitas
236 979 353 1030 naturae
376 984 487 1031 ucenae
511 993 564 1030 non
592 984 685 1047 posset
708 977 788 1031 ferre.
830 976 928 1044 Neque
955 976 1114 1045 cognitione
1135 976 1218 1045 hujus
1236 977 1311 1032 vitae
1330 994 1362 1031 er
1387 975 1558 1031 naturalibus
1576 976 1683 1030 viribus
1704 976 1791 1046 petita

92 1063 165 1116 enim
192 1061 319 1116 absolute
339 1069 367 1115 ct
391 1062 555 1131 simpliciter
572 1062 640 1117 dicit
656 1062 793 1131 dehovnh,
816 1081 871 1116 non
888 1063 927 1114 oi·
955 1061 1056 1131 agitur.
1094 1068 1117 1117 6.
1146 1071 1166 1116 1.
1184 1064 1245 1118 Cor.
1266 1067 1289 1129 2,
1316 1082 1339 1117 r.
1361 1069 1405 1119 ll:
1433 1063 1512 1125 Quae
1534 1065 1593 1116 Dei
1615 1070 1694 1130 erant,
1712 1079 1791 1113 nemo

92 1148 167 1200 debit
186 1163 229 1200 sne
246 1147 336 1213 homo,
354 1147 403 1199 sed
424 1147 503 1201 addit
522 1148 707 1202 conditionem
727 1158 752 1201 et
770 1150 849 1213 niort,
867 1146 928 1201 he.
955 1149 1031 1199 novit
1054 1149 1112 1201 nasi
1133 1149 1259 1218 Spiritus
1280 1151 1344 1204 Dei.
1376 1148 1603 1219 Respondemus:
1629 1147 1792 1201 immediate

91 1233 120 1284 in
144 1239 219 1285 statu
244 1231 328 1301 hujus
351 1234 426 1286 vitae
446 1249 498 1286 nec
518 1249 604 1300 mens,
632 1249 684 1286 nec
712 1235 785 1288 oculi
815 1232 929 1286 humani
957 1233 1098 1301 praecedit
1116 1250 1142 1287 v.
1173 1241 1213 1291 10.
1240 1236 1321 1287 nobis
1348 1243 1441 1287 oatsm
1467 1235 1603 1288 reielacit
1634 1236 1712 1287 Deos
1736 1234 1791 1301 per

92 1332 181 1370 meam
207 1317 324 1389 gloriam
348 1327 376 1371 et
400 1321 572 1384 majestatem
598 1318 692 1373 ridere
711 1325 836 1388 possunt.
867 1317 929 1372 Non
959 1319 1098 1386 Spirr'tam
1119 1337 1214 1388 mam,
1237 1336 1270 1374 ac
1288 1338 1314 1373 r.
1338 1324 1375 1373 12.
1396 1320 1528 1390 sequitur,
1554 1339 1607 1373 nos
1626 1328 1718 1373 anum
1735 1336 1791 1372 non

91 1402 200 1456 videbit
223 1419 268 1457 me
287 1402 369 1457 homo
390 1409 419 1456 et
436 1403 524 1470 rivet,
553 1404 620 1474 quia
641 1404 712 1457 visio
737 1420 868 1474 praesens
888 1409 930 1456 est
956 1405 1087 1474 spiritam
1113 1405 1214 1457 mandi
1237 1407 1406 1476 accepimns,
1434 1407 1486 1458 aad
1510 1405 1657 1473 Spiritum,
1683 1407 1735 1472 qai
1759 1421 1792 1456 aa

90 1487 179 1554 finita,
198 1488 275 1542 Deus
287 1494 381 1543 autem
395 1487 526 1545 infinitus.
557 1493 581 1542 2.
594 1488 712 1557 Deutt,
734 1508 759 1542 v.
780 1495 821 1544 tt.
840 1487 927 1542 Hehr.
959 1492 1021 1541 Deo
1039 1497 1093 1552 est,
1110 1498 1140 1541 at
1153 1491 1281 1555 sciamus,
1299 1507 1371 1558 qnae
1388 1510 1407 1542 a
1426 1493 1486 1544 Deo
1502 1492 1608 1543 ἀοιιαεα
1621 1498 1686 1543 sant
1703 1489 1789 1543 nobis.

93 1577 135 1628 12.
152 1590 176 1628 r.
190 1577 238 1628 te:
258 1576 338 1643 Deus
352 1583 392 1627 eet
405 1575 479 1641 iyrris
498 1592 668 1628 consumens.
702 1576 927 1643 Respondemus:
956 1574 1034 1637 Quae
1046 1590 1112 1628 vero
1124 1581 1252 1647 συνέχεια
1264 1575 1309 1630 rel
1322 1582 1454 1632 serenan
1474 1593 1491 1630 a
1510 1584 1613 1646 negata
1623 1574 1675 1629 Dei
1694 1573 1790 1645 cogni·

91 1657 189 1726 lmmis
203 1665 233 1713 ct
249 1659 409 1728 incredulis,
427 1660 475 1713 sed
497 1660 551 1729 piis
563 1668 606 1714 est
623 1662 689 1726 ipsa
702 1663 810 1714 caritas
826 1667 848 1717 1.
862 1659 928 1716 Joh.
954 1661 1030 1714 tione
1050 1660 1183 1728 salvifica,
1203 1677 1236 1714 ex
1257 1662 1323 1715 solis
1341 1669 1457 1717 naturae
1476 1661 1581 1716 viribus
1600 1661 1671 1715 citra
1684 1659 1790 1715 revela·

90 1747 117 1810 4,
136 1760 160 1797 r.
182 1748 206 1800 8.
227 1752 270 1799 est
294 1745 387 1798 lamen
405 1744 571 1798 deiertabile
596 1744 697 1799 Psalm.
718 1751 759 1808 ³6,
778 1762 803 1800 v.
826 1751 865 1803 10.
886 1751 930 1799 est
955 1745 1058 1800 tionem
1071 1745 1190 1815 Spiritus
1204 1747 1294 1802 sancti
1311 1749 1415 1802 nemini
1433 1748 1629 1816 exspectanda,
1650 1748 1685 1799 ad
1704 1761 1788 1815 nega·

90 1829 142 1881 lan
165 1832 336 1883 momsima
366 1836 389 1887 1.
409 1830 475 1884 doh.
497 1836 519 1897 1,
545 1849 570 1885 ν.
592 1837 616 1886 5.
645 1841 688 1886 est
716 1834 801 1899 qnasi
825 1849 873 1886 ros
902 1842 929 1886 et
955 1830 1057 1885 tionem
1080 1832 1193 1886 visionis
1212 1832 1358 1888 beatificae
1380 1834 1408 1886 in
1428 1835 1485 1888 vita
1505 1838 1618 1887 aeterna
1637 1830 1788 1902 progredi?

91 1914 170 1967 allisa
194 1917 287 1970 cirene
313 1915 359 1970 Os.
380 1922 419 1982 11,
444 1934 468 1968 ν.
488 1922 512 1971 h.
538 1925 566 1970 et
592 1922 617 1971 9.
646 1924 689 1972 est
712 1919 777 1987 ipsa
802 1920 928 1972 mmoitas
956 1922 979 1970 1.
993 1915 1064 1986 Eph.
1085 1923 1109 1985 3,
1129 1936 1155 1972 v.
1180 1925 1223 1975 to:
1253 1920 1287 1972 Ut
1310 1922 1466 1974 innoteseat
1486 1938 1559 1972 rranc
1579 1919 1791 1990 principatibus

92 1999 193 2055 Psalm.
208 2007 288 2068 aar.
303 2005 328 2056 9.
360 2000 438 2058 Sient
451 2002 523 2072 ignis
535 2019 590 2056 non
607 2001 695 2055 solum
708 2009 816 2073 gratam
830 2004 936 2070 lucem,
956 2020 990 2055 ae
1012 2005 1199 2071 potestatibus
1223 2005 1254 2058 in
1274 2005 1439 2058 coelestibus
1457 2023 1511 2074 per
1532 2006 1679 2058 ecclesiam
1698 2005 1790 2056 malti·

91 2085 142 2139 sed
162 2086 246 2141 etiam
266 2086 404 2141 fervidum
422 2087 548 2141 ardorem
566 2087 692 2156 exhihet3
717 2088 758 2142 sic
778 2088 856 2143 Deus
874 2090 929 2160 piis
953 2091 1058 2153 formes
1076 2091 1218 2159 sapientia
1228 2092 1293 2144 Dei.
1315 2096 1337 2146 1.
1355 2091 1428 2146 Petr.
1450 2097 1472 2158 1,
1493 2108 1518 2147 r.
1534 2096 1578 2146 12:
1597 2092 1634 2143 In
1652 2107 1725 2159 qaae
1743 2091 1790 2142 de-

91 2177 136 2225 est
153 2172 200 2225 lux
218 2172 367 2243 splendens
386 2189 420 2227 ac
440 2172 550 2236 lucens,
573 2172 665 2244 impiis
689 2189 756 2228 vero
773 2174 846 2244 ignis
864 2192 929 2230 con·
954 2174 1082 2229 uideram
1105 2177 1189 2230 etiam
1210 2176 1307 2245 onqsli
1322 2178 1495 2247 prospicere.
1538 2175 1700 2246 Respondet
1719 2173 1790 2229 Gre-

91 2274 212 2311 snmens.
233 2258 287 2326 ‚Ut
303 2258 377 2328 ignis
396 2265 439 2313 est
455 2259 622 2313 elementum
642 2258 865 2326 subtilissimum,
889 2260 929 2315 sic
955 2262 1049 2331 gorius
1061 2259 1111 2317 lib.
1123 2267 1163 2319 18.
1173 2262 1267 2316 moral.
1277 2267 1386 2333 capiti.
1396 2263 1513 2330 anqelor
1526 2261 1790 2315 vidaeDearnsins

92 2343 170 2397 Deus
188 2344 301 2414 spiritus
320 2343 499 2414 purissimus3
526 2345 599 2399 sicut
620 2345 693 2415 ignis
721 2351 764 2399 ast
793 2346 929 2401 lucidissi·
948 2347 1159 2414 fastidio,ideo
1171 2350 1305 2402 dicantar
1314 2347 1790 2417 perpetuamoidendideeideriam

91 2446 163 2494 mus,
183 2429 223 2483 sic
241 2428 317 2484 Dens
336 2435 378 2484 est
396 2429 443 2484 lux
463 2430 627 2497 ineffabilis,
646 2430 742 2485 beatos
762 2431 928 2497 illuminans,
955 2432 1064 2502 habac,
1088 2435 1156 2501 qaia
1174 2450 1316 2502 nanpsom
1334 2433 1496 2503 [stipantur
1514 2434 1644 2486 videndo.
1681 2430 1790 2501 Simpli-

91 2515 226 2569 affcctnm
244 2514 401 2582 delectans3
425 2516 498 2570 sicut
517 2516 589 2586 ignis
610 2523 652 2570 est
670 2517 870 2586 calidissimus,
888 2519 929 2572 sic
956 2518 1014 2573 cins
1037 2520 1221 2587 respondetur
1240 2535 1290 2588 per
1316 2519 1523 2573 distinctionem
1551 2519 1625 2572 inter
1641 2518 1789 2571 essentiam

92 2600 171 2655 Deus
191 2617 242 2656 sno
253 2602 346 2656 calore
358 2601 451 2656 omnia
464 2601 596 2668 viviticat,
615 2608 727 2672 purgat,
746 2603 861 2671 animat,
874 2604 930 2659 imo
955 2619 989 2655 ac
1009 2604 1122 2656 clareto
1143 2605 1298 2673 divinant
1318 2604 1346 2656 in
1364 2603 1509 2657 formando
1526 2603 1696 2673 quaestionis
1713 2607 1789 2656 statu

92 2694 122 2740 et
141 2703 206 2740 cnm
228 2686 355 2741 homines
379 2687 419 2741 ita
444 2694 650 2756 promerentur,
673 2689 816 2756 irascitur,
839 2690 929 2760 punit,
956 2689 1118 2743 monuimus.
1165 2687 1298 2753 Quamvis
1324 2688 1398 2743 enim
1423 2687 1516 2759 angeli
1547 2688 1670 2742 divinam
1697 2703 1788 2741 essen·

91 2772 185 2826 adurit
198 2788 232 2826 ac
249 2771 309 2826 zelo
326 2772 384 2826 irae
401 2789 468 2826 suae
487 2773 580 2827 omnia
599 2774 741 2844 devastat3
766 2776 838 2829 sicut
856 2776 931 2846 ignis
955 2775 1021 2828 tiam
1047 2774 1173 2839 videant,
1196 2783 1289 2828 mmen
1314 2773 1462 2829 liberorum
1486 2774 1664 2828 consiliorum
1690 2791 1722 2828 ac
1742 2773 1789 2827 de·

92 2869 135 2913 est
149 2858 312 2926 levissimus,
325 2858 365 2913 sic
376 2857 571 2913 Deushahitat
582 2859 611 2912 in
626 2861 757 2929 excelsis3
769 2862 842 2915 sicut
856 2863 930 2933 ignis
955 2869 1093 2914 cretarum
1113 2860 1268 2914 divinorum
1285 2875 1336 2930 per
1353 2859 1429 2914 illam
1446 2859 1580 2914 visionem
1597 2877 1653 2914 non
1670 2859 1790 2914 reddun-

91 2953 135 2999 est
144 2943 373 3014 simplicissimus,
382 2943 423 2998 sic
435 2943 512 2999 Deus
524 2945 594 2998 nulli
609 2947 648 2999 rei
664 2954 774 3001 creatae
784 2947 929 3002 immistus.
956 2954 1001 3000 tur
1027 2947 1120 3000 statim
1147 2946 1264 3010 conscii,
1295 2946 1350 3000 nisi
1384 2946 1479 3001 divine
1508 2946 1641 3000 revelatio
1665 2946 1789 3000 accedat

91 3030 195 3086 Confer
211 3029 379 3099 Dionysium
395 3031 595 3101 areopagitam
612 3032 647 3085 dc
665 3032 777 3087 coelest.
795 3033 929 3088 hierarch.
957 3038 980 3088 8.
1003 3038 1024 3086 1.
1037 3030 1195 3094 Timothtt,
1215 3049 1241 3084 r.
1254 3037 1295 3088 16:
1318 3033 1437 3086 Habitat
1460 3034 1540 3085 Deae
1560 3033 1649 3086 laeena
1668 3034 1790 3085 inacces-

92 3134 117 3175 c.
140 3122 180 3174 15.
215 3116 249 3171 Ιιι
263 3115 339 3170 hisce
351 3113 565 3186 comparationis
579 3117 708 3172 membris
720 3117 929 3175 subsistendum
956 3137 1025 3188 sam,
1049 3134 1130 3187 quem
1156 3118 1252 3172 nullas
1272 3118 1411 3171 hominm
1428 3119 1514 3183 vidit,
1539 3120 1592 3171 sed
1616 3134 1667 3170 nec
1692 3118 1789 3171 cidere

92 3218 183 3273 neque
207 3208 318 3272 praeter
337 3208 366 3257 et
382 3210 479 3257 contra
503 3202 675 3273 Scripturam
694 3221 728 3258 ex
747 3220 781 3259 ea
798 3205 930 3277 colligen·
954 3213 1052 3272 potest.
1080 3203 1302 3274 Respondsmum
1321 3204 1440 3268 Quidam
1458 3203 1618 3274 intelligunt
1635 3203 1788 3258 derisione

92 3289 168 3350 dnm,
189 3287 265 3359 qnod
283 3287 357 3341 beati
382 3287 411 3341 in
434 3288 492 3341 vita
510 3294 623 3342 aeterna
641 3288 763 3344 divinam
781 3293 929 3345 essentiam
956 3290 1066 3345 divinae
1082 3290 1217 3344 esseutiae
1235 3291 1265 3343 in
1278 3292 1410 3359 haesita,
1430 3290 1545 3361 qnidam
1562 3289 1788 3358 darampreien·

91 3390 147 3429 non
171 3373 281 3443 possint
304 3372 413 3438 videre,
436 3390 499 3427 cum
523 3374 584 3444 ipsa
608 3376 780 3445 experientia
804 3381 928 3447 testetur,
955 3377 1018 3429 sica
1036 3376 1146 3440 notitia,
1165 3376 1277 3446 quidam
1297 3379 1333 3428 ets
1351 3377 1480 3429 natarali
1497 3376 1568 3430 citra
1587 3374 1665 3429 rerbi
1684 3376 1789 3429 revela·

91 3476 144 3514 nos
161 3459 190 3513 in
212 3459 264 3512 hac
278 3458 337 3512 rita
355 3459 447 3529 ignem
462 3467 669 3514 consumentem
687 3461 773 3516 oculis
791 3463 930 3532 corporeis
955 3462 1057 3515 donem
1086 3463 1260 3530 copatione,
1292 3463 1405 3532 qnidam
1436 3464 1472 3515 de
1501 3463 1608 3515 cisione
1641 3477 1790 3529 corporea.

91 3545 203 3602 intueri.
234 3550 257 3601 8.
270 3543 336 3598 Eas.
349 3549 374 3611 6,
391 3561 417 3599 ν.
432 3548 461 3600 ²:
482 3544 633 3612 Seraphim
645 3548 843 3613 topantsaer'ss
854 3565 928 3606 raas.
955 3546 1100 3616 Quidquid
1130 3548 1180 3615 eit,
1210 3563 1266 3601 non
1295 3553 1389 3617 potest
1417 3547 1471 3602 hcc
1497 3547 1601 3617 opponi
1630 3546 1790 3601 dariseimia

90 3629 316 3699 Responde-us:
337 3628 382 3683 Ob
401 3629 595 3698 humilitatem,
615 3631 780 3685 modestiam
800 3648 833 3685 ac
851 3650 928 3689 reve·
954 3632 1051 3694 dictis,
1078 3648 1150 3702 quae
1176 3637 1326 3702 metantur,
1350 3631 1447 3687 beatos
1469 3632 1498 3685 in
1520 3633 1580 3686 vita
1601 3637 1715 3687 aeterna
1735 3630 1792 3685 Dei

90 3715 217 3781 rentiam,
235 3716 309 3770 sicut
327 3717 410 3770 etiam
428 3715 527 3786 viginti
546 3724 668 3785 quatuor
679 3717 800 3772 seniores
814 3716 850 3772 ob
863 3735 927 3774 ean·
954 3717 1103 3773 mundam
1121 3717 1238 3772 rieures.

91 3800 155 3856 dem
172 3817 285 3856 causam
310 3818 430 3855 coronas
453 3819 520 3854 raas
533 3801 693 3869 projiciam
713 3811 778 3857 onte
795 3805 926 3858 thronum
1024 3807 1081 3860 ter.
1106 3804 1257 3862 ,Rationes
1279 3802 1400 3873 potiores
1415 3803 1469 3857 hae
1487 3807 1565 3859 sunt:
1593 3809 1615 3860 1.
1634 3805 1669 3858 ab
1685 3805 1792 3868 infiniti
1803 3786 1929 3882 ᾒοξιῖζξ

90 3891 180 3958 Apoc
208 3892 233 3949 4,
258 3902 283 3940 v.
314 3890 354 3942 to.
384 3902 440 3940 non
466 3886 541 3956 quod
567 3887 691 3940 divinam
720 3890 868 3944 esseotism
895 3908 927 3944 aa
953 3889 1123 3944 conatione.
1156 3889 1237 3941 [nter
1252 3887 1407 3958 potentiam
1431 3897 1457 3943 et
1476 3890 1614 3958 obiectans
1631 3891 1711 3944 debet
1729 3907 1788 3945 esse

90 3976 266 4043 majestatem
285 3970 378 4025 ridere
403 3971 448 4026 vel
478 3972 575 4038 nolint,
599 3972 644 4026 vel
666 3988 723 4027 non
749 3975 864 4044 possint.
896 3975 925 4031 Si
950 3975 1107 4044 proportio.
1149 3973 1209 4028 Sed
1236 3974 1310 4026 inter
1333 3973 1500 4028 intellectam
1525 3984 1664 4045 creatam,
1694 3983 1790 4044 utpote

89 4066 238 4130 propterea
259 4057 384 4111 velarent
402 4057 511 4122 oculos,
529 4057 605 4129 quod
622 4057 797 4127 splendorem
814 4060 926 4117 divinae
952 4059 1075 4123 findant,
1093 4066 1120 4111 et
1133 4060 1226 4113 Deam
1243 4059 1412 4127 increatam,
1429 4066 1523 4129 utpote
1536 4061 1688 4129 infinitam,
1706 4061 1790 4115 nulio

90 4142 245 4214 majestatis
268 4141 342 4196 ferre
366 4159 420 4197 non
442 4148 568 4212 possent,
589 4158 639 4196 cur
662 4144 745 4197 etiam
765 4144 927 4201 obvelarent
953 4153 994 4198 eet
1007 4145 1167 4214 proportio.
1209 4146 1291 4212 Erqo
1314 4145 1472 4199 intellectas
1492 4155 1603 4199 meatur
1623 4165 1679 4199 non
1695 4153 1789 4216 potest

88 4228 195 4300 pedes?
225 4226 320 4292 Quid?
346 4227 420 4296 quod
447 4244 503 4280 non
530 4243 607 4281 suam
635 4229 684 4283 scd
702 4229 755 4284 Dei
782 4231 810 4284 in
836 4230 926 4286 forma
951 4230 1049 4283 cidere
1074 4232 1168 4283 Deam
1191 4229 1362 4298 intractato,
1384 4230 1463 4283 alias
1481 4230 1591 4292 riudam
1614 4240 1728 4301 caperet
1748 4233 1789 4284 in·

88 4315 212 4369 humana
244 4311 405 4382 apparentis
439 4312 538 4367 taciem
573 4314 713 4384 seraphini
742 4315 782 4369 illi
811 4317 925 4387 spiritus
952 4317 1067 4378 aninam.
1111 4314 1335 4384 Respondemus:
1366 4314 1515 4387 Capacitaa
1551 4317 1667 4372 docendi
1696 4317 1789 4388 gratia

87 4399 190 4456 terim
214 4397 345 4452 dicuntur
371 4397 407 4451 ah
431 4397 604 4469 Hieronymo
628 4400 707 4470 epist.
735 4406 791 4456 142.
811 4402 847 4456 ad
867 4401 924 4457 Da·
951 4403 1037 4456 statui
1049 4407 1140 4471 potest
1152 4400 1260 4470 triplex,
1279 4404 1304 4466 ll
1319 4402 1441 4465 amona,
1454 4420 1512 4474 qna
1523 4420 1608 4458 unum
1622 4420 1685 4457 cnm
1699 4405 1788 4458 altero

10 4504 75 4549 ,ιη
88 4501 196 4540 masam
219 4499 254 4537 ac
269 4482 376 4552 Cyrillc
400 4483 428 4536 in
454 4499 551 4540 comm.
576 4485 731 4551 iniuriosi,
755 4503 818 4540 cum
838 4486 925 4541 verba
951 4488 1049 4558 quovis
1077 4487 1158 4541 modo
1188 4486 1369 4558 conjungitur
1390 4486 1435 4542 vel
1462 4488 1594 4558 conjungi
1621 4494 1728 4557 potest3
1761 4491 1788 4555 2)

86 4570 219 4626 Hebraea
240 4572 302 4642 ”3¹3
320 4585 353 4623 ac
373 4553 457 4641 ”¹2²2
486 4587 541 4623 non
565 4570 712 4624 minusad
732 4571 821 4625 Deum
840 4589 923 4643 quam
951 4573 1126 4642 coqnits'ons‘s,
1145 4589 1202 4644 qna
1219 4573 1344 4643 potentia
1363 4588 1534 4644 cognoscens
1551 4573 1628 4627 alind
1643 4575 1790 4645 cognoscit

87 4656 124 4712 ad
143 4654 288 4726 Seraphim
302 4655 505 4710 accommodari
524 4656 639 4725 possint.
667 4656 724 4711 Sed
738 4674 793 4712 non
807 4657 924 4713 discedi·
951 4656 995 4713 vel
1015 4658 1209 4729 cognoscendo
1226 4659 1334 4728 recipit,
1353 4674 1442 4730 eaque
1461 4663 1504 4712 est
1520 4658 1565 4712 vel
1584 4661 1748 4728 adaequata
1762 4667 1790 4714 et

87 4760 150 4796 mus
168 4758 186 4796 a
206 4741 345 4796 communi
359 4741 593 4811 interpretatione.
619 4747 644 4797 1.
657 4741 757 4798 Matth.
775 4748 815 4808 11,
839 4760 864 4798 r.
879 4749 926 4801 27:
951 4743 1186 4815 comprehensiva,
1209 4744 1256 4797 rel
1276 4762 1333 4799 non
1351 4746 1513 4813 adaequata
1532 4752 1559 4798 et
1577 4747 1790 4814 qasdditatirae

87 4830 178 4884 Nereo
204 4829 282 4881 weit
301 4828 409 4881 Filium
433 4828 491 4880 nisi
509 4828 608 4896 Pater,
632 4835 659 4880 et
675 4846 755 4882 nemo
771 4831 848 4882 nouit
867 4831 925 4883 Pa·
952 4832 979 4897 3)
999 4830 1256 4897 comprehensionis
1270 4831 1406 4901 physicae
1423 4847 1473 4884 ssu
1491 4832 1712 4901 qaantaatisae,
1730 4848 1787 4904 qua

87 4923 160 4968 trem
185 4915 242 4967 nia
259 4913 362 4968 Filias
390 4912 616 4983 Respondemus:
634 4913 795 4970 Inmediate
812 4915 926 4971 additur
951 4921 1086 4987 qnantum
1108 4932 1126 4969 a
1149 4921 1254 4986 quanto
1277 4916 1533 4986 comprehenditur,
1557 4917 1630 4973 sicut
1646 4918 1787 4973 doliuma

87 5009 114 5055 st
137 5001 186 5053 cai
209 4999 330 5053 coluerit
351 4999 446 5053 illias
468 5000 604 5054 revelare.
646 5000 749 5056 Sensm
772 4999 924 5071 igiturest,
951 5004 1029 5070 ricc,
1055 5001 1175 5071 pecnnia
1201 5000 1385 5072 amaraupio.
1421 5001 1545 5057 Finitnm
1564 5019 1619 5058 non
1637 5011 1680 5059 est
1696 5020 1785 5074 capax

87 5085 163 5157 quod
182 5085 290 5157 absque
308 5086 479 5141 revelatione
497 5103 547 5157 per
566 5085 668 5141 Filium
690 5088 720 5143 in
737 5086 822 5140 verbo
842 5103 924 5142 evan·
950 5086 1051 5141 infiniti
1064 5086 1220 5156 capacitate
1232 5087 1401 5156 capnitionia
1411 5089 1654 5156 comprehensivas
1664 5097 1690 5143 et
1699 5091 1787 5144 adae·
1800 5113 1845 5157 xx,
1858 5115 1905 5160 Μ,

86 5172 153 5245 gelii
177 5171 298 5228 exterius
322 5178 350 5226 et
373 5187 423 5242 per
444 5171 563 5243 Spiritus
582 5173 671 5228 sancti
694 5171 924 5227 illuminationem
951 5181 1062 5244 wotos,
1082 5187 1133 5226 nec
1149 5172 1307 5242 capacitate
1324 5174 1577 5241 eompreiemsonia
1592 5175 1726 5244 piperque
1740 5187 1785 5236 net

86 5258 203 5313 interius
225 5257 328 5312 mtam
346 5273 399 5312 nec
420 5258 558 5313 mantiae
576 5274 628 5313 nec
645 5257 795 5313 voluntatis
812 5257 924 5313 divinae
950 5258 1163 5328 qaomiatioae,
1180 5256 1291 5311 interim
1310 5263 1403 5312 umen
1411 5257 1521 5313 linitum
1532 5266 1575 5314 est
1583 5277 1672 5332 capax
1682 5260 1784 5318 inliniti

86 5344 217 5399 salutans
239 5350 268 5398 et
291 5343 416 5398 salvifica
438 5344 560 5416 cognitio
581 5343 710 5414 cuiqnam
730 5343 871 5399 hominum
892 5343 922 5398 in
949 5344 1104 5415 capacitate
1117 5341 1286 5413 cognitionis
1298 5344 1513 5412 qcidditatioae,
1533 5353 1564 5401 ut
1581 5354 1609 5402 et
1627 5349 1786 5419 capacitate

85 5429 139 5485 hac
147 5431 206 5485 rita
215 5429 361 5501 obtingere
370 5431 465 5500 possit
491 5430 686 5488 Ocnierharm.
699 5445 798 5501 evang.
811 5436 920 5501 capit.
949 5431 1071 5496 anienis,
1091 5446 1154 5485 cum
1172 5434 1296 5485 assumta
1312 5435 1414 5485 natm
1430 5429 1552 5485 humana
1568 5429 1658 5504 Λόγῳ
1677 5433 1786 5493 infinito

1522 5523 1577 5573 26·
