4050 6014
151 242 211 329 sss
797 244 1214 328 rnscnsaasomnnus

184 416 268 472 Mors
287 426 346 486 tua,
359 416 503 487 judicium
517 423 697 488 postremum,
716 416 813 487 plaria
830 417 903 472 coeli

216 505 257 558 Et
273 505 358 559 dolor
375 503 484 568 inferni
502 513 566 558 suut
585 504 750 558 meditanda
768 502 827 558 tibi.
1009 502 1039 555 in
1057 519 1111 571 quo
1131 502 1187 556 sint
1204 502 1263 554 tria
1278 501 1365 566 folia,
1389 501 1503 555 nstrum
1522 519 1614 568 unum,
1637 500 1958 555 stammana-¹1·2t⁷

1009 589 1117 661 elidum,
1137 590 1247 644 tertium
1268 590 1398 658 siprum,·
1424 590 1454 642 is
1471 590 1556 643 mrbro
1574 607 1604 644 se
1620 589 1712 659 lepere
1734 589 1844 643 dicebat

147 677 245 749 Neque
266 677 339 732 enim
362 692 395 730 eo
417 675 472 731 fine
492 675 645 730 doctrinam
665 674 698 729 de
721 672 829 728 inferno
848 674 876 728 in
895 674 981 729 saeris
1010 675 1116 731 Christi
1138 676 1313 744 passionem,
1337 677 1368 729 is
1387 676 1512 730 candido
1539 676 1679 730 beatorum
1700 675 1843 746 plor-ificu-

146 763 233 818 literis
251 763 319 816 deus
339 761 419 816 nobis
436 762 587 832 proposuit,
605 768 637 815 ut
654 761 755 815 otiosas
768 767 795 814 et
807 756 981 836 ἀπεράντους
1008 761 1117 816 lienem.
1154 761 1199 816 lta
1224 761 1364 833 sapiebat,
1388 762 1435 833 qui
1460 762 1488 816 in
1511 763 1576 818 vitis
1602 770 1712 833 patrum
1736 762 1799 820 libr.
1817 769 1842 817 t.

147 849 321 921 quaestiones
348 850 383 901 cle
406 849 517 911 inferni
539 848 614 914 loco,
649 849 684 901 de
711 853 816 900 aalma
841 848 916 916 ipsis
939 848 980 900 in·
1008 864 1065 915 cap.
1085 854 1127 903 44.
1149 847 1271 903 dicebat:
1300 849 1364 915 Epo
1386 848 1420 900 ab
1443 856 1561 916 peccata
1580 867 1642 903 mea
1658 851 1774 913 insesso
1792 851 1843 902 ad·

139 935 278 1004 seruatis,
301 937 335 988 de
353 943 485 1005 tempere,
509 951 563 1003 qua
581 934 712 998 infer-sus
730 941 839 986 creatus
857 939 908 987 etc.
938 950 979 987 re·
1008 933 1139 1000 iudicari
1154 950 1196 987 sne
1215 934 1307 1003 ipsum
1325 935 1457 1002 dicoque:
1487 936 1558 988 Esto
1576 951 1636 987 curn
1660 935 1718 1002 his,
1745 935 1844 1004 quibus

147 1022 305 1092 ciprocante
322 1019 506 1076 contentionis
524 1036 601 1074 serra
618 1018 765 1090 agitemus,
784 1018 832 1073 sed
845 1025 877 1072 ut
890 1018 979 1090 quoti·
1008 1020 1110 1088 dipsas
1128 1036 1169 1080 es,
1194 1020 1258 1072 sistis
1275 1022 1455 1088 postmodum
1478 1021 1714 1074 anssrmeraberis.
1753 1021 1844 1074 Video

146 1109 230 1164 diana
249 1124 282 1162 ac
301 1108 349 1179 pia
367 1107 547 1162 meditatione
564 1113 690 1161 aeternas
708 1105 852 1177 impiorum
879 1122 980 1174 poenes
1008 1107 1094 1175 ipitur
1119 1105 1159 1158 ibi
1180 1122 1271 1174 pares
1298 1108 1415 1176 penitus
1442 1115 1467 1159 st
1494 1107 1673 1161 incessabiles
1693 1107 1842 1176 lacrymas,

146 1195 175 1249 in
192 1193 300 1249 inferno
318 1194 384 1264 ipsis
403 1199 514 1263 paratas
532 1191 639 1245 solicite
659 1192 845 1262 expendentes
871 1191 907 1245 ab
925 1209 981 1245 om·
1008 1191 1138 1262 adspicio
1164 1191 1314 1245 dridentes
1341 1193 1469 1247 dentibtss
1487 1200 1539 1248 etc.
1568 1201 1594 1247 et
1618 1201 1681 1247 nise
1707 1194 1845 1248 lamentor

146 1280 243 1348 nibus,
276 1296 348 1350 quae
377 1277 540 1333 infernalem
571 1278 656 1331 istum
688 1277 780 1349 ignem
813 1277 981 1332 succendere
1007 1295 1094 1349 penus
1124 1279 1274 1345 bominum,
1311 1280 1389 1349 qued
1417 1281 1523 1333 audeat
1551 1281 1632 1348 loqui
1660 1280 1705 1333 ael
1732 1281 1845 1335 cuilibet

146 1366 281 1439 nobisque
299 1365 435 1421 attrahere
453 1369 577 1434 possunt,
592 1380 698 1418 summo
717 1364 808 1418 studio
825 1370 981 1419 mactmus.
1008 1366 1164 1431 attendere,
1190 1365 1276 1417 tastis
1303 1368 1406 1418 manda
1430 1366 1560 1434 repositis
1583 1366 1682 1435 malis,
1706 1374 1732 1418 st
1752 1366 1845 1420 iobis

147 1455 361 1526 chrysostomus
378 1453 472 1507 homil.
492 1458 533 1508 44.
552 1452 582 1505 in
599 1450 699 1506 Matth.
717 1468 782 1521 pag.
799 1456 863 1510 406:
892 1450 981 1504 Verba
1008 1457 1086 1504 uses
1104 1460 1222 1505 mentem
1239 1467 1329 1505 meam
1347 1452 1449 1504 luctum
1469 1451 1616 1515 sseditans,
1634 1450 1782 1520 isdipnum
1802 1469 1846 1506 me

148 1541 333 1609 depellente,
353 1555 388 1592 ss
405 1539 436 1592 in
453 1538 606 1605 petessant
619 1538 758 1605 devenias,
780 1537 915 1603 efficiunt,
934 1541 981 1591 acl
1008 1536 1085 1590 coelo
1104 1545 1130 1590 et
1147 1546 1224 1591 terra
1237 1537 1384 1607 judicans.
1424 1536 1538 1592 Utinam
1557 1552 1621 1591 vero
1639 1542 1723 1607 atque
1743 1537 1845 1592 iterum

149 1633 256 1699 turpato
271 1626 304 1682 τὸ
323 1625 443 1700 πρᾶγμα
460 1631 580 1695 γίνεται,
607 1641 640 1677 ac
662 1624 817 1677 medicinae
837 1623 900 1676 loco
917 1629 981 1675 sunt
1008 1623 1114 1676 utinam
1128 1623 1308 1678 ecelesiarum
1321 1623 1439 1677 ministri
1453 1622 1482 1677 in
1498 1621 1751 1688 amissimishisce,
1768 1640 1844 1677 eum·

146 1714 291 1769 sumenda.
318 1710 412 1766 homil.
440 1715 464 1765 3.
491 1710 519 1764 in
549 1716 574 1764 t.
605 1707 702 1763 Thess.
735 1724 798 1780 pag.
829 1711 909 1765 litt:
948 1708 984 1762 Si
1009 1709 1103 1779 primis
1122 1725 1187 1763 vero
1200 1709 1229 1763 in
1241 1710 1343 1780 poesis
1353 1709 1544 1772 infernalibus
1555 1708 1659 1779 populo
1671 1709 1845 1765 inculcandis

146 1801 300 1869 ptisanam
317 1813 426 1865 semper
443 1797 600 1864 capitemus,
617 1813 674 1849 son
692 1795 747 1849 cito
765 1795 795 1849 in
807 1794 982 1849 eamiscide·
1008 1800 1036 1849 et
1055 1793 1256 1864 exaggerandis
1280 1793 1481 1866 frequentiores
1501 1793 1603 1850 essentl
1641 1794 1742 1865 Majori
1768 1802 1845 1851 certe

146 1903 213 1941 mus.
241 1886 397 1953 Propterea
421 1881 591 1951 supplicium
615 1883 738 1935 minatus
767 1888 807 1935 est
825 1882 912 1934 Deua
949 1880 985 1934 Si
1008 1897 1071 1936 eum
1090 1880 1246 1934 auditorum
1266 1880 1450 1935 emolumento
1472 1881 1541 1935 illud
1560 1880 1631 1935 foret
1657 1885 1845 1953 conjunctum,

146 1990 208 2028 sam
223 1972 348 2041 copitars
368 1987 424 2023 san
444 1985 574 2036 mapnum
593 1968 713 2037 aliquod
731 1967 845 2021 haberet
863 1966 983 2034 lucrum,
1009 1983 1091 2038 quam
1124 1966 1146 2020 si
1178 1966 1377 2022 controversias
1404 1967 1448 2022 rel
1471 1966 1637 2038 jamdudum
1660 1969 1773 2038 sopitas,
1799 1971 1845 2025 vel

147 2079 202 2117 nos
225 2076 288 2114 eam
307 2059 372 2128 jam
398 2057 521 2110 minatus
547 2063 618 2109 esset
640 2055 721 2108 Deus
727 2073 739 2123 ,-
770 2054 822 2105 ssd
849 2053 982 2122 pusiam
1009 2053 1143 2108 ecclesiae
1159 2069 1302 2123 nunquam
1321 2052 1430 2107 auditas
1449 2052 1553 2126 ingenii
1576 2054 1734 2110 ostentandi
1760 2072 1846 2111 causa

149 2147 210 2216 ep'us
242 2143 405 2199 recordatio
435 2142 511 2196 ualet
542 2143 584 2193 ad
612 2157 659 2194 res
689 2155 807 2206 mopsos
834 2138 983 2214 parendus,
1010 2155 1060 2210 pro
1079 2139 1211 2194 concione
1228 2138 1310 2193 toties
1327 2145 1485 2194 tractarent.
1518 2136 1650 2210 Ἔλεγχον
1667 2154 1803 2205 errorum,
1828 2158 1845 2195 a

144 2239 298 2304 propterea
315 2238 448 2298 tanquam
466 2229 591 2280 solutore
608 2224 728 2294 aliqrsod
744 2225 983 2289 medicamentum,
1009 2225 1112 2298 quibus
1132 2224 1306 2280 auditoribus
1323 2225 1465 2296 impendet
1482 2225 1644 2296 periculum,
1667 2242 1721 2279 non
1743 2225 1844 2296 impro-

147 2315 278 2392 καθάπερ
296 2337 323 2371 τι
341 2311 494 2390 φάρμακον
513 2307 654 2385 σωτήριον,
681 2312 743 2381 ejus
766 2311 858 2365 misas
877 2309 983 2363 sostris
1010 2314 1115 2377 hamus,
1135 2312 1184 2367 sed
1195 2312 1306 2366 interim
1319 2310 1534 2383 frequentiorem
1548 2311 1758 2366 novissimorum
1769 2330 1843 2368 men·

147 2404 245 2461 messit
260 2403 370 2456 animm.
388 2399 555 2470 Estpostea:
574 2399 649 2452 Num
663 2396 690 2450 si
701 2398 788 2452 sileas
800 2398 836 2450 de
848 2397 981 2466 pelsnsa,
1008 2397 1112 2452 tionem
1130 2398 1159 2452 in
1177 2396 1356 2452 concionibus
1374 2396 1434 2451 fieri
1453 2396 1551 2451 merito
1568 2404 1702 2467 optamus.
1728 2398 1845 2454 Utinam

146 2492 296 2562 palernam
318 2486 503 2541 esmisaerist
521 2487 598 2540 Num
615 2485 642 2537 si
659 2483 775 2552 rimeris,
795 2483 982 2537 accenderis!
1009 2490 1092 2554 atque
1109 2483 1209 2538 iterum
1228 2482 1332 2537 utinam
1351 2482 1522 2553 nosmetipsi
1539 2482 1567 2537 in
1585 2482 1681 2553 poenis
1698 2484 1798 2539 inferni
1811 2502 1845 2539 ac

147 2595 196 2633 ssu
214 2576 329 2639 ausa,
353 2591 402 2626 seu
425 2590 481 2625 nen
506 2572 622 2634 diesis,
645 2571 804 2623 esordescet
822 2569 904 2638 ipsis.
936 2572 983 2624 De
1009 2585 1104 2624 earum
1126 2575 1185 2622 tum
1204 2569 1363 2632 atrocitate,
1388 2574 1447 2622 tum
1473 2569 1638 2622 aeternitate
1658 2571 1782 2641 qnotidie
1799 2587 1845 2625 ex·

148 2681 181 2719 ea
204 2663 316 2717 dicatur
337 2660 466 2727 assidue,
497 2667 528 2711 ut
552 2673 696 2726 nusquam
722 2657 753 2709 in
778 2672 838 2709 eam
862 2654 982 2710 incidas.
1009 2655 1156 2729 pandenda
1175 2670 1296 2710 essemus
1309 2653 1512 2726 diligentiores!
1529 2654 1715 2709 Atrocitatem
1728 2656 1843 2711 istarum

101 2758 103 2762 “
147 2766 211 2822 pag.
232 2754 311 2805 sset:
332 2747 428 2816 Repsi
439 2763 496 2800 non
512 2745 554 2799 ita
569 2742 817 2796 meminerimusut
833 2742 982 2809 pelessae.
1008 2758 1160 2814 poenarum
1185 2741 1261 2795 velut
1284 2740 1313 2795 in
1331 2740 1435 2795 tabella
1449 2741 1570 2810 quadam
1590 2741 1728 2814 depictam
1748 2750 1777 2798 et
1794 2760 1845 2813 per

148 2837 244 2892 Matres
259 2835 331 2889 enirn
350 2833 486 2902 majorem
504 2832 558 2884 vim
577 2830 659 2883 habet
677 2844 760 2897 qoam
777 2829 937 2898 promissio,
956 2838 984 2883 et
1007 2833 1100 2901 partes
1119 2827 1271 2898 expositam
1289 2826 1415 2897 superius
1434 2827 1617 2897 exposuimus,
1637 2845 1719 2899 quam
1737 2829 1844 2884 utinam

147 2923 214 2990 scio,
233 2923 310 2992 quod
322 2917 487 2973 mullibosa
503 2915 643 2987 despicmi
654 2921 743 2969 essent
754 2914 982 2984 innumerabilia,
1008 2914 1126 2986 quilibet
1148 2921 1272 2968 nostrum
1295 2913 1343 2983 pia
1368 2913 1599 2983 contemplatione
1622 2914 1737 2980 singulis
1760 2914 1844 2979 horis,

147 3011 173 3063 si
191 3007 307 3064 liberati
323 3012 411 3058 essent
429 3021 448 3055 a
467 3002 609 3071 supplicio
624 3006 676 3055 ete.
698 3000 805 3055 Nullus
822 3015 855 3053 es
869 3000 913 3066 iis,
934 3000 984 3069 qui
1008 3003 1063 3056 imo
1080 2999 1227 3054 momentis
1241 2998 1409 3053 intuereturl
1427 2999 1470 3053 De
1480 3000 1645 3053 admittite
1653 3016 1718 3054 vero
1730 3001 1844 3056 istarum

146 3096 299 3164 pehensam
317 3091 417 3143 liabent
435 3096 499 3142 ante
518 3087 620 3153 oculos,
643 3086 750 3140 incidet
766 3086 797 3139 is
813 3086 982 3155 pehennom,·
1009 3103 1162 3158 menarum
1181 3085 1248 3156 quid
1275 3085 1417 3140 dicemus?
1448 3084 1556 3139 infinita
1578 3085 1626 3140 ills
1647 3092 1701 3152 est,
1728 3086 1844 3157 proinde

146 3181 242 3235 sullus
262 3195 294 3233 ee
313 3177 357 3245 iis,
382 3176 431 3244 pui
446 3175 599 3245 pebesnam
618 3172 786 3241 despiciunt,
806 3171 921 3241 effupiet
937 3188 981 3240 pe·
1009 3174 1091 3228 etiam
1109 3171 1189 3227 linito
1203 3171 1347 3226 intellectu
1357 3171 1551 3240 comprehendi
1565 3188 1598 3226 ac
1612 3171 1704 3227 verbis
1716 3173 1844 3228 humanis

147 3269 266 3321 hennam
279 3268 331 3319 etc
351 3258 435 3317 citis
450 3255 524 3315 aisa
530 3253 673 3334 χρήσιμον
690 3254 728 3320 ὥς
743 3257 776 3313 ri
789 3262 855 3335 περὶ
869 3263 983 3330 γεέννης
1009 3258 1163 3314 mensurari
1180 3258 1286 3329 nequit.
1320 3256 1389 3312 Post
1405 3256 1616 3313 innumerabilia
1635 3265 1718 3329 atque
1735 3257 1845 3315 infinita

147 3355 337 3424 διαλέγεσθαι,
355 3347 427 3401 nibil
447 3352 487 3398 cst
507 3361 594 3414 aeque
612 3343 680 3397 rutile
699 3351 782 3412 atque
803 3345 838 3397 de
856 3344 981 3414 palesna
1008 3362 1143 3401 annornm
1161 3344 1247 3399 millia
1264 3359 1372 3412 semper
1387 3343 1511 3414 cogitare
1531 3349 1672 3414 cogentur,
1696 3344 1764 3399 haec
1784 3363 1844 3401 esse

147 3439 296 3505 duserere,
306 3435 403 3504 quouis
411 3439 526 3500 arpenta
538 3431 755 3499 purioresnobis
768 3430 981 3499 efficitanimas.
1010 3434 1145 3488 duntaxat
1165 3429 1365 3501 suppliciorum
1385 3446 1494 3484 suorum
1513 3431 1599 3485 initia.
1639 3433 1663 3485 0
1683 3434 1844 3500 aeternitas,

150 3523 394 3592 Christusipsede
407 3518 574 3572 cadisterit.
595 3518 671 3571 Nam
684 3516 737 3569 etsi
748 3516 877 3570 molestia
890 3518 983 3582 afficit
1008 3520 1176 3582 astaritae,
1199 3522 1231 3571 tu
1252 3516 1311 3570 sola
1337 3515 1410 3570 ultra
1426 3533 1533 3572 omnem
1554 3518 1665 3572 modum
1689 3534 1721 3573 ac
1739 3520 1843 3591 cogita·

147 3613 320 3676 arcatores,
346 3607 373 3660 ei
394 3614 485 3658 tarsen
506 3605 627 3672 modest
650 3602 784 3668 stamme,
810 3603 883 3657 talia
910 3604 981 3656 enim
1009 3605 1112 3660 tionem
1131 3605 1324 3658 damnatorum
1345 3602 1483 3672 supplicia
1501 3606 1669 3675 exaggeras!
1709 3604 1773 3661 Sine
1788 3606 1844 3660 ullo

146 3707 209 3752 suat
227 3696 330 3762 omnia,
353 3708 423 3761 quae
440 3697 566 3761 prosunt.
601 3690 678 3742 Nam
691 3697 718 3742 st
735 3690 939 3743 medicamenta
957 3699 983 3743 et
1008 3691 1063 3746 fine
1080 3689 1266 3761 torquendum
1275 3704 1334 3742 esse
1346 3689 1420 3743 ultra
1438 3706 1532 3745 omnes
1546 3691 1744 3761 desperationis
1756 3691 1844 3748 fertur

146 3785 204 3839 cibi
219 3789 334 3849 ueproto
349 3779 434 3850 prius
451 3775 650 3841 minsterii,
672 3781 697 3827 et
717 3780 781 3827 trtsc
795 3777 982 3845 afferantuti·
1009 3776 1147 3831 terminos.
1187 3774 1261 3840 Quid
1279 3775 1350 3829 enim
1371 3775 1495 3847 marius,
1516 3777 1584 3847 quid
1603 3777 1757 3849 molestius,
1776 3780 1843 3851 quid

147 3872 264 3926 litatem.
304 3866 337 3919 Si
359 3882 415 3919 non
434 3863 555 3929 ferimus
579 3861 725 3914 uerborum
744 3863 917 3930 mandatam,
943 3869 982 3916 est
1009 3863 1105 3916 durius
1123 3879 1207 3931 mam
1226 3878 1335 3930 semper
1350 3862 1436 3928 uelle,
1462 3865 1538 3932 quod
1559 3882 1702 3935 nusquam
1727 3867 1793 3932 erit,
1817 3876 1843 3920 et

143 3954 333 4027 perspicuum,
344 3950 420 4017 fore,
433 3950 598 4012 atserarnus
606 3962 762 4014 perrerum
772 3948 982 4016 coperiantiam.
1008 3965 1118 4018 semper
1128 3948 1213 4018 nolle,
1231 3949 1308 4018 qued
1318 3965 1461 4018 ntsnpuom
1471 3966 1527 4002 son
1539 3950 1615 4003 erit!
1632 3968 1740 4020 semper
1752 3953 1844 4007 ciuem

148 4039 318 4111 Smaragdos
338 4035 375 4091 ad
392 4051 454 4105 cap.
471 4039 496 4090 4.
514 4033 642 4102 regulae:
671 4033 757 4086 Mala
774 4033 884 4095 inferni
904 4035 983 4087 dehe-
1009 4035 1093 4103 nolle,
1110 4042 1136 4086 et
1156 4041 1249 4088 tamen
1269 4034 1350 4099 mori,
1367 4051 1476 4104 semper
1495 4037 1569 4088 mori
1585 4037 1678 4106 nolle,
1705 4046 1844 4094 ettamen

90 4144 98 4151 ·
147 4145 208 4182 mus
222 4126 334 4196 jupiter
359 4131 424 4176 ante
451 4119 546 4173 oculos
572 4120 672 4172 mentis
700 4126 813 4173 nostrae
840 4122 984 4175 adducere
1008 4123 1121 4175 uiueret
1136 4120 1228 4174 Tanta
1245 4119 1369 4190 profecto
1390 4128 1455 4176 sunt
1467 4123 1636 4178 aeternitatis
1654 4124 1751 4193 spatia,
1771 4130 1802 4179 nt
1820 4126 1843 4180 si

148 4224 173 4271 et
190 4213 343 4284 pelessam
362 4208 437 4278 ipsis
455 4206 564 4260 aeterni
583 4205 747 4260 terribiliter
764 4223 944 4278 expauescere
958 4216 983 4261 et
1011 4208 1157 4262 damnatus
1180 4205 1281 4278 aliquis
1305 4206 1448 4263 millesimo
1475 4225 1584 4280 quoque
1608 4226 1680 4265 anno
1700 4228 1783 4265 unam
1810 4229 1843 4267 ex

147 4303 263 4370 insuper
282 4294 495 4363 dilipentissime
509 4300 536 4346 st
555 4291 663 4361 apertis
682 4292 771 4346 oculis
784 4293 884 4346 sentes
898 4293 983 4347 inten-
1010 4293 1096 4348 oculis
1123 4293 1260 4347 emitteret
1287 4292 1481 4363 lacrymulam,
1509 4295 1571 4364 plus
1595 4311 1683 4366 aquae
1709 4297 1844 4364 efflueret,

147 4387 254 4442 thaimo
280 4383 417 4452 capitose,
442 4378 526 4448 quale
551 4378 657 4431 malum
681 4379 718 4430 sit
741 4379 777 4431 ab
801 4378 853 4431 illo
878 4379 984 4447 paudio
1010 4397 1094 4451 quam
1112 4385 1189 4434 totus
1207 4380 1325 4434 mundus
1344 4397 1441 4453 capere
1459 4387 1561 4453 posset.
1594 4381 1697 4437 Confer
1723 4385 1847 4444 meditat.

150 4472 265 4527 &uisae
274 4465 514 4535 contemplationis
524 4463 638 4518 melodi
650 4471 676 4516 et
686 4464 716 4516 ia
726 4463 835 4527 inferni
846 4471 984 4517 tartarum
1011 4472 1132 4522 nostram
1151 4473 1192 4523 49.
1211 4472 1240 4521 et
1261 4472 1302 4521 tt.

148 4567 175 4613 st
193 4557 334 4626 pelessae
351 4554 441 4607 locum
462 4549 586 4619 dernerpi
603 4555 653 4604 ete.
680 4548 857 4603 bernhardus
874 4550 904 4604 in
924 4551 984 4609 libr.
1046 4559 1088 4611 89.
1101 4559 1122 4609 l.
1134 4554 1208 4611 Usus
1219 4553 1790 4625 practicusspecialisestvelnustsorssic,
1802 4558 1847 4613 vel
1859 4573 1879 4613 u.
1887 4575 2011 4623 spesi-ns.

148 4646 184 4700 de
200 4643 260 4697 vita
273 4640 374 4696 solitar.
387 4636 422 4692 ad
440 4635 552 4691 intres:
572 4636 786 4689 Descendamus
799 4634 829 4687 in
841 4637 985 4700 infernum
1011 4636 1251 4713 παραμυθητικός.
1272 4646 1294 4696 l.
1304 4643 1393 4695 Horis
1399 4637 1489 4703 ostric
1501 4647 1543 4695 est
1561 4642 1603 4697 vel
1614 4641 1847 4719 taaroptursao'c,
1863 4647 1882 4696 l.
1897 4661 1965 4697 παι.

147 4731 280 4792 moestu,
305 4742 339 4779 at
359 4726 562 4779 ducentium&
580 4721 740 4785 7404464444,
763 4721 815 4774 dot
842 4724 925 4775 modo
940 4725 986 4793 pii
1010 4728 1053 4783 vel
1063 4723 1263 4803 superstruxit.
1282 4723 1561 4801 1.Έπανορθωτικός,
1573 4732 1766 4795 correctorius,
1776 4731 1846 4787 ineo
1860 4709 1997 4776 δὲυῃκόΐ·

150 4832 235 4888 saepe
255 4816 285 4868 in
301 4813 445 4875 infernum
463 4810 642 4863 descendunt.
680 4806 759 4860 Sicut
776 4807 849 4860 esim
870 4809 986 4866 assidue
1011 4812 1150 4881 consistit,
1180 4812 1254 4884 quod
1278 4811 1453 4866 infernalium
1479 4819 1676 4869 tormentorum
1702 4816 1846 4873 meditatio
1860 4797 1980 4891 {'„(,³,‘},‘,'‚⁸'

150 4900 365 4970 contemplando
384 4898 505 4951 reuisem
528 4901 625 4947 omont
648 4892 758 4960 paedia
780 4894 928 4958 coelestia,
954 4905 985 4949 ut
1011 4905 1124 4954 revocat
1141 4915 1191 4953 nos
1213 4905 1233 4954 l.
1255 4900 1285 4952 in
1306 4914 1406 4968 penere
1425 4897 1461 4952 ab
1480 4900 1624 4969 impietate
1643 4910 1669 4954 et
1686 4906 1846 4974 securitate,

149 4988 297 5041 aasentias
317 5002 352 5039 aa
377 4990 529 5053 appetam,-
557 4979 600 5032 sic
623 4986 648 5032 st
672 4979 785 5034 Mares
809 4981 929 5052 inferni,
954 4991 984 5037 ut
1011 5004 1030 5039 a
1052 4985 1179 5054 peccatis
1206 4992 1304 5038 eontra
1331 4985 1529 5038 conscientiam
1554 4994 1580 5039 et
1600 4988 1782 5055 proclshitate
1807 4992 1848 5043 ad

148 5074 285 5128 tumeant
302 5079 327 5124 et
343 5070 475 5136 fupiant,
500 5073 526 5118 et
544 5065 596 5118 hoc
614 5072 669 5130 est,
694 5067 770 5134 quod
796 5067 985 5136 imprecantur
1011 5073 1133 5141 culpam.
1152 5069 1256 5124 Parata
1273 5076 1339 5123 sunt
1357 5071 1549 5140 peccatoribus
1568 5079 1682 5128 aeterna
1701 5080 1847 5145 tormenta,

149 5159 271 5213 inimicis
287 5157 347 5211 suis
365 5161 486 5218 arastes,
505 5159 537 5203 ut
555 5152 726 5205 descendant
744 5153 774 5205 in
784 5154 927 5221 infernum
945 5157 984 5211 oi.
1012 5173 1096 5212 eccur
1113 5155 1203 5210 adhuc
1215 5172 1265 5210 nos
1277 5156 1417 5212 delectant
1431 5160 1565 5228 peccata?
1583 5160 1638 5225 Qui
1648 5167 1745 5232 peceat
1752 5170 1848 5218 sonna

149 5253 248 5300 centes
279 5243 358 5295 idem
377 5239 458 5309 epist.
477 5241 541 5292 292:
562 5236 674 5289 Utinam
694 5255 818 5307 saperes,
839 5258 911 5311 quae
927 5244 988 5297 Dei
1011 5243 1220 5311 conscientiam,
1246 5240 1375 5297 aedificat
1397 5244 1434 5297 ad
1458 5243 1627 5316 gehennam,
1654 5263 1736 5301 eccur
1758 5247 1844 5320 igitur

150 5339 222 5397 sant,
234 5328 420 5397 -intelliperes,
435 5341 507 5393 puae
521 5323 703 5386 mendicant,
717 5328 893 5397 provideres,
913 5346 985 5397 puae
1011 5328 1196 5384 conscientiae
1218 5329 1311 5383 lumen
1335 5337 1510 5398 peccatorum
1530 5332 1653 5387 tenebris
1671 5332 1788 5388 obruere
1811 5352 1845 5391 ac

151 5416 259 5482 inferni
282 5420 360 5476 sunt,
392 5410 523 5479 profecto
552 5407 668 5472 inferna
694 5410 836 5481 terreres,
861 5431 985 5483 superna
1010 5416 1147 5469 internam
1176 5415 1237 5485 ejus
1273 5415 1486 5472 admonitionem
1522 5433 1651 5487 respuere
1682 5419 1845 5492 pergimus?

150 5507 307 5570 appetms,
326 5513 397 5565 puae
417 5494 516 5548 mandi
527 5502 591 5548 nist
607 5500 801 5553 contemneres.
822 5498 884 5553 Hoc
902 5499 985 5556 modo
1010 5500 1084 5567 Quid
1104 5501 1180 5557 alind
1199 5501 1344 5557 devorabit
1356 5503 1405 5557 ille
1419 5502 1492 5574 ignis
1509 5520 1591 5575 quam
1607 5509 1846 5575 peccatisnostris?
