4050 6014
199 153 240 219 sn
846 143 1256 210 mauretus-'ttulimus

199 308 244 377 iis,
268 322 338 377 oues
357 309 543 363 damnaberis
563 313 611 361 est.
646 307 736 362 Petet·
752 304 845 362 001000
863 324 919 361 nott
944 323 1035 380 appa·
1064 304 1333 369 leumnnicnem
1349 314 1376 361 et
1395 305 1602 376 hppmtalicem·
1613 305 1792 360 031001100ωο
1817 304 1896 359 dices

199 393 278 463 rabit,
298 394 366 462 quie
385 396 488 463 ferme
505 394 581 447 seros·
599 411 656 448 nen
675 402 715 449 est
734 394 928 459 indulcescit
946 394 1034 462 tutto,
1059 382 1200 457 falleret
1217 408 1281 447 mim
1300 393 1420 463 reliquis
1440 393 1529 463 sipnis
1549 393 1635 445 etiam
1663 394 1826 455 flammam
1851 408 1895 447 eo·

201 481 347 549 pristiam
362 482 442 535 lsomo
459 483 617 546 sacrasset,
637 481 716 536 dedit
736 482 842 549 indicii
859 488 1034 552 potestatem.
1061 480 1194 547 pullione.
1211 484 1234 536 3.
1248 481 1290 535 De
1309 486 1385 535 statu
1402 480 1596 536 exinanitionis
1616 495 1704 536 sermo
1725 486 1775 549 est,
1792 496 1850 536 non
1861 479 1896 534 de

200 565 333 623 Rabanns
352 568 381 622 in
399 567 500 625 Psalm.
520 574 566 625 85:
584 569 651 638 Ipse
669 569 809 623 uidebitur
825 568 968 634 torribilis,
987 569 1036 636 pei
1060 573 1135 622 statu
1155 567 1337 624 exaltationis.
1373 573 1395 623 1.
1425 565 1534 624 Nomen
1554 568 1644 622 Patris
1666 584 1723 623 uon
1747 567 1898 638 opponitur

199 657 277 710 eines
296 665 337 710 est
355 657 557 721 contemtibilis,
576 657 776 709 demonstrabit
795 657 825 709 in
844 656 959 725 p‘rtdioio
981 672 1033 724 po·
1060 652 1141 721 Filio,
1167 654 1216 726 qni
1237 661 1279 710 est
1298 656 1328 708 in
1345 656 1409 707 sinu
1429 655 1529 708 Petris
1546 654 1609 711 Joh.
1631 660 1654 723 1,
1672 671 1699 710 r.
1719 661 1759 711 18.
1778 664 1806 709 et
1822 657 1897 710 norit

200 744 321 811 tentiam,
340 744 390 811 qui
406 743 529 795 ostendit
541 742 571 795 in
586 758 667 796 cresce
685 743 860 811 patientiam.
887 740 1033 797 Caesarius
1060 742 1154 793 omnia
1172 740 1237 795 lah.
1257 746 1298 808 21,
1315 756 1341 794 v.
1364 743 1402 795 11.
1420 756 1472 795 nec
1492 741 1606 811 Spiritui
1624 747 1729 808 sancto,
1749 742 1798 812 qni
1815 758 1897 796 0000-

198 827 313 883 homilia
331 834 377 884 2⁷:
405 829 442 882 In
459 829 511 883 illo
531 843 649 898 corpore
662 829 755 898 judee
773 827 869 897 veniet,
889 829 966 897 puod
978 844 1033 895 pro
1058 833 1137 879 teusr
1150 827 1367 896 profunditates
1382 827 1441 880 Dei
1462 832 1483 882 1.
1496 826 1559 883 Cor.
1575 833 1599 895 2,
1619 843 1642 883 r.
1663 833 1701 882 to.
1720 828 1768 882 sed
1787 827 1896 899 angelis

199 923 294 969 nostre
314 915 406 968 seluto
424 923 590 985 misceptum,
608 932 662 984 pro
683 923 780 968 nostra
794 914 970 968 absolutione
984 929 1033 966 na·
1060 919 1087 968 et
1105 911 1272 982 hominibus,
1289 919 1322 967 ut
1336 913 1397 983 ipse
1416 918 1508 968 textus
1526 914 1653 969 ostendit.
1692 921 1714 969 b.
1739 914 1894 969 110ᾰοΡο-

197 1007 253 1053 tum
280 1008 307 1055 et
329 1019 387 1071 pra
412 1008 573 1055 nostrorum
595 1002 741 1054 uulnerum
764 1001 907 1054 medicina
932 1000 1032 1052 lancea
1058 1000 1108 1053 tris
1131 1016 1233 1055 nomen
1262 1001 1448 1054 essentialiter
1474 1001 1567 1072 potius
1594 1017 1677 1071 quam
1702 1001 1896 1070 personaliter

197 1076 337 1159 0100100οε
365 1092 501 1155 conlisum
527 1096 574 1142 est.
609 1087 802 1144 'theodoretus
828 1089 857 1142 iu
882 1087 983 1142 Psalm.
1003 1091 1032 1140 2:
1059 1085 1104 1139 hic
1122 1086 1263 1156 accipitur.
1290 1092 1313 1142 6.
1325 1084 1457 1156 Plerique
1475 1104 1507 1142 ex
1526 1086 1667 1142 veteribus
1685 1086 1802 1156 addunt,
1818 1087 1895 1141 Chri·

203 1176 235 1230 Ut
254 1178 341 1240 11000,
359 1176 578 1229 innatumlabct
596 1175 754 1244 imperium,
773 1175 902 1242 rttbomo,
921 1175 1032 1225 decreto
1058 1179 1130 1227 stum
1147 1173 1282 1244 profiteri,
1311 1172 1386 1242 quod
1404 1172 1514 1246 ignoret
1534 1173 1607 1228 diem
1631 1173 1744 1242 judicii,
1768 1191 1824 1226 non
1849 1191 1895 1227 ra·

71 1279 126 1325 m,
140 1283 185 1326 132,
199 1262 317 1331 accepit.
348 1262 483 1316 Alcuinus
501 1260 547 1316 lib.
568 1266 591 1316 3.
612 1248 646 1315 de
665 1260 808 1316 Trinit'c.
827 1265 866 1319 18.
885 1259 914 1314 in
932 1258 1032 1329 princ:
1059 1261 1131 1313 11000
1146 1276 1288 1328 pesonae
1305 1263 1357 1315 sed
1375 1262 1475 1325 officii,
1501 1260 1638 1330 quianon
1656 1266 1716 1314 erat
1735 1260 1845 1329 misera,
1864 1266 1895 1314 ut

200 1350 267 1418 lpse
285 1349 426 1403 Dominus
445 1351 481 1401 de
499 1356 646 1418 potestate,
664 1365 746 1416 qnam
766 1347 846 1400 babet
864 1362 898 1399 ee
917 1352 1032 1399 aeterrm
1058 1346 1193 1400 revelaret
1210 1363 1272 1400 eum
1291 1344 1449 1402 hominibus
1473 1347 1503 1400 in
1523 1363 1573 1401 suo
1592 1346 1757 1412 ministerio,
1784 1364 1843 1418 qna
1860 1347 1894 1402 de

200 1455 261 1489 aem
273 1436 369 1501 Patre,
390 1442 417 1489 et
431 1436 466 1488 sle
482 1443 628 1504 potestate,
645 1452 729 1504 quam
742 1434 850 1503 aceepit
862 1448 895 1486 ee
909 1441 1032 1501 tempere
1059 1433 1285 1503 interpretatione
1303 1432 1376 1487 inira
1393 1433 1502 1502 plenius
1519 1431 1693 1491 disseremus.
1723 1440 1748 1490 l.
1767 1433 1893 1488 Christus

198 1524 227 1575 in
242 1524 340 1587 forma
356 1523 439 1586 serm,
456 1521 498 1574 sie
517 1521 573 1578 ait:
600 1521 769 1575 sicutenim
789 1521 876 1574 Peter
894 1519 976 1573 lebet
992 1518 1032 1571 ei·
1058 1518 1138 1589 signs
1165 1519 1301 1589 judicium
1334 1519 1458 1589 proxime
1497 1525 1692 1591 antegressum
1725 1521 1893 1585 manifestat,

181 1632 183 1636 ¹
198 1616 255 1663 tem
274 1608 304 1662 in
321 1610 482 1678 semetipso,
504 1608 545 1661 sic
566 1609 646 1661 dedit
670 1615 697 1660 et
716 1607 794 1661 lilio
819 1606 904 1660 ritem
929 1606 1031 1659 labere
1058 1605 1167 1677 ipsique
1184 1606 1251 1660 data
1263 1611 1306 1660 est
1316 1611 1442 1675 potestas
1457 1604 1594 1676 judicium
1606 1605 1736 1675 faciendi,
1753 1606 1893 1678 quomodo

198 1696 228 1748 in
241 1696 397 1765 sanetipso,
416 1703 442 1748 et
455 1701 623 1764 potestatem
636 1693 715 1747 dedit
731 1694 758 1747 ei
776 1693 914 1761 indicium
927 1695 1032 1758 faeere,
1057 1691 1143 1763 igitur
1165 1691 1292 1748 absolute
1317 1698 1346 1747 et
1371 1691 1532 1762 simpliciter
1555 1700 1664 1762 tempus
1691 1692 1789 1761 indicii
1816 1692 1894 1764 igno·

198 1783 266 1850 quie
283 1781 377 1835 Filius
395 1781 515 1835 bominis
534 1788 579 1835 est.
610 1778 715 1834 denuit
731 1780 1032 1849 itaque-DeusPeter
1057 1779 1151 1833 rarat?
1187 1786 1210 1836 8.
1233 1778 1385 1850 Gregorius
1402 1780 1428 1833 d.
1447 1779 1465 1836 l.
1485 1779 1524 1833 sic
1541 1778 1731 1851 progreditur:
1760 1779 1894 1850 Qrsispuis

198 1869 306 1922 lilium
324 1869 411 1922 vitem
430 1876 456 1922 et
476 1875 641 1937 potestatem
660 1868 690 1920 in
710 1866 866 1936 semetipso
878 1866 1029 1919 labentem.
1059 1866 1248 1920 Nestorianus
1265 1880 1320 1920 non
1338 1872 1386 1937 cst,
1405 1867 1533 1935 Apnor'tla
1547 1883 1605 1920 esse
1619 1867 1781 1920 nullatenus
1792 1873 1893 1936 potest.

200 1956 289 2010 Dedit
303 1957 387 2009 etiem
396 1962 562 2025 potestatem
575 1955 665 2008 cidem
676 1953 754 2008 titio
769 1952 911 2022 judicium
922 1954 1030 2018 facere,
1059 1952 1119 2015 Qui
1134 1953 1226 2022 ipsam
1244 1952 1303 2007 Dei
1319 1953 1490 2023 sapientiam
1506 1955 1617 2019 fatetur
1629 1954 1818 2022 incarnatam,
1839 1968 1894 2023 pua

198 2044 249 2112 pul
270 2044 301 2097 in
323 2043 422 2108 forme
435 2042 522 2095 'semri
541 2043 637 2105 factio
664 2049 705 2094 est
731 2041 819 2097 bomo,
854 2039 976 2093 Thomas
1002 2039 1031 2091 in
1057 2047 1145 2094 mente
1165 2040 1239 2096 ualet
1257 2041 1359 2110 dicae,
1380 2055 1440 2094 esse
1452 2040 1573 2109 aliquid,
1592 2043 1669 2110 quod
1683 2042 1743 2094 Dei
1753 2040 1894 2109 sapientia
1908 2037 1951 2078 1ῐῖ

198 2146 287 2201 comp.
305 2128 389 2185 theol.
407 2134 486 2182 tract.
500 2132 522 2183 2.
536 2133 615 2184 etl:
637 2126 852 2197 eucopoteron
870 2125 1031 2194 judiciaria
1057 2126 1187 2195 ipnoretl
1222 2126 1366 2197 Scriptum
1388 2135 1435 2193 est,
1462 2127 1499 2180 In
1513 2127 1658 2196 principio
1680 2133 1742 2180 mat
1766 2125 1892 2194 Verbum

198 2218 240 2271 ad
250 2217 356 2270 curun
369 2215 568 2269 exaltationem
580 2215 712 2283 pertinet,
731 2211 1030 2267 meutdresurra'ctio·
1057 2213 1151 2266 omnia
1170 2228 1227 2283 per
1256 2213 1348 2282 ipsum
1372 2215 1456 2279 seete
1484 2221 1555 2269 stlat.
1593 2213 1628 2268 Si
1655 2214 1764 2277 omnia,
1790 2213 1893 2282 procia

197 2303 242 2356 nis
260 2303 369 2371 plorie,
396 2302 460 2356 ideo
479 2298 607 2356 Christus
627 2301 658 2354 in
677 2300 790 2370 judicio
808 2298 960 2368 apparebit
977 2315 1030 2352 non
1058 2299 1142 2352 dubio
1166 2299 1251 2352 etiam
1275 2298 1337 2353 dies
1359 2300 1472 2368 judicii
1494 2308 1520 2353 et
1544 2301 1622 2355 bora.
1661 2301 1728 2363 Qttis
1757 2317 1826 2368 erpo
1852 2301 1893 2354 ite

197 2390 227 2443 in
245 2389 415 2454 bumilitate,
436 2405 508 2458 putee
528 2387 688 2458 pertinebat
707 2386 749 2440 ad
763 2388 908 2450 meritum,
932 2385 1031 2439 sedin
1058 2387 1189 2456 desipiat,
1206 2395 1238 2441 nt
1258 2387 1352 2441 dicere
1366 2395 1542 2456 praesumet,
1568 2389 1635 2456 pule
1657 2387 1776 2441 Verbum
1794 2387 1893 2441 Petris

195 2471 293 2541 ¹ferina
316 2475 444 2544 ploriose
467 2477 509 2528 ad
525 2475 686 2544 praemium
708 2474 870 2543 pertinente.
905 2470 948 2525 Ex
968 2470 1031 2527 Cal·
1050 2473 1139 2543 fecit,
1167 2477 1243 2543 quod
1263 2475 1394 2545 ipnorati
1430 2474 1573 2544 Scriptum
1605 2482 1660 2539 est,
1689 2475 1779 2530 sciens
1798 2476 1892 2541 Jecur,

197 2560 315 2616 vinianis
333 2561 449 2617 Tilenus
467 2566 537 2633 part.
557 2566 580 2617 2.
602 2560 702 2633 disput.
721 2565 762 2617 6¹1.
779 2560 849 2616 thes.
870 2566 899 2615 s:
928 2559 1031 2613 Aucto·
1058 2562 1125 2630 prtia
1150 2560 1245 2616 omnia
1270 2563 1349 2616 dedit
1372 2563 1400 2615 ei
1423 2562 1512 2616 Peter
1540 2562 1569 2615 in
1598 2579 1691 2617 manu.
1728 2562 1763 2616 Si
1792 2563 1894 2628 omnio,

197 2649 270 2704 ritas
288 2647 343 2703 uus
360 2664 394 2703 ee
414 2656 541 2719 potestas
561 2646 733 2717 judiciarie,
759 2664 831 2718 puae
856 2654 896 2701 esl
919 2648 950 2700 in
966 2646 1031 2701 Deo
1053 2647 1187 2719 prefecto
1209 2655 1237 2702 et
1255 2649 1330 2703 diem
1348 2647 1459 2718 judicii
1479 2657 1505 2704 el
1523 2649 1629 2703 boram.
1668 2649 1741 2717 Quis,
1760 2665 1827 2719 erpo
1852 2650 1894 2703 ite

192 2754 247 2808 per
266 2744 406 2801 naturam,
425 2736 455 2789 in
471 2735 589 2806 Obside,
607 2753 664 2805 pua
681 2729 762 2790 bomo
776 2741 825 2799 est,
840 2750 896 2805 per
909 2736 1032 2804 pretinm
1057 2733 1159 2788 stultns
1176 2742 1224 2800 est,
1248 2742 1279 2788 ut
1299 2735 1386 2804 dicet,
1412 2736 1480 2805 prtia
1504 2736 1614 2805 accepit
1633 2735 1728 2790 Filius
1748 2735 1778 2788 in
1803 2735 1894 2789 meni·

197 2822 317 2894 (unionis
336 2827 364 2879 et
383 2822 577 2890 exaltationis).
597 2820 635 2875 th.
655 2828 685 2878 6:
712 2822 772 2876 Nec
786 2821 932 2891 judicabit
952 2819 1030 2874 Clrl·
1058 2822 1120 2891 bns,
1144 2823 1223 2893 qnod
1239 2822 1344 2878 nescit!
1378 2821 1484 2877 Eodem
1504 2822 1562 2877 fere
1578 2822 1662 2878 modo
1681 2820 1844 2878 Ambrosius
1864 2821 1894 2877 in

196 2920 254 2966 stus
271 2919 301 2964 ut
321 2910 414 2980 judee
431 2909 584 2976 delepetus,
606 2910 659 2963 sed
676 2909 788 2962 omnino
805 2916 835 2961 nt
848 2907 1031 2979 principalis,
1057 2925 1153 2964 comm.
1173 2925 1195 2966 c.
1218 2914 1256 2964 ll.
1279 2909 1361 2965 Luc:
1396 2910 1540 2972 Quomodo
1559 2926 1614 2963 non
1640 2909 1719 2963 dedit
1736 2911 1825 2963 Pater
1848 2926 1893 2962 co·

196 2998 264 3068 prtia
280 2993 474 3071 θεᾶνθρωπος.
1055 2996 1205 3063 pnitionem
1226 2997 1361 3066 temperis
1382 2995 1475 3061 Filio,
1504 2996 1551 3050 etti
1569 2997 1649 3050 dedit
1668 2997 1759 3066 ipsius
1782 2995 1894 3066 jiulicii

231 3088 271 3140 31.
307 3080 479 3136 Damnamus
511 3081 597 3153 igitur
624 3081 779 3149 Apostles,
813 3081 861 3152 qui
890 3078 1030 3135 Christum
1053 3084 1243 3151 potestatem?
1271 3085 1409 3152 quamodo
1431 3082 1525 3136 Filius
1551 3081 1658 3136 nescire
1679 3088 1788 3152 potest,
1815 3085 1894 3151 pueri

196 3170 269 3225 diem
290 3167 390 3241 judicii
412 3168 541 3241 ignorare
566 3167 712 3224 docebant.
746 3165 811 3223 Duo
837 3171 929 3221 antem
951 3165 1030 3220 fuere
1056 3169 1145 3222 Pater
1168 3168 1259 3236 vstertit,
1282 3187 1344 3223 cum
1369 3171 1397 3223 in
1415 3169 1504 3223 Patre
1527 3169 1564 3221 sit
1581 3168 1690 3234 Filius,
1716 3176 1743 3222 et
1767 3166 1892 3240 Spiritu

196 3257 387 3328 Agnolitarum
406 3271 517 3327 genera,
535 3254 647 3326 qnidam
665 3252 830 3310 dicebantur
848 3253 1029 3307 Pltlsartela·
1055 3261 1195 3309 scrutetur
1214 3255 1298 3309 etiam
1317 3256 1379 3310 alte
1397 3254 1470 3323 Dei,
1495 3271 1556 3309 eum
1576 3254 1638 3324 ipse
1654 3255 1750 3309 Filius
1767 3255 1805 3308 sit
1824 3255 1891 3309 alti-

195 3352 271 3411 tree,
295 3341 343 3413 qui
363 3358 419 3397 non
440 3340 591 3410 divinitati,
615 3340 663 3397 sed
689 3341 800 3394 animae
820 3339 928 3394 Christi
950 3339 1028 3411 igno·
1055 3343 1123 3395 tetdo
1148 3341 1309 3395 divitiarum
1326 3341 1484 3412 supientiae
1507 3350 1533 3395 et
1557 3340 1691 3395 scientiae
1709 3341 1768 3394 Dei
1775 3343 1789 3394 l
1824 3341 1891 3394 Ma·

195 3428 312 3485 tantiam
330 3428 497 3484 novissimae
516 3425 571 3483 diei
588 3425 755 3497 tribuebant,
774 3427 810 3482 de
828 3426 881 3481 illis
901 3424 961 3498 agit
980 3425 1028 3482 Ni·
1054 3427 1098 3499 pis
1115 3443 1181 3499 erpo
1203 3429 1308 3484 dictum
1320 3429 1371 3484 loc
1387 3430 1538 3483 seeundum
1553 3428 1660 3483 lilium
1677 3425 1891 3482 10001οἰ0000ίί-

194 3514 330 3586 ecphorae
358 3514 406 3573 lib.
432 3520 470 3570 ts.
496 3514 592 3569 histor,
626 3515 720 3569 eccles.
745 3530 769 3568 c.
794 3518 840 3570 5⁰:
875 3515 1029 3584 Apnoitae,
1056 3529 1166 3581 memus,
1193 3516 1261 3586 poia
1280 3524 1433 3586 temporum
1451 3519 1535 3583 finem
1552 3533 1607 3570 non
1621 3516 1677 3587 per
1692 3523 1825 3569 naturam
1843 3515 1892 3569 lto·

195 3602 245 3672 pul
263 3610 288 3656 et
309 3603 451 3658 Severitae
472 3602 580 3665 docent,
600 3602 693 3655 Deum
710 3600 822 3670 quidem
839 3597 954 3654 Verbum
971 3617 1027 3655 om·
1055 3602 1146 3668 minis,
1162 3604 1214 3657 sed
1231 3617 1285 3673 per
1304 3611 1435 3659 ueterem
1453 3599 1513 3657 Dei
1530 3603 1614 3657 neoit.

195 3690 246 3743 nia
271 3707 366 3753 nosse,
388 3689 589 3743 inmanitatem
611 3705 677 3743 aero
702 3689 855 3742 seasndum
881 3686 1027 3742 adsisten-
1090 3695 1130 3745 32.
1167 3688 1296 3745 Ceterum
1314 3708 1347 3746 ex
1366 3707 1407 3758 eo,
1427 3690 1504 3762 quod
1524 3687 1650 3744 Christus
1668 3704 1723 3745 non
1742 3688 1832 3745 solum
1850 3705 1891 3744 se·

195 3776 263 3829 tiam
292 3777 319 3834 ei
348 3775 457 3829 sardam
482 3773 627 3846 permulta
652 3771 800 3845 ipsoram,
831 3774 937 3829 nescire
960 3792 1027 3828 sane
1055 3778 1176 3832 eundum
1195 3776 1318 3833 divinam
1336 3776 1385 3833 sed
1404 3777 1489 3833 etiam
1508 3776 1661 3832 secundnm
1678 3776 1828 3851 humanam
1842 3792 1891 3831 ne·

193 3864 295 3917 lteram
313 3867 338 3916 el
357 3862 432 3915 diem
448 3860 548 3915 mundi
563 3861 648 3915 totius
662 3858 915 3928 consummationis,
933 3868 1028 3933 utpote
1054 3868 1144 3919 turam
1169 3863 1257 3935 judex
1281 3863 1317 3918 sit
1340 3864 1465 3925 futurus,
1492 3866 1699 3939 πορισματικῶς
1725 3858 1891 3935 colligimus,

185 3949 283 4016 ¹Patre
301 3947 443 4001 minorem.
478 3944 597 4012 Quidam
613 3960 678 4002 vero
703 3946 768 4018 ipsi*
783 3948 929 4002 dioinitmi
952 3947 1028 4003 illam
1055 3948 1194 4005 Christum
1216 3951 1367 4006 secundnm
1380 3951 1529 4006 humanam
1541 3956 1668 4006 naturam
1684 3965 1743 4005 csse
1763 3954 1785 4006 1.
1804 3949 1891 4004 omni·

194 4035 381 4106 ignorantiam
410 4032 584 4103 tribuebant,
613 4033 649 4089 de
677 4032 779 4106 quibus
808 4033 868 4106 agit
895 4032 1028 4090 Rabanns
1054 4039 1150 4093 scium.
1184 4034 1255 4093 Cum
1275 4038 1348 4092 enim
1367 4053 1424 4093 non
1447 4037 1537 4093 solum
1556 4037 1590 4092 de
1609 4037 1737 4108 operibus
1761 4037 1893 4107 externis,

194 4120 265 4177 libro
284 4126 308 4176 2.
335 4121 369 4175 de
385 4112 503 4176 institut.
524 4119 647 4175 clericor.
672 4137 732 4190 cap.
757 4120 845 4202 ultim.
881 4121 1028 4192 Urgebant
1055 4125 1104 4179 sed
1123 4124 1206 4180 etiam
1224 4124 1259 4179 de
1276 4124 1495 4196 cogitationibus
1513 4123 1626 4178 internis
1643 4123 1782 4195 judicium
1800 4117 1891 4178 sitin-

195 4206 305 4279 utriqne
324 4207 430 4261 dictum
451 4205 561 4271 Christi,
582 4203 665 4261 Marc.
688 4208 729 4274 13,
741 4225 767 4260 r.
781 4210 826 4262 32:
844 4207 890 4261 De
910 4208 955 4262 die
974 4208 1029 4263 ille
1056 4210 1233 4275 stituendnm,
1265 4210 1389 4282 adeoquo
1409 4210 1574 4265 abscondita
1591 4211 1767 4264 tenebrarum
1785 4204 1892 4265 illumi·

194 4312 274 4349 nemo
284 4293 419 4353 00011οι0.
442 4289 661 4364 Respondemus:
686 4297 708 4349 1.
721 4290 1028 4366 Nonagiturdedirina
1055 4301 1153 4353 nenda
1170 4306 1196 4353 et
1215 4298 1343 4353 cordium
1360 4295 1542 4368 capitationes
1555 4298 1781 4359 manifestandae
1793 4301 1816 4353 1.
1826 4298 1890 4355 Cor.

194 4377 296 4436 Christi
316 4386 425 4445 natura,
443 4379 492 4436 scd
512 4377 546 4434 de
565 4378 694 4434 humana.
721 4379 843 4451 Cyrillus
863 4379 910 4436 lib.
931 4387 955 4439 9.
968 4384 1027 4439 the·
1055 4394 1080 4459 4,
1102 4405 1128 4440 r.
1153 4390 1176 4443 5.
1204 4384 1301 4457 ntique
1330 4385 1359 4439 iu
1384 4376 1478 4440 futuro
1503 4383 1599 4456 jndice
1625 4384 1775 4456 requiritur
1804 4385 1891 4441 omui-

194 4466 268 4522 sanri
287 4474 347 4537 cap.
365 4473 394 4524 4:
430 4466 549 4535 Ipnoret
573 4466 604 4519 nl
629 4466 717 4539 bomo.
753 4464 943 4524 Nazianzenus
967 4486 1026 4527 ora·
1054 4471 1177 4527 scientia.
1212 4467 1282 4525 Eam
1305 4486 1371 4526 vero
1396 4469 1507 4525 Christo
1536 4475 1568 4525 nt
1593 4469 1697 4526 homini
1724 4475 1890 4543 competere,

192 4553 259 4608 tion.
280 4557 325 4609 36:
357 4550 503 4623 γιγνώσκει
522 4548 589 4615 01ςὸ
607 4547 679 4622 θεός,
703 4548 818 4624 ἀγνοεῖν
836 4557 870 4609 bi
885 4572 972 4627 φησιν
991 4554 1027 4621 ὥς
1054 4575 1110 4614 non
1131 4557 1220 4613 solnm
1240 4575 1273 4612 ex
1293 4572 1405 4612 munere
1426 4555 1582 4628 judiciario,
1606 4557 1756 4613 sedetiam
1776 4574 1810 4612 ex
1827 4544 1889 4614 aliis

145 4686 153 4703 ,
194 4634 352 4719 ἄνθρωπος.
387 4644 411 4694 2.
435 4637 472 4717 Et
489 4638 601 4713 quidem
624 4638 799 4696 considerata
826 4640 854 4695 in
875 4643 1024 4698 essentiali·
1053 4640 1225 4701 documentis
1243 4643 1272 4698 in
1291 4643 1382 4698 medio
1401 4642 1594 4701 exinanitionis
1614 4649 1688 4700 statu
1708 4643 1788 4700 editis
1802 4663 1888 4717 eppa·

194 4725 246 4780 bns
265 4722 322 4779 suis
339 4723 498 4797 principiis,
519 4744 575 4783 non
594 4732 687 4783 autem
706 4730 842 4800 quatenus
866 4725 936 4784 aab*
955 4726 1026 4784 ὑπό·
1051 4736 1100 4788 ret.
1120 4719 1185 4786 Joh.
1198 4735 1222 4797 2,
1232 4747 1258 4799 r.¹
1267 4736 1313 4787 25:
1334 4731 1400 4784 Non
1421 4738 1482 4784 erat
1501 4731 1528 4785 ei
1547 4750 1624 4802 opus,
1645 4738 1675 4784 ut
1687 4731 1751 4801 puis
1766 4733 1903 4786 testimo·

193 4829 289 4869 meets
309 4806 388 4866 nnita
404 4818 447 4868 est
464 4812 518 4883 ipsi
535 4811 608 4885 λόγῳ
627 4811 767 4871 omniscio.
803 4811 956 4887 Gregorius
976 4815 1024 4871 lib.
1052 4819 1128 4872 nium
1145 4816 1306 4887 perbiberet
1326 4818 1362 4870 de
1381 4816 1499 4887 homine,
1518 4819 1577 4888 ipse
1596 4818 1671 4877 enim¹
1685 4816 1798 4887 sciebat,
1817 4820 1890 4889 quid

193 4904 218 4958 8.
239 4896 317 4971 epist.
337 4900 379 4969 42.
404 4896 479 4953 circa
502 4897 585 4954 med:
616 4897 787 4955 lacernatus
813 4899 971 4971 unipenitus
994 4903 1025 4975 in
1053 4912 1122 4958 essct
1140 4903 1170 4956 in
1188 4902 1305 4959 homine.
1341 4901 1441 4957 Matth.
1464 4909 1488 4969 9,
1508 4922 1533 4957 v.
1554 4910 1577 4962 2.
1597 4903 1674 4958 ridet
1691 4904 1720 4958 in
1740 4906 1825 4958 carde
1847 4905 1888 4960 la·

193 4988 297 5039 nature
321 4984 433 5054 quidem
455 4982 638 5053 inmanitatis
666 4986 744 5041 nouit
771 4986 845 5043 diem
867 4995 899 5061 ¹et
925 4986 1024 5043 lteram
1052 4997 1151 5044 tentem
1174 4988 1263 5058 fidem
1286 4987 1447 5058 bajulorum
1472 4997 1498 5043 el
1514 4989 1688 5060 paralytici,
1714 5009 1741 5047 v.
1760 4998 1785 5048 4.
1812 4991 1889 5049 vien

192 5069 304 5139 iudicii,
326 5062 378 5125 sed
393 5077 486 5123 tamen
503 5067 575 5139 iuna
592 5088 648 5151 nen
669 5089 702 5126 ea
719 5072 824 5129 natura
843 5070 1025 5130 inmanitatis
1052 5075 1236 5146 capitationes
1263 5064 1428 5130 scribarum.
1470 5075 1537 5134 boh.
1561 5083 1601 5147 16,
1626 5094 1652 5132 r.
1680 5082 1718 5133 19.
1747 5077 1890 5148 capnoseil

194 5157 279 5226 norit,
297 5157 375 5229 quod
390 5172 456 5224 erpo
474 5155 504 5210 in
518 5156 583 5226 ipsa
598 5159 683 5228 norit,
701 5176 758 5214 non
768 5176 803 5215 ee
815 5159 879 5233 ipsa
888 5146 1023 5237 00011010.
1052 5162 1168 5217 interius
1188 5162 1382 5233 apostolorum
1402 5164 1594 5235 propositum,
1621 5167 1699 5234 qnod
1715 5164 1802 5218 uelint
1826 5182 1888 5219 enm

192 5237 382 5299 Damascenus
405 5238 453 5299 lib.
477 5246 501 5300 3.
528 5239 672 5305 orthodox„
695 5238 743 5319 fid,
769 5264 792 5303 c.
809 5252 859 5323 ¹21:
890 5245 1025 5305 Humana
1052 5251 1235 5318 interrepere.
1254 5244 1278 5308 c'.
1298 5253 1341 5319 21,
1358 5269 1382 5304 r.
1406 5254 1445 5308 17.
1463 5250 1538 5305 neot't
1557 5240 1658 5306 omnia.
1690 5248 1750 5307 Col.
1772 5257 1800 5323 2,
1814 5267 1841 5306 v.
1862 5256 1888 5309 3.

192 5337 297 5384 natura
316 5330 538 5386 substantialiter
556 5349 612 5386 non
631 5333 735 5388 obtinet
750 5328 914 5400 futurorum
932 5336 1026 5406 copni·
1051 5337 1081 5391 in
1098 5335 1159 5407 ipso
1180 5351 1273 5391 omnes
1291 5338 1418 5393 thesauri
1433 5337 1590 5408 sapientiae
1605 5345 1631 5392 ct
1645 5335 1779 5393 scientiae
1790 5354 1888 5394 recon-

192 5414 309 5483 tionem,
336 5417 455 5497 Domini
479 5425 569 5474 antem
595 5420 692 5474 anima
717 5430 837 5491 propter
864 5419 956 5491 ipsam
985 5425 1026 5477 ad
1052 5423 1108 5478 diti
1132 5421 1269 5480 dicuntur.
1305 5429 1345 5482 At
1369 5425 1392 5479 si
1416 5425 1445 5478 in
1470 5422 1561 5481 medio
1589 5423 1783 5482 exinanitionis
1811 5429 1888 5482 statu
1919 5451 1924 5459 ·
