4050 6014
783 280 833 335 nit
850 278 1034 337 EXTREMO
1053 280 1216 342 JUltlcto.
1397 357 1401 365 Ι
1830 303 1849 358 3

148 433 204 505 logi
226 432 342 489 obnoxii
359 440 437 504 sunt,
463 440 513 490 aut
531 435 674 507 evangelio
693 453 749 492 non
767 437 900 508 credunt,
924 454 988 494 con·
1011 439 1148 509 judicium
1171 456 1227 495 non
1251 445 1294 494 est
1313 433 1416 516 ἔεργον
1442 447 1471 496 et
1496 442 1632 507 otiosum,
1661 443 1710 498 sed
1732 460 1849 515 quornm

150 519 368 587 demnabuntnr3
394 520 441 592 qui
461 538 526 577 vero
544 521 682 577 Christum
702 541 752 593 per
777 523 859 578 fidem
886 525 987 595 ample·
1015 542 1126 580 cansam
1145 525 1305 595 cognoscit,
1331 526 1384 579 illis
1408 527 1491 581 etiam
1513 546 1564 598 pro
1591 545 1691 585 causae
1718 530 1851 601 qualitate

149 607 205 661 xati
223 607 327 661 fuerint
347 624 379 661 ac
397 607 471 663 bona
489 609 614 678 feceriut,
639 611 717 680 regni
737 611 864 666 coelestis
881 611 988 665 beredi-
1014 612 1138 681 praemia
1159 612 1203 665 vel
1224 629 1329 682 poenas
1351 613 1497 669 distribuit.
1535 621 1558 672 3.
1577 616 1702 670 Eosdem
1721 635 1754 670 ec
1772 619 1851 682 infir·

148 699 235 748 tatem
260 693 436 751 obtinebunt.
476 695 531 748 Sed
562 695 585 748 si
612 696 744 749 distincta
765 697 865 765 judicii
892 714 990 753 norma
1015 700 1111 751 mitotc
1132 708 1282 768 peccantes
1306 707 1427 767 paterne
1452 701 1629 765 costiqondo.
1673 709 1694 759 1.
1719 703 1782 760 Cor.
1811 708 1851 774 11,

149 779 236 834 efficit
245 780 375 835 distincta
386 779 555 849 judiciorum
572 798 683 852 genera,
702 783 829 836 ultimum
840 784 988 853 judicium,
1016 800 1039 836 r.
1052 789 1099 839 32:
1120 786 1189 838 Cum
1198 786 1370 854 judicamur,
1384 804 1402 838 a
1415 787 1538 840 Domino
1548 789 1726 856 corripimur.
1751 796 1760 845 1
1775 790 1850 847 Patr.

149 866 224 936 quod
254 866 424 921 diversorum
452 867 625 937 objectorum
657 875 785 938 respectu
812 888 844 924 ex
870 871 932 941 lege
961 878 989 924 et
1016 875 1040 935 4,
1060 887 1085 923 v.
1108 875 1137 924 11
1146 886 1153 924 :
1171 871 1319 924 „indiciam
1339 874 1439 941 incipit
1457 892 1475 924 a
1497 875 1579 927 domo
1594 876 1719 929 Domini.
1748 885 1772 934 4.
1794 878 1851 931 Im·

148 951 294 1023 evangelio
310 952 478 1021 instituetur,
499 953 600 1023 duplex
619 955 703 1008 etiam
724 963 784 1010 erat
801 957 986 1010 statuendum.
1012 957 1076 1023 pios
1095 957 1124 1008 in
1145 957 1191 1010 ira
1207 959 1353 1025 poenienda
1374 965 1402 1012 et
1421 958 1569 1012 vindictam
1590 962 1624 1015 de
1637 960 1691 1015 illis
1708 962 1850 1019 sumendo.

148 1040 230 1092 Adde
257 1039 332 1110 quod
357 1039 429 1092 inni
452 1038 541 1110 legem
567 1041 720 1095 naturalem
748 1050 775 1098 et
801 1043 931 1097 moralem
960 1042 988 1095 in
1015 1040 1084 1096 Gen.
1110 1049 1148 1110 15,
1168 1060 1194 1096 v.
1212 1048 1254 1097 14:
1278 1044 1403 1112 Gentem,
1424 1047 1471 1098 cui
1487 1048 1617 1115 esurient,
1636 1065 1686 1112 eqo
1700 1049 1850 1118 judicabo,

148 1127 283 1198 decalogo
311 1126 481 1196 propositam
508 1142 562 1181 non
591 1128 627 1180 sit
656 1128 731 1181 reale
754 1130 866 1200 aliquod
891 1129 988 1182 discri-
1015 1127 1042 1179 id
1076 1135 1118 1181 est
1147 1129 1315 1199 gravissimis
1341 1130 1438 1203 plagis
1471 1132 1499 1185 in
1537 1150 1584 1188 eos
1624 1134 1850 1190 animadvertam.

148 1214 231 1280 men.)
265 1211 334 1267 Post
353 1219 504 1266 extremum
525 1212 593 1265 illud
616 1212 754 1282 judicium
779 1215 886 1269 nullum
911 1213 987 1269 aliud
1016 1216 1039 1266 2.
1060 1212 1181 1283 Paralip.
1203 1220 1243 1278 20,
1263 1233 1289 1273 v.
1314 1222 1357 1272 12:
1384 1219 1463 1270 Dens
1481 1226 1575 1270 noster
1593 1236 1683 1273 nonne
1707 1221 1851 1287 judicetis

147 1297 346 1352 instituendum
369 1306 410 1353 est
428 1299 471 1352 vel
491 1300 723 1368 exspectandum,
754 1301 819 1371 quia
846 1301 989 1354 definitiva
1016 1301 1367 1369 testamentario:
1393 1303 1481 1371 Usque
1501 1322 1564 1372 quo,
1586 1307 1716 1373 Domine,
1735 1327 1789 1362 non
1801 1309 1851 1377 ju·

147 1386 207 1439 eius
227 1385 441 1440 sententiatum
461 1401 511 1454 pro
531 1385 584 1455 piis
603 1392 664 1439 tum
685 1393 784 1441 contra
808 1387 908 1457 impios
932 1387 989 1440 lata
1015 1386 1096 1439 dicas
1117 1395 1142 1439 et
1164 1390 1299 1441 sandices
1325 1392 1489 1456 sanyrrinem
1516 1399 1640 1444 nostrum
1663 1394 1698 1444 de
1725 1395 1775 1459 iis,
1803 1396 1854 1463 qui

147 1471 241 1525 statim
268 1471 438 1526 exsecutioni
468 1471 659 1537 mandabitur,
689 1490 779 1543 neque
806 1490 927 1544 uuquam
960 1474 987 1526 in
1014 1470 1142 1523 habitant
1167 1491 1253 1542 super
1279 1481 1403 1529 terrant
1438 1483 1463 1533 5.
1490 1477 1590 1530 Totum
1613 1479 1665 1531 boc
1692 1480 1850 1533 universum

148 1574 256 1613 omnem
276 1559 468 1612 aeternitatem
486 1556 690 1611 retractabitur.
1015 1557 1196 1624 pubcrnunrio
1222 1568 1247 1612 et
1276 1561 1397 1629 singuiis
1420 1563 1482 1630 ejus
1503 1565 1634 1632 partibus
1660 1567 1851 1619 convenientia

10 1648 134 1725 :sopor
182 1651 207 1700 4,
244 1648 267 1698 2,
285 1641 456 1718 Ὁμωνυμία.
471 1644 546 1698 hebr.
566 1635 635 1716 ΰὲῑὶξ
656 1662 689 1699 ae
704 1647 760 1710 111,
779 1651 893 1719 κρίνειν,
905 1646 987 1710 judi·
1014 1644 1110 1695 munia
1135 1645 1338 1698 distribuendo.
1375 1646 1445 1701 Gen.
1471 1653 1511 1716 18,
1536 1655 1627 1704 [251
1658 1650 1714 1712 Qui
1737 1651 1851 1718 ineditae

10 1727 114 1794 νυμία·
148 1747 222 1794 core,
243 1736 272 1785 et
289 1718 400 1806 l'ltjllill,
421 1748 454 1784 ao
473 1733 528 1799 ΤἾ,
547 1739 644 1804 κρίσις,
660 1732 811 1798 judicium,
831 1731 915 1784 variis
931 1748 986 1784 mo·
1013 1730 1173 1782 universnm
1191 1741 1304 1799 terram,
1323 1751 1360 1784 un
1382 1752 1436 1787 non
1448 1734 1546 1801 socies
1565 1737 1725 1803 judicium.²
1751 1737 1850 1795 Psalm.

150 1816 192 1871 dis
212 1816 241 1870 in
260 1815 411 1887 Scripturis
431 1817 610 1886 accipiuntur.
647 1816 821 1871 Tribuuntnr
847 1818 919 1871 enim
941 1818 986 1885 ju·
1014 1821 1055 1880 et,
1073 1833 1097 1869 v.
1117 1821 1147 1870 2:
1177 1819 1316 1871 Eooltcre
1337 1821 1387 1886 qui
1399 1821 1518 1887 judicos
1536 1829 1652 1876 terram.
1687 1823 1791 1879 Psalm.
1809 1827 1851 1889 96,

150 1901 260 1958 dicandi
288 1911 382 1972 partes
411 1908 433 1957 1.
458 1905 522 1956 Deo
541 1904 677 1970 creatori,
704 1901 929 1977 αὐτοκρατορικῷ
954 1918 986 1955 ae
1013 1918 1038 1955 v.
1062 1908 1105 1956 tt:
1134 1903 1285 1956 Judicobit
1314 1907 1406 1957 orbem
1433 1915 1574 1959 terrorum
1601 1909 1629 1961 in
1654 1911 1795 1977 acquitate
1825 1919 1851 1964 et

149 2006 258 2045 summo
279 1991 401 2045 omnium
417 1989 516 2059 judici,
536 1988 583 2058 qni
603 1989 656 2044 hoo
675 1990 785 2045 nomine
806 1991 921 2044 Elobim
940 2004 985 2043 vo·
1010 1990 1133 2058 populos
1152 1991 1181 2042 in
1200 1991 1326 2045 ueritate.
1362 1996 1387 2047 6.
1413 1993 1470 2046 Per
1495 1995 1606 2046 umbram
1629 1995 1699 2062 lepis
1726 1998 1851 2050 homines

148 2083 242 2143 catur3
269 2082 292 2131 2.
318 2077 459 2129 creaturis
481 2076 673 2130 rationalibus
696 2077 731 2130 ad
750 2076 895 2147 judicandi
923 2074 985 2128 snb·
1013 2077 1168 2141 oryucndo.
1195 2075 1266 2131 Gen.
1284 2083 1308 2142 6,
1328 2095 1353 2132 v.
1373 2083 1403 2133 3:
1422 2081 1488 2132 Non
1505 2081 1646 2148 judicabit
1666 2082 1723 2136 sive
1738 2088 1851 2138 conten·

148 2163 234 2226 sellia,
255 2162 350 2218 divino
367 2168 459 2217 temen
476 2161 610 2217 tribunali
628 2162 759 2218 inferiora
776 2163 894 2216 erectis..
922 2163 985 2214 Deo
1012 2162 1060 2215 dot
1078 2164 1197 2231 spiritus
1217 2181 1293 2216 nicus
1309 2181 1369 2217 cnm
1379 2166 1489 2219 bomine
1496 2176 1644 2238 perpetuo.
1670 2167 1734 2221 Esa.
1746 2175 1769 2236 2,
1781 2186 1805 2224 v.
1821 2175 1851 2224 ³:

149 2250 309 2320 assignatur
321 2249 460 2319 judicium
480 2258 537 2302 tum
556 2251 745 2314 communiter,
765 2249 877 2319 qnando
891 2265 986 2303 omnes
1016 2249 1060 2299 Dc
1082 2248 1151 2302 Sion
1169 2250 1254 2303 ecidit
1279 2252 1323 2304 len
1347 2259 1373 2305 et
1396 2253 1508 2305 rubum
1531 2254 1649 2306 Domini
1673 2256 1708 2307 cle
1728 2254 1851 2308 Jerusa-

149 2345 205 2392 tres
225 2352 359 2405 personae
378 2335 497 2391 Deitatis
512 2336 639 2406 judicare
659 2336 802 2401 dicuntur,
826 2354 888 2390 cnm
913 2334 985 2408 judi·
1012 2333 1075 2399 lem,
1093 2353 1118 2390 r.
1137 2343 1161 2390 1.
1179 2345 1206 2388 et
1224 2338 1372 2404 judicabit
1390 2339 1463 2391 inter
1483 2349 1576 2406 pentes
1595 2349 1620 2392 ct
1641 2350 1741 2410 orpuet
1761 2358 1851 2412 popu·

149 2424 222 2476 cium
241 2424 279 2476 sit
296 2439 367 2491 opus
387 2423 422 2477 ad
440 2430 530 2491 extra,
556 2439 589 2476 ac
610 2422 726 2492 proinde
745 2422 906 2487 indivisum,
929 2422 986 2474 sive
1014 2421 1057 2474 los
1075 2422 1183 2475 maritos.
1221 2428 1244 2478 1.
1271 2424 1461 2493 Μαρὶειναιιιε
1484 2426 1652 2478 instituendo
1675 2443 1708 2480 ac
1732 2444 1781 2497 por
1804 2442 1851 2482 eos

150 2508 278 2563 omnibns
298 2509 385 2563 tribus
406 2509 530 2579 personis
549 2524 707 2574 commune,
734 2516 792 2562 tum
812 2507 987 2578 peculiariter
1011 2506 1149 2575 judicium
1167 2509 1311 2577 politicum
1336 2510 1499 2565 exercendo.
1537 2516 1559 2566 2.
1580 2512 1699 2578 Paralip.
1721 2518 1760 2581 19,
1778 2531 1803 2567 v.
1823 2518 1851 2568 6:

150 2597 249 2662 Patri,
275 2596 353 2649 Filio
374 2604 400 2649 et
418 2595 543 2664 Spiritui
560 2604 665 2649 sancto.
700 2594 849 2649 Creaturac
868 2594 986 2649 rationa—
1015 2594 1080 2646 Non
1099 2595 1208 2647 bomini
1216 2596 1359 2663 judicatis
1377 2597 1429 2649 sod
1443 2598 1575 2663 Domino,
1595 2599 1645 2666 qui
1658 2607 1698 2651 est
1712 2600 1851 2652 vobmcum

149 2684 198 2746 les,
217 2680 318 2752 quibus
335 2681 469 2751 judicium
489 2679 629 2747 tribuitur,
651 2689 715 2734 suut
732 2681 829 2746 ampeli
845 2686 904 2733 tum
923 2682 988 2734 boni
1015 2681 1180 2748 injudicio.
1216 2681 1316 2736 Psalm.
1338 2688 1379 2750 62,
1399 2700 1425 2740 v.
1448 2687 1474 2736 1:
1502 2685 1582 2735 Deus
1600 2692 1658 2736 stat
1682 2685 1713 2737 in
1739 2702 1852 2753 conpre-

149 2778 208 2824 tum
226 2769 310 2832 maii3
329 2773 358 2821 et
375 2768 499 2820 homines
518 2771 577 2819 tum
595 2767 711 2834 publici,
729 2766 756 2820 id
774 2767 859 2819 estin
876 2765 986 2835 publico
1014 2768 1127 2834 parione
1149 2768 1220 2833 Dei,
1248 2768 1277 2820 in
1301 2770 1394 2820 medio
1421 2768 1536 2822 Elodim
1559 2770 1617 2821 aius
1636 2770 1768 2836 judicum
1792 2772 1852 2840 ipsc

150 2855 243 2911 officio
262 2854 449 2908 ecclesiastico
471 2854 515 2908 rel
531 2853 650 2923 politico
670 2853 829 2917 constituti,
852 2861 909 2906 tum
925 2854 986 2922 pri·
1010 2855 1134 2921 judicat.
1170 2858 1202 2906 In
1220 2853 1315 2908 futura
1335 2855 1394 2907 rita
1413 2854 1471 2908 sire
1489 2855 1517 2909 in
1537 2855 1582 2909 die
1607 2856 1754 2911 novissimo
1777 2855 1851 2927 judi·

149 2943 217 3009 roti‚
236 2939 364 2995 omnibus
382 2940 454 2993 enim
474 2957 507 2993 ae
527 2939 644 3009 singulis
662 2940 775 3009 aliquod
791 2939 927 3008 judicium
941 2939 987 2992 tri·
1015 2940 1091 2994 cabit
1110 2939 1186 2994 Deus
1207 2956 1257 3010 per
1270 2939 1410 2994 Christum
1429 2957 1523 2996 omnes
1544 2940 1668 2996 homines
1687 2942 1746 3011 pios
1762 2950 1790 2996 et
1802 2942 1852 2996 im·

150 3029 254 3083 buitur.
292 3027 367 3080 Dens
389 3026 500 3096 judicat
516 3031 576 3078 tum
599 3028 629 3079 in
652 3027 719 3091 trec,
747 3032 806 3078 tum
831 3028 861 3079 in
888 3028 986 3088 facturn
1015 3027 1088 3094 pios:
1120 3026 1183 3082 illos
1214 3028 1288 3080 ritae
1323 3031 1451 3080 aeternae
1486 3027 1600 3081 heredes
1634 3027 1850 3098 pronuntiando,

150 3115 209 3168 sita
229 3115 287 3166 sive
305 3113 395 3166 indie
415 3113 573 3180 novissimo,
591 3112 639 3183 qui
661 3111 743 3181 hujus
761 3112 834 3165 vitae
846 3112 898 3166 erit
912 3112 985 3166 clau·
1015 3113 1064 3168 bos
1085 3129 1149 3168 vero
1168 3112 1287 3166 aeternis
1306 3112 1450 3182 suppliciis
1468 3113 1665 3182 adjudicando.
1701 3114 1776 3176 Quot
1794 3131 1852 3170 mo·

150 3202 225 3267 sula,
248 3200 358 3254 futurae
376 3207 470 3253 antem
489 3199 638 3253 exordium.
674 3199 707 3251 ln
726 3199 778 3252 hae
797 3199 855 3251 vita
879 3199 988 3268 judicat
1015 3202 1057 3253 dis
1078 3199 1169 3269 angeli
1195 3205 1222 3253 et
1249 3199 1372 3254 homines
1397 3199 1523 3265 judicare
1546 3200 1688 3268 dieantur,
1716 3200 1785 3254 alibi
1807 3217 1852 3254 ex·

151 3288 237 3354 Deus,
255 3301 312 3340 tnm
332 3287 360 3339 in
380 3303 466 3353 rayno
483 3288 635 3355 potentiue,
654 3294 711 3338 tum
731 3285 759 3338 in
779 3303 864 3348 repro
878 3287 988 3350 proiice
1015 3287 1140 3357 ponitur,
1165 3285 1210 3338 bic
1228 3284 1301 3340 enim
1319 3285 1355 3339 de
1373 3286 1468 3339 diuino
1487 3285 1624 3339 duntaxat
1644 3285 1751 3356 judicio
1771 3285 1852 3341 nobis

150 3377 208 3429 sive
226 3374 254 3427 in
275 3373 399 3428 ecclesia.
434 3374 463 3426 ln
482 3389 569 3443 regno
589 3373 729 3441 potentiae
744 3371 924 3440 judicattum
938 3375 986 3424 im·
1015 3389 1103 3428 sermo
1123 3378 1171 3426 est.

151 3463 271 3514 mediate
292 3476 341 3529 per
360 3459 447 3514 totius
464 3459 586 3512 universi
601 3457 837 3528 gubernationem,
856 3464 915 3511 tum
933 3477 986 3511 mc·
1049 3468 1072 3517 5.
1097 3459 1140 3512 Ex
1160 3459 1202 3512 bis
1221 3457 1304 3512 facile
1322 3458 1500 3528 intelligitur,
1524 3463 1593 3529 quot
1611 3459 1699 3513 modis
1714 3457 1852 3528 judicium

152 3551 229 3601 dicte
248 3564 297 3617 per
316 3547 495 3615 magistratus
515 3546 717 3599 institutionem
743 3562 775 3598 ac
800 3547 986 3600 conservatio·
1013 3546 1182 3615 accipiatur,
1214 3544 1326 3614 quarrdo
1352 3544 1412 3598 Deo
1436 3543 1572 3597 tribuitur.
1610 3543 1755 3614 Accipiter
1779 3544 1852 3599 enim

152 3652 224 3689 nem.
261 3632 293 3686 In
309 3650 396 3702 reyno
410 3635 521 3697 proriae
539 3633 597 3686 sive
617 3633 645 3685 in
668 3631 784 3686 ecclesia
800 3632 910 3700 judicat
929 3640 985 3685 tum
1017 3641 1037 3689 1.
1060 3635 1175 3704 γενικῶς
1193 3647 1242 3700 pro
1265 3630 1350 3684 totius
1369 3631 1488 3683 universi
1508 3630 1711 3699 gubernatione
1724 3639 1752 3684 et
1766 3631 1851 3685 admi·

152 3723 299 3789 inponere
320 3718 499 3787 perverbum
520 3718 588 3788 legis
610 3734 703 3774 omnes
724 3719 986 3788 arguendoetcau·
1014 3721 1183 3773 nistratione.
1212 3716 1276 3772 doh.
1296 3724 1320 3785 6,
1339 3735 1363 3769 v.
1380 3722 1425 3772 22:
1445 3718 1534 3770 Peter
1552 3734 1631 3769 omne
1644 3718 1788 3785 judicium
1807 3719 1853 3771 ds·

152 3823 208 3859 sam
226 3805 360 3876 cuiusque
380 3806 589 3876 cognoscendo;
613 3812 670 3857 tum
697 3805 725 3856 in
744 3806 835 3872 specie
855 3805 916 3876 pios
939 3806 985 3858 de·
1015 3807 1057 3858 dit
1079 3805 1166 3871 Fitin‚
1193 3803 1268 3873 qnod
1290 3803 1329 3856 sic
1350 3804 1497 3873 exponitur
1516 3802 1578 3859 Joh.
1599 3808 1622 3860 3.
1641 3821 1659 3854 v
1686 3810 1732 3858 35:
1762 3805 1854 3858 Dedit

151 3893 306 3960 tendendo,
332 3893 460 3961 praemiis
478 3890 625 3945 afficiendo
645 3898 673 3944 et
690 3889 849 3944 aberrantes
870 3908 920 3961 per
939 3910 985 3962 pa·
1015 3892 1109 3943 onrnio
1128 3892 1158 3941 in
1176 3908 1276 3942 manue
1296 3890 1366 3957 ojus.
1402 3889 1467 3944 Joh.
1489 3894 1526 3954 11,
1547 3906 1571 3941 v.
1594 3894 1622 3943 2:
1654 3891 1741 3942 Dedit
1758 3889 1786 3941 ci
1803 3906 1852 3957 po·

148 3984 256 4033 ternam
285 3978 495 4048 castigationem
523 3979 550 4030 in
578 3978 649 4029 viam
679 3977 850 4044 reducendo,
887 3980 987 4046 impios·
1015 3986 1138 4029 terrorem
1160 3977 1249 4029 cernis
1267 3977 1370 4029 cornis
1407 3975 1470 4028 Huc
1488 3976 1614 4045 pertinet,
1641 3975 1715 4044 quod
1735 3977 1854 4044 judicia

148 4082 213 4121 vero
234 4065 387 4120 roiircendo
413 4071 441 4118 et
468 4064 565 4133 poenis
589 4063 787 4132 temporalibus
815 4075 986 4118 aeter-narum
1018 4066 1074 4116 Dei
1092 4063 1193 4116 Psalm.
1214 4068 1254 4129 16,
1274 4080 1298 4117 v.
1320 4069 1340 4117 1.
1365 4062 1496 4115 dicuntur
1515 4063 1632 4129 abyssus
1651 4064 1753 4126 multo,
1777 4062 1852 4132 quod

10 4171 66 4213 nx,
85 4170 133 4212 ros.
148 4152 298 4222 praeludiis
318 4151 477 4220 affligendo.
505 4152 616 4218 Septem
636 4150 721 4220 igitur
739 4151 912 4220 potissimum
931 4168 987 4206 mo·
1017 4151 1093 4205 Rom.
1116 4156 1155 4217 11,
1172 4155 1250 4204 net.
1270 4149 1310 4202 sic
1330 4149 1488 4218 exponitur:
1507 4148 1792 4201 Inscrututiliasunt
1807 4149 1853 4216 ju-

12 4228 15 4233 *
150 4239 192 4292 dis
213 4239 288 4292 lleus
307 4238 335 4292 in
353 4237 406 4291 hac
430 4238 487 4290 vita
511 4237 633 4305 judicat3
669 4243 688 4292 1.
717 4254 830 4289 corisum
853 4241 988 4307 crrjusqoe
1015 4238 1093 4290 dicio
1112 4236 1174 4304 ejus
1194 4243 1220 4287 et
1241 4235 1512 4303 impervestipabiiee
1533 4236 1594 4287 aiae
1615 4235 1693 4301 ajam·
1721 4234 1853 4304 quodque

150 4327 348 4393 cognoscendo.
377 4323 445 4378 Gen.
471 4328 510 4392 16,
530 4340 555 4375 v.
571 4329 599 4377 5:
617 4324 734 4376 Judiert
756 4326 898 4377 Dominus
915 4325 989 4377 inter
1015 4324 1179 4389 iudiciuae
1200 4323 1262 4374 vioe
1285 4322 1411 4384 Domini,
1438 4320 1494 4374 Jer.
1515 4326 1539 4387 6,
1558 4337 1580 4374 v.
1601 4325 1626 4386 4,
1651 4326 1854 4389 utsynonyrua

149 4411 552 4481 postremissumis:
575 4409 740 4477 spernimur
759 4412 898 4463 Dominus
917 4413 989 4464 inter
1017 4411 1234 4479 conjunguntur.
1271 4415 1294 4462 2.
1320 4409 1430 4468 εἰδικῶς
1456 4423 1505 4475 pro
1532 4406 1664 4459 ecclesiae
1690 4406 1853 4461 collectione

150 4518 193 4553 mc
211 4507 237 4552 et
257 4507 290 4565 te,
312 4515 337 4552 v.
356 4502 403 4553 st:
427 4498 543 4551 Judicet
562 4499 636 4550 inter
653 4515 710 4550 nos.
747 4497 833 4551 Exod.
855 4504 878 4554 5.
897 4516 922 4551 v.
942 4504 989 4554 21:
1016 4504 1044 4548 et
1062 4494 1271 4561 gubernatione,
1289 4494 1316 4547 in
1335 4511 1391 4563 qua
1411 4493 1485 4546 Deus
1501 4492 1585 4545 Pater
1606 4509 1655 4561 per
1674 4491 1775 4545 Filium
1795 4509 1851 4547 ma·

158 4585 258 4638 Videat
279 4584 419 4637 Dominus
437 4591 461 4635 ct
474 4583 595 4650 judicet.
618 4583 669 4637 Dei
689 4583 761 4637 enim
777 4583 911 4653 judicium
933 4602 989 4640 non
1015 4580 1129 4635 niiestat
1152 4580 1338 4650 evangelium,
1365 4578 1486 4630 instituit
1509 4584 1538 4631 et
1563 4584 1708 4632 conservat
1731 4577 1851 4634 ministe-

150 4669 338 4742 proficiscitnr
353 4687 386 4724 ex
402 4687 485 4725 coeco
507 4671 610 4741 impetn
629 4670 791 4738 afectuum,
811 4672 860 4725 sed
877 4689 988 4725 cansam
1017 4667 1085 4719 rium
1106 4667 1193 4736 verbi,
1217 4666 1325 4720 confert
1342 4665 1474 4734 Spiritum
1496 4673 1631 4730 sanetum,
1657 4664 1780 4719 vivificat
1797 4665 1852 4735 spi·

149 4759 287 4827 cujusque
317 4765 445 4811 accurate
477 4756 554 4827 prius
594 4758 739 4828 cognoscit
777 4763 804 4811 et
843 4758 990 4827 examinat,
1017 4752 1153 4806 ritualiter
1174 4761 1305 4815 mortuos,
1324 4751 1449 4805 defendit
1469 4752 1539 4820 pios,
1556 4753 1666 4805 coircet
1683 4751 1783 4821 impios
1800 4751 1851 4805 sic·

150 4848 301 4911 antequam
326 4843 439 4913 judicet.
475 4846 498 4897 2.
527 4843 595 4895 Pios
623 4845 817 4900 defendendo,
850 4859 882 4897 ex
912 4844 990 4897 malis
1018 4857 1071 4910 que
1089 4854 1214 4908 regnum,
1242 4836 1269 4889 id
1291 4845 1334 4892 est
1353 4839 1495 4891 ecelesiam
1516 4837 1586 4893 Filio
1604 4836 1720 4907 colligit,
1746 4836 1792 4892 Es.
1810 4841 1852 4906 12,

149 4929 294 4999 eripiendo
314 4937 342 4982 et
360 4928 489 4998 praemiis
510 4943 557 4982 cos
575 4927 730 4983 afficiendo.
765 4926 834 4982 Gen.
854 4934 894 4997 ³0,
914 4945 938 4984 v.
960 4936 989 4985 6:
1017 4943 1042 4978 v.
1064 4933 1086 4982 1.
1123 4925 1219 4979 Matth.
1248 4930 1287 4991 12,
1311 4943 1336 4980 v.
1360 4930 1403 4980 ts:
1432 4928 1507 4979 Ecce
1532 4942 1627 4976 servus
1657 4940 1746 4987 meus,
1775 4941 1984 4992 ommno,

149 5015 301 5069 Jnriicum't
322 5016 402 5067 Deus
422 5031 464 5067 mc
486 5022 512 5066 ct
530 5016 642 5067 aridirit
659 5033 750 5068 vocem
769 5033 872 5082 mecm,
901 5016 928 5068 id
949 5024 991 5070 est
1018 5013 1091 5080 eleni
1107 5020 1159 5067 eto.
1174 5011 1317 5079 jrrcir'cium
1337 5012 1463 5074 pentilms
1483 5011 1678 5071 annuntiabit,
1704 5009 1731 5061 id
1751 5015 1793 5062 est
1812 5024 1853 5063 re·

148 5117 263 5155 causam
292 5118 380 5154 meam
409 5101 475 5171 egit,
504 5101 682 5170 opprobrium
710 5119 726 5155 a
752 5119 796 5155 me
821 5102 937 5156 abstulit
964 5110 992 5158 et
1017 5105 1089 5152 ctam
1107 5097 1194 5150 divini
1212 5096 1303 5151 cultus
1321 5098 1455 5152 rationem
1469 5114 1518 5166 per
1531 5096 1765 5165 praedicationem
1777 5094 1855 5150 verbi

150 5186 282 5258 praemiis
306 5203 349 5240 me
376 5185 492 5242 ornavit.
530 5191 551 5241 1.
572 5185 644 5240 Sam.
666 5194 706 5248 26,
733 5205 757 5240 v.
777 5194 823 5244 39:
852 5188 991 5240 Dominus
1017 5184 1147 5254 gentibus
1182 5184 1344 5252 patefaciet,
1375 5182 1573 5253 poenitentiam
1608 5189 1636 5235 st
1665 5181 1855 5236 remissionem

143 5272 292 5342 jrrds'couit
315 5273 460 5341 judicium
478 5273 625 5340 opprobrii
649 5273 705 5325 mci
730 5277 766 5326 dc
790 5292 873 5326 morsu
894 5272 992 5326 Nubel
1020 5275 1193 5339 peccatorum
1213 5270 1267 5324 illis
1287 5270 1470 5323 annuntiabit.
1507 5267 1626 5333 Quidam
1651 5274 1796 5336 exponunt
1820 5269 1854 5322 de

152 5367 180 5412 ct
200 5359 350 5411 mistodiuit
368 5375 476 5411 servum
496 5375 576 5410 suum
595 5375 615 5410 c
632 5359 716 5426 molo.
742 5359 834 5412 Psalm
863 5365 903 5423 54,
924 5363 991 5412 v.3:
1019 5357 1171 5424 coorrpeiio,
1190 5357 1264 5426 quod
1284 5356 1377 5426 arguit
1396 5372 1429 5409 ac
1448 5356 1683 5407 damnatomnem
1697 5355 1791 5408 mundi
1807 5354 1854 5424 ju-

152 5445 323 5500 Satoummc
342 5446 401 5514 soc,
421 5447 510 5509 Deus,
530 5445 744 5507 infortitudine
762 5446 991 5513 trrojndicnmc,
1018 5444 1123 5498 stitiam
1141 5449 1168 5497 et
1188 5442 1273 5496 solius
1291 5442 1392 5495 Christi
1416 5441 1554 5511 justitiam
1574 5440 1750 5494 commendat
1768 5447 1796 5493 et
1815 5440 1855 5494 ol·

150 5531 180 5586 id
199 5536 242 5586 est
259 5547 352 5586 assere
369 5546 483 5587 masam
501 5547 591 5586 meam
610 5537 707 5585 eontra
719 5531 820 5587 hostes.
850 5530 904 5588 Dei
918 5530 991 5585 enim
1018 5529 1079 5585 fert.
1116 5535 1139 5585 3.
1159 5530 1337 5596 διδακτικῶς,
1363 5545 1413 5598 pro
1432 5527 1532 5581 divinis
1559 5526 1696 5582 mandatis
1720 5543 1753 5581 ac
1777 5540 1855 5597 pras·

1604 5612 1638 5668 16
