4050 6014
580 249 661 314 QUA
680 251 732 305 DE
751 248 844 306 VITA
861 249 913 306 JO.
933 249 1137 306 GERHARDI
1154 249 1390 306 DISSERITUR.
1808 253 1836 310 V

130 416 286 489 mentum,
307 407 392 488 quod
408 405 594 470 Gerhardus
618 418 723 470 noster
746 424 785 469 ex
808 404 884 489 ipsis
906 403 1127 490 philosophiae
1148 402 1355 468 scholasticae
1378 405 1517 470 tenebris
1541 404 1644 469 lucem
1663 406 1835 487 quandam,

130 507 328 572 illustrandis
364 508 526 572 doctrinae
557 507 723 571 sanctioris
763 506 920 592 capitibus
952 506 1191 582 inservientem,
1223 505 1365 570 elicuerit
1394 507 1592 591 eandemque
1621 508 1746 593 scriptis
1768 509 1833 573 suis

129 610 355 675 eruditissimis
378 610 580 695 postmodum
602 609 750 673 intulerit.

259 713 438 796 Postquam
468 711 655 776 accuratiori
682 709 901 795 philosophiae
930 709 1134 775 scholasticae
1163 709 1346 795 cognitione
1369 722 1505 774 mentem
1534 734 1625 775 suam
1651 713 1749 797 probe
1773 712 1832 777 im-

131 816 254 880 buisset
270 815 398 896 Noster,
423 814 497 896 voti,
521 813 607 896 quod
631 813 707 876 olim
730 827 979 896 nuncupaverat,
1003 835 1132 895 memor,
1154 836 1228 875 mox
1250 835 1334 876 anno
1357 815 1448 877 1600.
1465 814 1506 877 ad
1524 813 1630 877 studia
1654 814 1833 899 theologica

129 919 215 982 serio
238 940 307 983 sese
332 915 485 1002 applicuit
516 928 611 997 atque
641 915 701 977 sub
726 914 820 978 finem
844 913 937 977 huius
960 914 1034 976 anni
1058 913 1289 998 praelectiones
1318 913 1462 999 publicas
1484 915 1669 979 Leonhardi
1694 917 1833 1001 Hutteri,

130 1019 274 1105 theologi
294 1041 425 1105 prorsus
449 1017 565 1099 eximii,
596 1038 654 1080 nec
684 1039 748 1080 non
771 1015 953 1080 Salomonis
977 1015 1131 1090 Gesneri,
1166 1017 1221 1099 qui
1252 1029 1347 1101 caput
1380 1019 1431 1082 12.
1464 1015 1608 1080 Danielis
1640 1019 1832 1101 exponebat,

130 1121 242 1185 sedulo
276 1120 499 1204 frequentavit.
548 1118 655 1182 Tanta
685 1140 813 1202 quoque
843 1131 910 1180 tum
940 1119 1089 1203 temporis
1118 1119 1305 1203 proficiendi
1334 1118 1489 1203 flagrabat
1515 1119 1705 1203 cupiditate,
1735 1134 1770 1183 ut
1799 1120 1832 1184 in

129 1223 402 1308 disputationibus
419 1220 607 1305 theologicis
623 1233 688 1284 tum
710 1233 905 1305 argumenta,
929 1221 1044 1303 quibus
1067 1221 1214 1284 veritates
1237 1221 1363 1285 divinae
1383 1222 1510 1285 fuerunt
1532 1221 1745 1307 impugnatae,
1765 1235 1832 1285 tum

129 1326 355 1411 responsiones
377 1327 418 1389 ad
438 1324 630 1388 obiectiones
654 1322 744 1386 datas
766 1322 918 1406 peculiari
938 1323 1098 1387 volumine
1120 1324 1327 1387 annotaverit.

262 1430 383 1494 Verum
404 1426 591 1490 deturbatus
608 1426 721 1489 iterum
737 1426 777 1488 ab
797 1425 895 1489 hocce
919 1426 1063 1488 instituto
1081 1447 1137 1509 per
1160 1424 1281 1488 biennii
1303 1423 1513 1507 intervallum,
1533 1446 1662 1488 suasore
1686 1424 1832 1509 inprimis

128 1540 269 1615 cognato
290 1551 347 1592 suo
370 1528 503 1592 Andrea
524 1527 724 1608 Rauchbaro,
748 1527 995 1613 procancellario
1009 1527 1162 1590 Electoris
1187 1526 1357 1608 Saxoniae,
1380 1525 1522 1589 medicae
1545 1528 1620 1590 artis
1640 1526 1745 1590 studia
1767 1549 1833 1588 am·

129 1631 248 1716 plexus
271 1642 319 1694 est
340 1629 474 1710 Noster,
506 1629 677 1712 inquibus
701 1629 796 1694 etiam
822 1630 909 1694 brevi
932 1630 1104 1693 admodum
1129 1629 1282 1714 temporis
1305 1628 1408 1712 spatio
1434 1639 1538 1691 tantos
1563 1629 1638 1691 lecit
1661 1628 1832 1714 profectus,

130 1746 167 1796 ut
188 1732 259 1816 ipse
282 1755 346 1794 non
368 1731 470 1795 solum
498 1731 730 1817 propositiones
760 1731 898 1795 medicas
929 1746 1039 1795 contra
1062 1746 1257 1816 opponentes
1281 1729 1497 1793 defendendas
1520 1730 1748 1811 conscriberet,
1776 1728 1832 1793 sed

133 1846 166 1898 et
188 1834 347 1917 integrum
368 1833 515 1898 volumen
536 1833 575 1896 de
591 1833 769 1896 rationibus
785 1832 917 1896 curandi
940 1834 1041 1896 omnis
1063 1833 1188 1917 generis
1209 1833 1337 1896 morbos
1360 1856 1398 1896 ex
1421 1832 1562 1917 antiquis
1585 1831 1704 1918 pariter
1724 1853 1761 1895 ac
1783 1854 1833 1896 re-

128 1936 324 2001 centioribus
347 1935 521 1999 medendae
545 1934 623 1998 artis
647 1935 805 2018 magistris
827 1948 1022 2019 congereret,
1045 1936 1123 2018 quin
1148 1935 1321 2018 practicum
1345 1955 1440 2018 agere
1462 1935 1561 1997 multo
1581 1956 1653 1997 cum
1675 1934 1832 2018 applausu

130 2038 298 2104 ordiretur.
333 2037 468 2101 Factum
491 2037 563 2099 hinc
586 2048 644 2111 est,
665 2048 701 2099 ut
717 2038 927 2121 postmodum,
950 2036 1006 2099 ubi
1030 2036 1152 2099 muneri
1170 2058 1261 2099 sacro
1276 2036 1334 2098 fuit
1355 2036 1512 2111 admotus,
1533 2059 1596 2098 non
1617 2035 1697 2100 lucri
1718 2036 1831 2125 gratia,

132 2142 191 2204 sed
218 2162 257 2203 ex
285 2161 371 2203 mera
399 2139 528 2202 caritate
551 2160 587 2201 ac
609 2137 835 2215 misericordia,
868 2138 988 2220 absque
1009 2138 1073 2202 ullo
1091 2138 1241 2222 praemio,
1269 2137 1386 2201 multos
1407 2160 1464 2201 sua
1486 2148 1553 2200 arte
1577 2137 1731 2199 solaretur
1762 2158 1832 2200 eos·

129 2243 269 2325 demque
290 2241 321 2304 in
342 2240 440 2304 vitam
460 2241 551 2324 quasi
574 2241 747 2304 reduceret.

259 2343 372 2427 Neque
395 2356 518 2425 tamen,
547 2354 672 2406 mortuo
703 2342 850 2426 inprimis
875 2342 1078 2426 Ranchbaro,
1106 2355 1214 2406 tenera
1238 2340 1400 2406 Gerhardi
1421 2341 1521 2404 nostri
1544 2340 1737 2404 conscientia
1760 2362 1832 2425 per-

129 2445 233 2527 misit,
270 2457 303 2509 ut
336 2446 417 2527 voti,
454 2444 540 2529 quod
568 2432 750 2530 quindecim
780 2467 934 2508 annorum
961 2467 1041 2530 puer
1069 2455 1272 2529 conceperat,
1312 2457 1454 2508 exactam
1484 2442 1675 2507 solutionem
1704 2442 1831 2528 longius

128 2547 286 2614 differret.
337 2546 443 2631 Igitur
466 2546 745 2610 sollicitationibus
775 2546 842 2609 eius
872 2560 907 2610 ut
927 2546 1174 2629 obsecundaret,
1200 2546 1317 2611 Jenam
1347 2566 1418 2608 cum
1446 2544 1510 2608 filio
1542 2545 1723 2609 Rauchbari
1754 2557 1831 2607 natu

129 2649 252 2713 maiore
288 2660 439 2734 tanquam
468 2670 592 2710 morum
622 2647 773 2732 magister
796 2649 974 2734 profectus,
1011 2672 1093 2713 novo
1129 2670 1231 2730 eoque
1263 2646 1418 2732 pertinaci
1442 2647 1556 2710 mentis
1578 2648 1704 2712 fervore
1725 2645 1832 2710 studia

127 2774 237 2826 sacra,
267 2772 324 2835 per
355 2750 486 2833 aliquod
514 2767 637 2835 tempus
668 2751 761 2835 plane
786 2752 942 2836 seposita,
972 2750 1171 2833 reassumsit,
1200 2748 1333 2813 consilio
1354 2749 1441 2833 prius
1464 2746 1515 2813 Jo.
1538 2748 1670 2831 Arndii,
1703 2749 1762 2811 viri
1784 2748 1831 2813 in·

128 2852 310 2937 tegerrimi,
333 2852 492 2936 expetito,
521 2874 584 2934 qua
607 2852 807 2936 potissimum
828 2853 951 2917 ratione
973 2853 1006 2917 in
1027 2854 1124 2917 hocce
1146 2851 1323 2915 studiorum
1342 2873 1458 2936 genere
1480 2851 1660 2914 felicissime
1681 2850 1830 2936 progredi

129 2971 249 3039 posset.
291 2953 506 3038 Philologiam
537 2975 658 3016 sacram
688 2966 784 3036 atque
813 2955 953 3017 studium
983 2954 1135 3018 biblicum
1163 2976 1234 3019 cum
1264 2966 1337 3017 ante
1367 2953 1474 3016 omnia
1504 2954 1830 3039 suasissetAmdius,

128 3080 259 3121 omnem
289 3080 396 3121 curam
429 3069 523 3139 atque
553 3056 780 3140 cogitationem
803 3079 840 3120 eo
861 3056 994 3121 contulit
1016 3056 1203 3122 Gerhardus
1225 3069 1348 3130 noster,
1376 3069 1412 3118 ut
1433 3055 1560 3139 linguas
1583 3067 1708 3120 sanctas
1729 3056 1830 3120 solide

128 3158 314 3233 imbiberat,
346 3158 504 3243 principia
534 3171 564 3221 et
592 3159 718 3243 regulas
746 3159 999 3224 hermeneuticas
1028 3158 1068 3221 ad
1096 3157 1248 3221 amussim
1282 3167 1404 3221 teneret
1437 3157 1629 3240 easdemque
1662 3158 1829 3222 adsueras

128 3259 252 3324 litteras
269 3260 327 3323 rite
350 3260 588 3344 prudenterque
610 3259 792 3345 applicaret.
822 3260 958 3323 Tantam
983 3283 1057 3325 vero
1081 3283 1119 3323 ex
1142 3260 1239 3324 hocce
1262 3259 1405 3322 instituto
1428 3271 1459 3322 et
1480 3260 1650 3323 utilitatem
1672 3271 1703 3323 et
1724 3261 1830 3324 suavi-

124 3376 227 3426 tatem
259 3361 416 3448 percepit,
447 3375 481 3425 ut
510 3376 621 3446 postea
649 3362 728 3426 alios
756 3384 884 3446 quoque
912 3363 1074 3426 doctrinae
1104 3361 1269 3425 sanctioris
1300 3360 1453 3443 cultores,
1479 3384 1559 3444 quos
1582 3362 1615 3425 in
1638 3384 1748 3426 museo
1771 3384 1828 3426 suo

125 3464 225 3537 aluit,
259 3464 290 3527 in
321 3463 434 3526 horum
464 3464 641 3528 studiorum
670 3487 793 3528 amores
819 3478 915 3547 atque
944 3463 1112 3546 amplexus
1144 3463 1250 3526 multis
1281 3462 1553 3527 exhortationibus
1590 3486 1702 3547 rapere
1735 3463 1830 3529 fuerit

124 3566 269 3643 annisus.
292 3566 453 3650 Imprimis
469 3579 573 3629 autem
591 3566 732 3629 animum
751 3565 930 3630 Salomonis
947 3565 1077 3646 Glassii,
1099 3566 1155 3648 qui
1170 3578 1237 3628 tum
1252 3564 1404 3648 temporis
1420 3564 1526 3628 studio
1543 3565 1710 3628 sanctioris
1731 3566 1829 3629 disci-

127 3667 236 3753 plinae
268 3667 301 3729 in
332 3665 496 3730 academia
517 3667 650 3732 Jenensi
674 3668 886 3751 incumbebat,
918 3668 977 3731 hac
1010 3669 1175 3732 occasione
1197 3667 1362 3730 lucrifecit.
1404 3666 1499 3731 Certe
1525 3666 1594 3751 ipse
1618 3666 1765 3731 Glassius
1796 3668 1830 3732 in

128 3769 328 3853 praefatione
339 3771 524 3834 Rhetoricae
546 3794 653 3834 sacrae
675 3770 858 3854 praemissa,
882 3784 1079 3855 quantopere
1102 3770 1142 3834 sit
1164 3770 1331 3834 devinctus
1348 3769 1526 3853 Gerhardo,
1550 3770 1688 3854 ingenue
1704 3771 1828 3835 fatetur.

127 3873 226 3936 Libn‘
245 3875 319 3954 mai,
349 3870 469 3954 inquit,
500 3883 526 3934 te
549 3885 716 3955 agnoscunt
739 3875 887 3955 originem
909 3886 937 3937 et
950 3873 1081 3956 fontem.
1130 3873 1195 3935 Tuo
1217 3873 1297 3935 enim
1319 3874 1441 3936 lacrtmu
1457 3875 1596 3956 fuctum,
1626 3874 1775 3957 quidquid
1797 3875 1829 3938 in

120 3975 295 4059 philologia
316 3998 407 4038 caera
423 3998 484 4058 per
506 3998 553 4037 rrae
573 3977 673 4038 studio
690 3976 889 4059 qualicunque
912 3977 1117 4059 conscriptum
1136 3987 1163 4038 ct
1180 3975 1325 4059 publicae
1342 3976 1402 4037 luci
1423 3976 1595 4060 sepositum
1616 3976 1759 4038 hactenus
1775 3988 1827 4039 est.

127 4074 213 4140 Cum
233 4075 314 4139 sacri
338 4088 444 4140 autern
469 4076 587 4139 codicis
610 4074 756 4151 lectione,
779 4099 875 4158 quam
898 4098 1061 4159 nunquam
1086 4075 1155 4138 sine
1178 4075 1300 4140 devotis
1323 4075 1363 4138 ad
1387 4074 1492 4138 Deum
1515 4075 1662 4160 precibus
1683 4075 1828 4160 instituit,

124 4177 278 4259 antiquos
301 4188 411 4241 coetus
435 4176 596 4240 christiani
619 4178 775 4259 doctores,
799 4200 880 4262 quos
896 4191 1005 4262 patres
1027 4189 1150 4252 vocant,
1174 4177 1314 4260 itemque
1335 4177 1542 4241 scholasticos
1553 4177 1726 4256 ,coniunxit
1744 4176 1828 4242 Ger-

125 4278 263 4359 hardus;
283 4279 316 4342 in
338 4300 473 4362 quorum
496 4293 601 4342 tamen
624 4278 804 4344 evolutione
826 4280 871 4342 ita
890 4292 1032 4344 versatus
1055 4293 1110 4361 est,
1130 4289 1165 4343 ut
1180 4279 1274 4354 nihil,
1298 4279 1359 4343 nisi
1382 4280 1468 4361 quod
1492 4279 1680 4342 accuratiori
1709 4279 1827 4345 iudicio

125 4379 335 4463 subiecisset,
369 4404 427 4445 suo
447 4381 640 4465 approbaret
662 4379 792 4446 calculo.
833 4381 968 4445 Audivit
991 4401 1119 4465 quoque
1139 4380 1172 4444 in
1196 4403 1291 4445 cursu
1312 4404 1369 4444 suo
1392 4379 1591 4463 theologico,
1614 4381 1718 4446 Jenae
1738 4404 1828 4446 cum-

125 4482 253 4569 primis,
284 4481 369 4546 viros
397 4482 702 4566 praestantissimos,
746 4481 925 4568 Georgium
963 4480 1116 4565 Mylium,
1161 4481 1365 4546 Ambrosium
1400 4481 1602 4573 Beudenium
1629 4504 1667 4546 ac
1695 4483 1827 4549 Petrum

123 4584 338 4666 Piscatorem,
361 4607 401 4649 ex
423 4607 558 4668 quorum
581 4584 778 4648 institutione
801 4606 834 4647 se
859 4582 1031 4668 plurimum
1052 4583 1234 4667 profecisse,
1258 4597 1367 4668 gratus
1391 4582 1528 4667 agnovit.

258 4686 356 4749 Anno
371 4688 463 4751 1603.
485 4709 624 4750 summos
646 4685 679 4749 in
702 4685 903 4772 philosophia
925 4686 1069 4759 honores,
1094 4685 1210 4766 quibus
1233 4686 1295 4748 iam
1317 4685 1438 4748 dudum
1460 4684 1575 4769 dignus
1597 4698 1672 4767 erat,
1696 4688 1736 4751 ab
1757 4710 1827 4752 am-

125 4786 276 4874 plissimo
298 4786 559 4873 philosophorum
582 4788 691 4852 ordine
715 4789 858 4854 modeste
880 4789 942 4852 sibi
965 4786 1106 4872 expetiit.
1148 4786 1295 4865 Quorum
1318 4788 1397 4851 adeo
1423 4810 1487 4851 non
1509 4789 1669 4871 repulsam
1692 4788 1770 4866 tulit,
1793 4801 1828 4853 ut

127 4887 238 4975 potius
259 4888 341 4953 inter
361 4890 530 4953 duodecim
551 4890 736 4954 candidatos
759 4890 935 4976 principem
958 4890 1114 4952 obtineret
1133 4888 1248 4953 locum.
1284 4890 1440 4953 Precibus
1463 4889 1611 4975 deinceps
1627 4892 1828 4974 quorundam

123 4991 345 5056 studiosorum
370 4992 525 5056 adductus
554 4994 647 5057 tertio
675 4994 798 5076 statim,
821 5008 988 5079 postquam
1012 4992 1044 5055 in
1066 4992 1200 5075 gradum
1223 4991 1346 5056 huncce
1376 5006 1539 5076 promotus
1568 5005 1651 5067 erat,
1680 4992 1731 5055 die
1760 4991 1824 5056 col·

95 5122 107 5139 ν
125 5092 251 5178 legium
266 5092 406 5179 logicum
422 5093 660 5159 Aristotelicum
675 5095 822 5172 instituit,
845 5096 896 5158 cui
916 5118 989 5158 mox
1016 5092 1181 5178 politicum
1201 5115 1260 5157 nec
1283 5117 1345 5157 non
1363 5093 1624 5179 metaphysicum,
1645 5093 1738 5177 quale
1754 5104 1827 5160 ante

125 5195 235 5281 ipsum
265 5195 299 5259 in
328 5195 491 5260 academia
520 5196 638 5260 Salona
666 5221 758 5261 nemo
791 5198 1005 5284 praelegerat,
1028 5196 1181 5263 adiunxit.
1221 5195 1336 5281 Coepit
1356 5219 1483 5281 quoque
1507 5218 1614 5260 mense
1636 5195 1826 5261 Novembris

125 5295 225 5361 huius
250 5297 326 5361 anni
362 5299 538 5362 doctrinam
568 5299 755 5363 sanctiorem
785 5299 868 5362 intra
895 5321 969 5362 auos
991 5298 1128 5385 parietes
1151 5322 1303 5363 concessu
1328 5299 1527 5385 superiorum
1557 5297 1707 5383 profiteri.
1758 5297 1827 5363 Nec

123 5408 237 5464 tamen
259 5397 384 5465 labores
406 5401 500 5465 hosce
523 5400 707 5465 utilissimos
728 5401 783 5464 diu
805 5401 991 5466 continuare
1018 5401 1107 5466 licuit
1130 5400 1299 5465 Gerhardo
1326 5414 1441 5467 nostro.
1487 5402 1636 5466 Exeunte
1659 5400 1744 5464 enim
1765 5400 1826 5466 hoc
