4050 6014
207 307 246 366 26
851 294 1082 356 muretus
1100 292 1267 356 mulus

204 455 263 509 turn
281 459 376 508 cutem
393 452 464 519 s'lia,
479 455 532 509 red
549 460 575 508 et
591 453 657 523 spei,
681 453 731 524 qui
747 452 894 524 primitias
915 451 1040 522 Spiritu

205 539 348 607 habemus,
371 547 398 593 ct
416 556 468 593 nos
487 540 546 610 ι’μοι·
563 539 593 593 in
610 539 689 594 nobis
707 538 842 609 psmimus
861 538 1040 610 adoptionem

206 633 396 694 suspectantes
416 626 614 681 redemtionem
633 626 762 695 corpon’s
780 627 879 681 norim.
911 629 936 681 6.
955 624 983 678 Α
1001 625 1040 679 le·

205 713 249 782 pir
267 713 504 781 promulpatione.
540 711 618 768 Deus
637 712 728 784 legem
748 729 828 767 suam
851 728 908 767 non
932 718 1055 767 mutum*

206 797 233 852 in
252 797 342 867 prima
357 798 497 854 creatione
516 798 658 855 hominum
674 797 805 856 cordibus
825 796 973 868 inscripsit,
991 797 1041 852 sed

206 883 321 937 eandem
348 883 432 938 etiam
460 901 562 957 magna
589 883 756 941 solennitate
787 883 816 938 in
845 889 938 939 monte
964 883 1041 939 Sinai

206 969 402 1041 promulgavit,
423 987 495 1041 quae
513 969 699 1043 promulgatio
716 987 772 1026 non
790 976 832 1025 cst
842 969 946 1025 frustm
958 970 1040 1034 tacta,

205 1055 253 1110 sed
271 1060 304 1109 ut
321 1056 462 1112 exsecutio
481 1054 551 1127 legis
568 1056 700 1111 adversm
724 1055 895 1127 praefractos
918 1061 947 1110 ct
977 1071 1041 1110 con·

205 1148 328 1195 tumaces
351 1147 569 1213 transgressores
595 1141 746 1213 aliquando
773 1142 802 1196 in
828 1140 936 1213 judicio
963 1139 1041 1196 insti·

204 1231 306 1281 tuetur.
346 1227 391 1281 Ad
418 1226 491 1284 hanc
517 1229 654 1283 rationem
680 1228 796 1283 remittit
819 1244 871 1283 nos
898 1226 1040 1299 apostolus

203 1312 282 1370 Rom.
305 1319 326 1378 1,
346 1331 372 1370 v.
395 1316 440 1370 ta:
473 1314 626 1369 lisseium
646 1314 692 1369 ira
711 1316 771 1368 Dei
796 1317 832 1369 ric
851 1315 927 1369 coelo
954 1329 1041 1384 super

205 1417 311 1452 ornnem
326 1400 496 1469 impietatem
514 1409 541 1454 et
559 1399 729 1469 injustitiam
743 1401 891 1465 hominum,
910 1417 981 1471 quae
994 1417 1040 1454 oc-

205 1484 316 1539 ritatem
334 1486 363 1538 s'n
382 1486 525 1556 injustitia
543 1486 675 1541 detinent.
704 1485 741 1539 Et
758 1504 781 1541 c.
801 1491 826 1555 t,
841 1504 867 1542 v.
887 1491 917 1541 s:
940 1486 1040 1539 Tridu-

204 1569 274 1624 latio
294 1579 321 1624 et
340 1572 472 1639 capania
497 1572 528 1625 in
548 1588 655 1626 ornnem
679 1571 803 1625 animam
828 1572 950 1626 bominis
976 1588 1040 1642 ope·

203 1659 294 1711 rantis
323 1659 429 1712 rnatum
456 1659 566 1713 Judaei
591 1659 715 1728 primurn
740 1666 766 1711 et
799 1656 923 1724 Graeci,·
953 1675 977 1713 v.
999 1663 1040 1718 to.

204 1743 299 1812 picria
316 1751 409 1797 autem
428 1753 454 1798 et
473 1746 563 1799 bonor
583 1753 609 1799 ct
624 1761 685 1815 pao
705 1745 781 1800 omni
793 1745 922 1814 ομονοαίι·
933 1746 1041 1810 honum,

204 1829 318 1884 Judaeo
333 1831 460 1900 primum
480 1839 506 1884 ct
525 1829 644 1886 Graeco.
677 1846 704 1883 v.
725 1835 764 1886 12.
786 1831 948 1899 Quicunque
967 1830 1040 1883 enim

203 1916 264 1969 sine
281 1916 343 1985 lcpc
365 1923 560 1984 peccauerunt,
587 1916 647 1970 sinc
664 1917 725 1986 lepe
743 1918 828 1971 etiarn
845 1917 990 1986 peribunt,
1014 1923 1040 1969 et

204 2001 255 2068 qui
277 2002 306 2055 in
324 2001 386 2072 δορα
408 2010 610 2071 peccauerunt,
633 2018 689 2072 per
710 2003 800 2072 lepem
825 2003 1037 2070 judicabuntur.

203 2089 226 2139 7.
246 2086 272 2139 Α
292 2088 437 2141 saniorum
454 2087 600 2157 pcntiiium
618 2089 801 2151 οοαίοοτίοαο.
829 2087 940 2143 Ethnici
961 2089 1037 2141 Rha·

202 2173 340 2225 marsnam
364 2172 477 2242 pinxere
497 2171 585 2227 Deam
610 2172 687 2227 fandi
712 2180 796 2245 atquc
822 2173 935 2229 nefandi
960 2172 1038 2227 ultri-

203 2274 277 2325 cem3
295 2258 379 2314 iidem
399 2257 540 2314 finxerunt
557 2276 622 2315 suos
634 2262 753 2328 Aeacos,
773 2262 899 2326 Minoas,
918 2260 1036 2315 Rhada-

1099 454 1164 517 τοὺς
1181 451 1277 516 ὁσίους
1295 450 1474 530 πράσσοντας
1492 455 1557 516 ἴσως
1574 448 1835 511 καταδουλώσουσιν.

1099 543 1193 612 Σιγᾶν
1210 535 1435 616 προστάσσοντες
1452 536 1634 613 ἐπειγόμενοι
1653 537 1702 595 διὰ
1720 542 1826 615 κέρδος,

1099 630 1146 682 καὶ
1166 627 1286 701 δοκίμας
1304 627 1409 688 πιστῶς
1429 620 1491 681 τότε
1506 621 1684 698 χωρήσουσιν
1704 620 1836 692 ἅπαντες,

1101 712 1194 767 οὐκέτι
1209 708 1311 767 λοιπόν
1330 713 1394 784 ἔρις,
1414 715 1599 783 λειπουμενος
1618 711 1718 786 αὔριον
1736 713 1822 777 ἔσται,

1101 800 1153 852 οὐκ
1170 796 1273 874 ἐχθρὸς
1292 798 1416 870 γέγονεν,
1435 793 1486 851 οὐκ
1505 792 1599 869 ἤματα
1617 793 1704 873 μικρὰ
1723 803 1877 872 μερίμνης,

1102 885 1153 939 οὐκ
1170 887 1228 961 έαρ,
1250 887 1314 956 οὐχὶ
1336 888 1427 959 θέρος,
1447 884 1480 938 οὐ
1494 880 1612 958 χειμὼν,
1632 885 1666 967 oi
1682 880 1861 959 μετόπωρον,

1102 972 1136 1025 οὗ
1156 968 1235 1033 δύσις
1255 967 1409 1038 όντολίητε.

1104 1056 1219 1112 Ocelum
1238 1055 1388 1123 convolvet,
1407 1054 1519 1108 telluris
1539 1061 1641 1123 operta
1658 1055 1795 1119 recludet,

1101 1145 1206 1198 Manes
1224 1143 1255 1196 in
1272 1143 1357 1196 ritum
1377 1141 1514 1206 (fctmm
1532 1139 1593 1210 lupe
1613 1140 1708 1195 soluta

1101 1231 1141 1284 Et
1160 1228 1211 1282 leti
1226 1226 1363 1296 stimulis)
1382 1229 1423 1280 ad
1436 1227 1630 1296 iudiciumque
1650 1227 1770 1296 vocabit,

1100 1314 1220 1368 Judicet
1238 1322 1268 1368 ut
1286 1314 1400 1368 tandem
1416 1330 1508 1367 mores
1525 1329 1683 1383 procosque
1699 1313 1826 1384 piosque,

1100 1400 1197 1455 Ariete
1217 1408 1282 1454 tune
1299 1401 1384 1469 aries,
1404 1408 1503 1469 partor
1518 1408 1635 1469 pastore
1648 1401 1822 1470 propinquo,

1102 1489 1142 1542 Et
1160 1487 1264 1541 uitulus
1282 1485 1372 1540 ritulo
1388 1487 1504 1562 admoto
1522 1487 1676 1540 censebitur
1695 1486 1767 1546 illic.

1103 1571 1232 1643 Quosque
1250 1570 1306 1626 sibi
1320 1572 1437 1626 nimium
1446 1573 1561 1638 sartum
1578 1571 1708 1626 mmsis
1724 1574 1843 1643 patebit,

1100 1659 1140 1712 Et
1156 1658 1208 1728 qui
1223 1658 1336 1713 cuilibet
1356 1675 1387 1711 oa
1405 1658 1565 1712 obstrusero
1582 1659 1731 1728 imperiosi

1099 1745 1140 1799 Et
1156 1743 1211 1798 sihi
1227 1746 1264 1798 de
1283 1745 1390 1798 sumtis
1409 1745 1483 1799 uires
1496 1760 1633 1814 peperere
1652 1745 1783 1810 subactis,

1100 1833 1146 1885 Ec
1162 1830 1336 1900 paribusque
1355 1830 1433 1899 ipsos
1448 1830 1579 1896 fecerunt
1597 1826 1764 1902 inferiores,
1917 1837 1945 1879 11

1100 1917 1139 1970 Er
1155 1916 1249 1970 studio
1265 1916 1342 1970 lucri
1365 1916 1691 1985 antejuramentum

1101 2003 1180 2055 Tunc
1197 2002 1311 2073 inqssorn
1331 2003 1428 2055 cedem
1445 2017 1539 2055 omncs
1557 2002 1684 2071 sidusque,
1699 2000 1861 2072 probrisque,

1099 2087 1165 2141 Non
1174 2088 1240 2156 jam
1252 2087 1356 2158 jurpia
1369 2094 1458 2154 erunt,
1476 2104 1533 2141 non
1545 2088 1611 2157 jam
1628 2087 1747 2155 dicetur,
1763 2093 1818 2142 crit
1829 2106 1904 2154 cras,

1099 2174 1160 2226 Aut
1177 2176 1309 2228 transivit
1328 2175 1406 2242 heri,·
1423 2191 1473 2229 nec
1491 2182 1578 2243 erunt,
1597 2191 1667 2244 quos
1681 2175 1783 2229 crebra
1799 2176 1905 2243 fatipet

1101 2259 1186 2324 Cisra,
1205 2261 1285 2322 diss,-
1305 2279 1361 2315 non
1380 2278 1438 2324 cer,
1458 2269 1561 2331 aestus,
1579 2268 1737 2325 autumnus,
1757 2261 1887 2331 hpcrnscs

203 2345 386 2401 manthcsctc.
404 2345 479 2416 apud
491 2344 594 2401 inferos
603 2346 786 2415 judicaturos,
807 2346 934 2401 umbram
950 2362 1037 2418 quan·
1101 2346 1225 2409 Ortuwa
1245 2347 1408 2403 Occususcc.

202 2429 265 2483 dam
293 2432 417 2487 veritatis
446 2431 482 2488 de
508 2431 602 2488 tuturo
628 2439 693 2502 post
719 2431 791 2488 hanc
818 2433 904 2487 vitam
928 2432 1037 2503 judicio
1065 2429 1167 2486 Confer
1181 2447 1223 2500 ca,
1241 2446 1314 2503 qnae
1333 2431 1369 2486 de
1386 2431 1473 2503 signis
1494 2430 1607 2486 extremi
1633 2430 1733 2502 judicii
1754 2448 1786 2487 ex
1807 2431 1902 2505 Sibyl·

202 2522 373 2586 contuentes,
391 2518 438 2573 sed
458 2518 605 2588 multiplici
625 2518 757 2574 falsorum
776 2517 973 2590 figmentorum
991 2535 1035 2574 ca·
1063 2518 1151 2572 larum
1170 2516 1287 2573 oraculis
1306 2507 1421 2573 inferius
1439 2517 1622 2573 adducentur.

201 2601 288 2672 ligine
307 2604 422 2659 eandem
441 2605 621 2662 involventes.
653 2606 783 2661 Justinus
802 2606 831 2660 in
851 2621 994 2676 paraenes.
1016 2610 1037 2661 l.
1100 2607 1141 2658 21.
1175 2603 1337 2658 Antithesis.
1373 2603 1485 2676 Negant
1508 2602 1632 2658 futurum
1655 2609 1805 2658 exuemum
1826 2604 1945 2675 Jndtsn

202 2687 238 2742 ad
256 2688 353 2759 gentil.
372 2707 436 2763 pag.
458 2698 484 2747 1:
521 2692 593 2747 Vera
612 2694 748 2761 rciipicne
765 2691 838 2746 nihil
855 2692 938 2761 prius
954 2698 1038 2761 atque
1064 2687 1146 2743 cium.
1171 2695 1198 2745 ·1.
1213 2690 1353 2758 Epicurei
1371 2698 1397 2743 et
1416 2692 1583 2758 Empactce,
1605 2688 1653 2759 qui
1665 2688 1809 2744 audientes
1823 2688 1902 2745 ctri-

199 2776 416 2843 praestabilius,
444 2784 474 2830 ut
499 2779 627 2847 equidem
647 2786 735 2848 puto,
765 2795 824 2832 esse
849 2778 1038 2841 arbitrantur,
1063 2778 1137 2828 stum
1167 2774 1320 2829 rediturum
1348 2776 1384 2831 ad
1416 2775 1553 2846 judIcium
1588 2790 1651 2830 curn
1683 2774 1902 2831 Atheniensibus

202 2860 253 2928 qui
268 2861 354 2915 citam
373 2863 430 2916 sihi
447 2872 527 2918 cetra
545 2865 707 2933 periurium
726 2880 805 2919 omne
824 2865 965 2934 spondam
981 2871 1038 2916 stc·
1063 2859 1209 2931 Epicureis
1228 2866 1257 2915 ct
1276 2861 1375 2919 Stoicis
1394 2861 1569 2934 philosophis
1583 2857 1752 2935 χλευάζουσι
1771 2861 1836 2918 ecs.
1859 2868 1901 2931 tt,

201 2953 321 3011 mecm,
336 2958 455 3018 propter
472 2951 604 3016 futurum
620 2958 686 3020 post
703 2951 788 3019 hujus
807 2950 882 3005 citae
895 2949 1038 3019 finch'u·
1064 2963 1089 3001 v.
1108 2949 1149 3002 32.
1175 2947 1299 3001 irrident
1324 2964 1358 3003 ac
1386 2947 1552 3003 cavillantur
1579 2954 1758 3019 quaerentes,
1787 2948 1900 3020 quando

71 3059 128 3101 m,
143 3061 187 3101 με,
202 3034 315 3101 omium,
335 3037 412 3104 ριιοδ
429 3044 503 3089 certe
520 3037 648 3106 equidem
666 3052 722 3090 non
742 3038 826 3091 mocio
847 3036 972 3105 majores
990 3053 1038 3089 no·
1063 3030 1176 3086 medem
1195 3029 1319 3088 futurum
1338 3032 1382 3100 sit,
1400 3034 1475 3106 quod
1493 3040 1551 3089 tarn
1564 3033 1612 3089 diu
1624 3031 1770 3088 differtur?
1798 3034 1900 3091 2Petr.

201 3120 256 3173 stri
272 3120 365 3175 diuini
382 3121 506 3175 homines
522 3124 679 3192 prophetae
698 3131 724 3177 et
736 3122 925 3193 lcpsslatorcs,
943 3138 1039 3175 uerum
1065 3122 1090 3187 3,
1106 3134 1132 3171 v.
1146 3123 1175 3173 3:
1199 3119 1310 3173 Venient
1328 3120 1358 3173 in
1373 3119 1531 3173 ncvmnmis
1550 3121 1647 3174 diebus
1665 3120 1797 3173 illusores
1810 3121 1900 3190 justa

202 3205 284 3259 ctiam
305 3206 355 3275 pai
371 3209 451 3275 apud
468 3224 517 3261 cos
535 3209 628 3263 habiti
644 3217 709 3264 runt
726 3209 867 3278 sapientes
880 3213 984 3277 poetas
1001 3208 1038 3261 si·
1062 3205 1200 3273 proprios
1217 3206 1457 3274 concupiscentiae
1475 3206 1651 3260 ambulantes
1669 3223 1695 3260 v.
1711 3213 1734 3262 t.
1752 3223 1786 3258 cc
1804 3207 1899 3260 dicen-

201 3292 260 3345 mul
277 3300 360 3361 atquc
375 3292 542 3364 philosophi
559 3313 653 3350 oerum
672 3304 755 3364 atquc
769 3296 895 3348 diuinam
908 3310 938 3348 se
950 3293 1038 3348 scien-
1063 3299 1112 3360 tes,
1131 3291 1180 3342 uhi
1199 3299 1240 3344 est
1256 3290 1409 3360 promissio
1429 3293 1565 3346 Mucntus
1583 3292 1667 3361 ejus!
1694 3298 1717 3347 2.
1736 3291 1899 3363 Complures

200 3379 270 3431 tiam
289 3386 428 3433 assemcoa
445 3396 503 3433 esse
518 3383 650 3449 professi
666 3383 881 3450 depraedicant.
914 3379 946 3434 ln
965 3377 1036 3433 libro
1064 3392 1097 3431 ex
1115 3377 1272 3445 haereticis,
1292 3383 1389 3447 utpote
1411 3384 1432 3432 l.
1451 3378 1629 3447 Dosithcani,
1646 3378 1777 3433 Philastr.
1792 3377 1899 3434 haeres.

201 3463 236 3518 dc
255 3465 415 3520 monarchia
431 3466 545 3521 adducit
562 3466 667 3522 dictum
687 3467 832 3538 Sophoclis
851 3474 878 3522 et
896 3465 1035 3520 Philemo·
1064 3469 1095 3518 4:
1118 3463 1273 3517 Dositheou
1291 3464 1421 3517 Judacus
1438 3480 1537 3532 penore
1557 3483 1643 3518 ausus
1664 3473 1706 3519 est
1728 3465 1831 3534 dicere,
1853 3482 1898 3521 re-

200 3549 251 3605 nis.
287 3549 459 3622 Theophilus
477 3552 669 3609 Antiochenus
690 3552 739 3608 lib.
759 3559 784 3608 ⁶2.
812 3552 847 3606 ad
864 3551 1036 3622 Autolycum
1063 3552 1186 3604 cundum
1201 3566 1316 3603 carnem
1335 3551 1426 3604 solum
1447 3568 1506 3605 ease
1529 3552 1676 3605 sinendum
1705 3552 1734 3604 in
1759 3553 1820 3622 laps
1839 3554 1899 3607 Do·

200 3635 282 3690 affert
301 3637 406 3692 dictum
422 3639 555 3710 Aeschyli
580 3646 608 3694 et
625 3639 717 3694 addit:
750 3639 834 3702 Quod
857 3640 937 3693 Deus
960 3638 1036 3705 iudi·
1064 3636 1146 3702 mini,
1176 3638 1265 3705 depae
1280 3641 1324 3689 'en
1342 3654 1398 3690 non
1415 3645 1531 3708 spuunt
1558 3639 1789 3693 resurrectionem
1820 3640 1899 3702 tistu-

201 3722 272 3775 cium
292 3723 330 3776 rit
346 3724 511 3778 redditurus
529 3726 558 3778 in
577 3733 699 3780 eatrcmo
725 3728 773 3780 ‹iie
797 3728 834 3781 de
857 3724 988 3794 perjurio
1012 3731 1037 3776 et
1062 3738 1125 3775 ram
1147 3739 1195 3775 nec
1215 3722 1274 3775 Dei
1292 3722 1430 3790 Spiritum
1450 3739 1500 3777 nec
1517 3723 1647 3791 anpslum
1666 3740 1725 3777 esse
1745 3726 1898 3790 credentes,

201 3808 269 3862 aliis
294 3810 432 3880 pcccatis,
459 3817 563 3881 poitoc
591 3829 699 3881 proque
728 3815 791 3875 fere
819 3812 1037 3882 praedicerent.
1063 3823 1113 3861 nec
1130 3809 1260 3873 futurum
1284 3809 1427 3877 judicium
1444 3811 1481 3862 de
1499 3809 1560 3879 δορα
1578 3816 1660 3878 atque
1679 3810 1830 3878 prophetis
1854 3828 1898 3865 cr·

201 3895 395 3966 Athenagoras
424 3895 452 3949 in
479 3898 563 3968 legat.
588 3915 638 3969 pro
660 3897 777 3954 Christ:
810 3899 897 3953 Plato
926 3897 1038 3966 quictem
1062 3901 1196 3964 spectant.
1233 3900 1256 3952 2.
1273 3895 1459 3965 Samaritani,
1473 3895 1638 3950 Philastrius
1657 3895 1763 3950 haeres.
1785 3903 1813 3951 t:
1842 3895 1897 3951 Sa-

202 3980 327 4035 Minoem
346 3989 372 4035 et
390 3982 638 4037 Rhadamanthum
655 3984 853 4054 judicaturum
876 3992 902 4036 et
923 3983 1036 4054 punitu
1062 3983 1199 4036 maritari
1216 3999 1236 4035 a
1253 3998 1318 4050 repe
1334 3981 1467 4036 Samario
1485 3982 1528 4036 cei
1548 3985 1699 4037 secundum
1711 3982 1785 4036 alios
1798 4000 1817 4036 a
1829 3984 1897 4052 filio

200 4085 262 4120 rum
281 4068 372 4121 maios
391 4069 472 4121 elicit.
509 4070 571 4122 Nos
590 4076 682 4122 autem
705 4072 764 4124 sice
782 4071 880 4125 Minos
898 4070 950 4131 sit,
979 4069 1038 4122 siue
1063 4066 1183 4121 Ouncan
1200 4068 1343 4137 appellati
1353 4068 1498 4137 judicium
1510 4069 1645 4137 scaurum
1663 4086 1719 4121 non
1732 4077 1899 4138 ereptectant,

202 4155 436 4208 Rhastanranthus
455 4155 560 4224 aliquis
576 4156 635 4210 τιάο
653 4157 736 4210 niam
761 4157 861 4210 horum
881 4162 979 4226 pater,
1003 4171 1038 4207 nc
1061 4155 1293 4208 resurrectionem
1310 4162 1419 4222 reopant.
1456 4160 1479 4208 3.
1498 4155 1696 4221 Prodianitue,
1721 4153 1898 4212 Seleuciana-

200 4257 262 4293 cum
282 4239 393 4311 quidem
419 4243 510 4311 ipsum
533 4244 709 4312 eprrpitmum
735 4259 795 4296 esse
813 4242 872 4295 Dei
893 4241 1037 4309 judicium
1063 4257 1124 4294 rum
1142 4245 1171 4293 et
1187 4238 1424 4295 Hermionitarum
1440 4237 1559 4304 soboles,
1577 4237 1706 4294 Philastr.
1727 4239 1831 4294 haeres.
1852 4246 1898 4297 56:

201 4326 381 4383 arbitramur.
407 4326 542 4400 Origenes
561 4327 590 4382 in
609 4326 697 4383 Lavit
718 4327 812 4383 homil.
827 4333 850 4382 t.
869 4327 950 4381 multi
963 4326 1037 4380 enim
1063 4326 1252 4379 Prodicnitac
1277 4326 1511 4380 resurrectionem
1539 4332 1565 4377 et
1585 4326 1729 4394 judicium
1759 4346 1815 4381 non
1838 4344 1899 4397 spe·

200 4413 240 4466 ita
258 4420 286 4468 et
304 4429 338 4468 ex
358 4413 532 4484 philosophis
552 4414 665 4485 sapiunt
683 4420 710 4469 et
732 4414 857 4468 futurum
884 4429 944 4468 esse
965 4412 1037 4483 judi·
1063 4419 1137 4466 rant.
1172 4416 1197 4467 4.
1225 4412 1369 4479 Floriani,
1395 4409 1526 4468 Philastr.
1547 4409 1711 4466 haerenti.
1748 4419 1770 4468 5.
1800 4413 1899 4466 Mani-

200 4498 273 4552 cium
305 4501 427 4556 credunt
472 4499 664 4556 'l'lrcodorctus
700 4500 735 4555 de
767 4500 879 4555 curand.
906 4499 1037 4556 (irascor.
1064 4498 1152 4565 eisaei,
1175 4497 1304 4552 Philastr.
1322 4497 1428 4554 haeres.
1447 4501 1488 4551 61.
1523 4500 1548 4551 6.
1581 4496 1804 4566 δγπιαιαοίιίααί,
1831 4497 1899 4552 Phi-

200 4582 291 4640 affect.
310 4603 337 4656 p.
360 4591 432 4642 1131.
452 4604 486 4641 ex
503 4586 622 4641 Platone
640 4587 729 4641 multa
752 4587 787 4642 de
812 4585 907 4641 futuro
928 4586 1037 4657 judicio
1063 4585 1140 4640 lastr.
1159 4585 1265 4644 haeres,
1282 4589 1322 4640 63.
1349 4589 1373 4639 7,
1394 4584 1575 4652 Barbariani,
1595 4583 1720 4638 Philastr.
1734 4584 1840 4641 haeres.
1853 4591 1899 4642 lt:

200 4669 321 4726 adducit.
358 4671 460 4726 Confer
478 4672 579 4728 Euscb.
598 4672 646 4727 lib.
671 4678 710 4728 11,
733 4672 768 4727 de
793 4687 920 4744 praepar.
941 4688 1038 4744 evang.
1064 4671 1240 4725 Borboricni
1256 4672 1334 4724 citius
1361 4669 1503 4738 implicati
1523 4669 1613 4723 seculi
1636 4678 1663 4724 ct
1687 4672 1773 4724 matrs
1800 4688 1900 4726 concu-

200 4773 223 4810 c.
242 4760 284 4813 tt).
308 4756 372 4812 Huc
389 4756 487 4812 referri
507 4759 591 4812 ctiam
609 4766 726 4828 possunt
742 4758 856 4815 oracula
872 4747 1038 4830 sibyllarum
1061 4758 1208 4827 piscentiis
1227 4757 1376 4811 seruantes
1394 4773 1450 4809 non
1466 4764 1584 4826 sperant
1596 4757 1740 4825 judiciium
1760 4759 1897 4822 futurum,

201 4845 235 4899 de
253 4846 374 4898 extremo
388 4842 497 4914 judicio
514 4842 561 4898 lib.
581 4848 605 4900 8.
626 4844 643 4897 i.
666 4849 729 4900 tet:
1064 4845 1116 4898 sed
1130 4845 1225 4913 potius
1246 4843 1391 4896 carnalem
1404 4843 1493 4896 seculi
1506 4843 1759 4911 conccupiscentiam
1771 4843 1899 4911 laudant,

235 4927 364 5005 Oisporis
383 4934 485 4998 είλίξει,
505 4936 587 5001 γαίης
605 4933 773 5005 κευθμῶνας
792 4927 904 4998 ἀνοίξει,
1063 4929 1094 4982 in
1113 4946 1226 4984 coenum
1247 4935 1341 4982 euntes
1360 4935 1385 4981 et
1402 4928 1470 4981 inde
1488 4928 1569 4984 obiiti
1587 4931 1623 4983 de
1642 4924 1727 4982 coeno
1747 4929 1845 4994 surim
1873 4939 1900 4984 et

234 5021 281 5070 καὶ
298 5012 358 5072 τότ’
380 5012 531 5084 ἀναστήσει
549 5021 655 5083 νέκυας,
674 5023 780 5091 μοῖραν
798 5015 956 5080 καταλύσας
1063 5017 1188 5069 rnembra
1204 5034 1256 5070 sua
1275 5015 1445 5077 deformant.
1481 5021 1505 5072 6.
1535 5015 1672 5084 Gnostici,
1696 5032 1765 5085 quoe
1784 5022 1813 5071 ct
1830 5015 1899 5072 Bor·

234 5109 281 5156 rut
299 5096 427 5158 θανάτου
444 5107 567 5177 κέντρον,
585 5108 632 5157 καὶ
654 5103 770 5177 ὕστερον
787 5109 826 5166 είς
846 5110 938 5180 κρίσιν
956 5100 1012 5171 ἥξει
1062 5101 1192 5158 Βοήαοοε
1215 5102 1274 5156 sive
1291 5099 1452 5158 Borboritas
1471 5109 1586 5159 vocatos
1604 5100 1691 5155 finisse
1718 5103 1817 5158 urent
1841 5103 1899 5159 Au·

235 5193 338 5262 κρίνων
355 5191 490 5257 εὐσεβέων
506 5193 554 5242 καὶ
573 5189 731 5257 incoeptore
751 5195 815 5259 βίον
834 5188 954 5265 ἀνδρῶν,
1062 5187 1192 5261 gustitrus
1210 5187 1256 5243 lib.
1280 5187 1315 5243 de
1333 5187 1436 5242 haeres.
1457 5189 1494 5244 ad
1520 5187 1689 5252 Quodvultd.
1711 5205 1736 5242 c.
1754 5194 1779 5244 6.
1812 5196 1837 5246 9.
1846 5190 1899 5244 At

234 5272 379 5349 intepuit
398 5277 468 5350 κριῷ
485 5278 533 5328 καὶ
553 5280 676 5348 ποιμένα
695 5280 811 5350 ποιμένι
829 5272 911 5344 θήσει
1063 5276 1197 5329 lunenses
1217 5275 1327 5345 docent,
1352 5275 1512 5330 unicmsalc
1529 5274 1671 5344 judicium
1690 5276 1756 5344 jam
1774 5293 1832 5331 esse
1851 5279 1900 5341 fa·

235 5365 281 5414 urst
297 5356 409 5435 μόσχον
427 5358 527 5435 μόσχῳ
547 5365 634 5423 πέλας
652 5357 779 5430 ἀλλήλων
795 5364 824 5424 ές
844 5364 965 5434 ἔλεγχον.
1048 5294 1144 5421 ictsnn.
1181 5360 1274 5418 Guido
1293 5362 1322 5417 in
1343 5379 1440 5416 summ.
1458 5377 1483 5419 c.
1503 5360 1538 5415 de
1554 5360 1705 5416 Albanens.
1741 5361 1779 5415 Hi
1804 5378 1898 5418 omncs

236 5450 336 5507 οἵτινες
357 5443 513 5517 ὑιγόθησαν
530 5442 712 5522 ἐλεγχόμενοι
735 5444 784 5501 ὑπ’
806 5449 936 5520 ἐλέγχων,
1063 5466 1097 5503 ac
1116 5449 1215 5521 reliqui
1235 5449 1359 5519 ejusdem
1378 5449 1486 5505 farinae
1503 5448 1547 5502 vel
1567 5449 1660 5518 potins
1677 5448 1791 5502 furfuris
1805 5448 1899 5505 haere·

236 5538 283 5590 rut
302 5530 394 5608 στόμα
414 5532 522 5597 παντὸς
540 5536 673 5611 ἔφραξαν,
692 5531 733 5591 ir'
752 5535 833 5590 circi
851 5531 1019 5604 ζηλώσαντες
1063 5535 1111 5591 tici
1131 5535 1195 5592 ideo
1210 5542 1349 5608 negarunt
1365 5540 1520 5595 extremm
1541 5533 1688 5606 judicium,
1707 5541 1740 5589 ut
1758 5539 1839 5591 tanto
1857 5550 1899 5590 se-
