4050 6014
195 204 233 262 m
406 260 409 265 ,
846 193 1079 252 marsuas
1094 192 1259 251 memus

192 350 249 413 Qui
271 350 363 405 eredit
384 349 491 419 inme,
519 350 752 420 nonjudicatsm
777 350 827 420 qui
848 357 939 407 asem
966 368 1023 405 non
1049 351 1290 420 nonjudicantur
1309 336 1478 419 s'tpereunt,
1495 350 1532 402 ds
1552 348 1883 418 quibuspsoplsstaait:

191 436 287 500 credit,
305 437 367 504 iam
382 436 529 505 iudicatus
549 442 588 489 ert
609 443 657 491 etc.
684 434 752 490 (λιιι
770 436 848 501 dicit,
867 436 918 505 qui
934 437 1024 490 eredit
1049 437 1116 490 Non
1134 444 1279 505 resurpent
1296 436 1380 506 impii
1398 436 1428 489 in
1441 435 1569 504 judicie,
1594 443 1619 488 et
1645 437 1681 488 de
1702 430 1802 504 quibus
1821 435 1881 488 Do-
1894 448 1941 490 ιιι.

193 522 224 575 in
236 538 288 590 me,
308 539 364 576 non
370 522 558 590 judicabitur,
577 522 675 575 eaemit
685 522 800 591 judicio
809 522 913 589 fideles
925 529 951 574 et
962 539 1023 574 mun
1050 522 1141 576 minus
1160 523 1218 576 ait:
1252 520 1308 584 Qut
1325 529 1417 576 autem
1440 539 1497 574 non
1520 521 1625 584 credit,
1651 522 1712 589 jam
1732 520 1881 590 judicatus

190 607 322 676 subiecit,
347 607 399 676 qui
422 614 513 660 autem
531 625 587 660 non
605 608 708 675 medii,
728 608 792 676 jam
805 608 956 677 judicatus
974 614 1023 668 est,
1050 617 1098 674 est,
1118 617 1144 662 et
1162 611 1198 662 de
1219 607 1318 678 quibus
1335 608 1445 662 Paulus
1464 609 1520 662 ait:
1556 607 1611 671 Qui
1626 608 1686 662 sine
1702 608 1763 675 iepe
1781 623 1880 676 pecca·

190 710 247 748 non
271 693 388 747 admisit
414 696 455 746 ad
475 693 614 761 iudics'mu
633 693 769 758 infideles.
804 693 885 762 Erpa
909 693 935 746 si
965 708 1023 745 cre·
1048 703 1155 761 cenent,
1181 695 1242 748 sine
1268 695 1329 762 lepe
1357 695 1494 764 peribunt.
1528 695 1690 764 Rerurqunt
1710 710 1777 762 erqo
1795 693 1880 747 etiarn

192 782 287 834 dentes
308 780 407 833 memit
424 787 450 833 st
471 778 575 848 reputit
592 778 732 847 infideles,
752 779 844 831 necin
862 778 1018 832 bosneein
1050 797 1144 835 omnes
1157 780 1295 848 infideles,
1315 782 1368 834 sed
1378 783 1419 834 ad
1429 788 1601 850 tormentum
1613 797 1669 835 non
1682 781 1879 849 adjudicium,

190 865 257 921 illas
270 866 379 934 judicii
395 873 470 920 sorte
485 863 632 935 permissa,
650 866 787 934 quomodo
803 864 950 918 conuenire
967 863 1023 917 eibi
1051 867 1116 920 Non
1134 867 1208 920 enim
1226 882 1321 920 eorsum
1349 874 1414 920 truse
1439 884 1527 921 causa
1553 866 1716 935 disceditur,
1746 867 1815 935 quia
1840 868 1880 920 ad

191 953 250 1017 lucc,
268 954 345 1020 meod
363 951 476 1005 tertium
487 951 537 1019 ait,
555 949 779 1005 enistimabitur.¹
798 951 862 1005 Hoc
875 957 916 1005 est
929 957 1022 1003 autem
1051 959 1229 1020 conspectum
1248 950 1373 1005 districti
1388 952 1492 1019 iudicis
1516 970 1578 1007 cum
1606 952 1786 1007 ᾱαιιιιιαιίοιιι
1813 968 1880 1006 snae

193 1039 345 1107 iudicium,
368 1037 436 1107 quia
455 1037 504 1092 lua
521 1038 597 1091 uenit
618 1037 649 1091 in
667 1039 801 1090 msurdsrm
817 1044 844 1090 et
864 1037 1023 1090 dilexerunt
1047 1036 1226 1103 infidelitatis
1258 1038 1402 1091 Meedunt.
1467 1039 1661 1107 Pr0fessionss
1698 1054 1787 1106 opera
1824 1056 1879 1091 uon

191 1125 314 1179 hommes
331 1123 422 1192 maqis
439 1123 567 1177 tenebras
585 1122 788 1191 quantacun,
810 1139 867 1175 non
884 1121 957 1175 enim
972 1136 1022 1188 po·
1047 1124 1186 1190 lsabmtes,
1206 1124 1426 1192 ,redamuumur
1450 1132 1480 1178 ut
1501 1132 1640 1194 pereant,·
1669 1124 1720 1194 qui
1739 1141 1807 1179 uero
1830 1141 1880 1178 nee

192 1219 242 1266 test
260 1209 353 1264 uideri
372 1210 450 1263 meus
475 1208 590 1262 relictus
613 1226 670 1262 esse
687 1209 817 1276 judicio,
845 1225 906 1262 eum
934 1222 1022 1276 neque
1046 1209 1117 1272 fidei
1126 1217 1305 1263 sacramenta
1314 1216 1469 1266 tenuerunt.
1488 1211 1709 1279 increpationem
1726 1210 1835 1276 iudicis
1849 1211 1880 1264 in

186 1297 289 1368 fideles
307 1312 393 1366 neque
411 1295 541 1360 infideles
559 1294 614 1349 sint
631 1294 791 1362 iudicandi.
819 1295 859 1348 Et
876 1294 945 1347 baec
962 1292 1021 1361 qui·
1049 1301 1171 1348 musmo
1190 1294 1394 1350 eaaminatione
1414 1313 1471 1348 non
1489 1296 1624 1363 αιιιίίαιιε,
1648 1296 1715 1364 quia
1729 1297 1878 1365 praejudi-

192 1385 253 1437 dem
272 1383 314 1435 ita
331 1397 391 1435 esse
410 1380 587 1434 auditoribus
607 1380 809 1449 neqliqmtibus
828 1387 854 1433 et
872 1377 1022 1433 lectoribus
1048 1380 1106 1434 cati
1124 1379 1307 1446 infidelitatis
1325 1396 1395 1434 suae
1414 1381 1541 1450 tenebris,
1561 1382 1632 1450 ejus,
1651 1399 1731 1450 quem
1751 1383 1879 1450 despens-

191 1468 342 1523 incuriasis
364 1467 547 1534 uidebuntur,
574 1474 693 1521 ceterum
716 1468 747 1520 in
773 1482 803 1520 se
829 1464 923 1519 uerius
951 1465 1016 1532 ipsa
1046 1472 1122 1530 rant,
1138 1465 1291 1520 invectione
1309 1468 1450 1534 redcrpui
1464 1484 1521 1520 non
1539 1474 1685 1520 murentur.
1714 1467 1769 1520 Illi
1780 1466 1878 1520 saitem

190 1554 336 1609 amborum
359 1552 523 1622 proprietas
550 1552 622 1606 dicti
650 1551 864 1620 iutelliqentiam
891 1551 1021 1605 continet.
1042 1551 1155 1622 judicis
1171 1553 1256 1605 rerba
1274 1553 1403 1618 audiunt,
1422 1552 1570 1621 quincius
1584 1551 1660 1620 fidei
1675 1553 1775 1605 saitem
1794 1552 1878 1607 uerba

194 1641 249 1704 Qui
264 1637 364 1705 credit,
381 1638 479 1709 inquit.
497 1657 553 1694 non
563 1639 751 1708 judicabitur.
790 1637 868 1700 Quid
884 1636 957 1690 enim
974 1652 1021 1690 ne·
1047 1646 1209 1706 tenuerunt,·
1235 1639 1287 1693 isti
1311 1639 1341 1693 iu
1367 1638 1547 1692 damnatione
1569 1656 1620 1692 msa
1646 1640 1755 1692 aeter-ni
1767 1639 1879 1708 judicis

193 1742 266 1781 cesse
296 1732 338 1779 est
358 1725 496 1794 judicare
522 1726 698 1780 credentem.¹
731 1724 870 1792 iudicium
895 1722 968 1776 enim
989 1738 1022 1775 en
1046 1741 1095 1779 nsc
1118 1724 1205 1778 rerba
1228 1725 1410 1794 percipiunt,
1439 1725 1508 1794 quia
1535 1724 1597 1793 ejus
1622 1726 1806 1778 reuerentiam
1831 1740 1879 1778 nee

192 1812 330 1882 numquis
348 1811 430 1866 rebus
449 1812 555 1865 aenstit
573 1819 600 1865 et
617 1811 800 1879 ambiquitats
813 1811 929 1863 ademta
942 1808 1020 1877 iudi·
1045 1810 1209 1863 uerbotenus
1227 1826 1342 1864 servare
1360 1810 1515 1868 uoluerunt.
1539 1809 1594 1864 Ilii
1607 1809 1738 1877 leqaiiter
1751 1817 1880 1879 pereunt,

192 1899 232 1953 cii
253 1916 309 1952 nen
328 1898 509 1953 desideratur
529 1913 650 1952 enamsn
686 1897 732 1950 Ee
755 1912 810 1965 quo
832 1911 867 1949 ne
890 1894 1020 1958 infideles
1046 1896 1252 1966 quiasubleqe
1261 1896 1355 1964 positi
1369 1903 1576 1965 peccauerunt5
1593 1895 1656 1949 istis
1672 1895 1703 1949 in
1716 1896 1878 1963 perditione

192 1983 305 2054 quidem
323 1999 432 2038 necesse
455 1990 495 2037 est
518 1983 659 2049 iudicari,
684 1981 753 2050 quia
770 1980 937 2048 ansbiquitas
957 1997 1020 2033 cum
1045 2000 1099 2036 sua
1117 1984 1153 2036 de
1170 1983 1231 2053 leqe
1249 1982 1323 2037 ntttt
1348 1982 1463 2050 dicitm,
1490 1983 1559 2051 quia
1584 1981 1657 2036 nibil
1682 1981 1753 2050 leqis
1777 1981 1879 2035 babere

192 2069 321 2136 infideles
338 2069 403 2135 sint,
422 2086 479 2123 non
497 2070 608 2123 resedit.
646 2069 706 2123 Sed
724 2069 837 2122 ademto
853 2066 884 2120 in
904 2067 1018 2120 creden·
1047 2069 1142 2122 conati
1157 2077 1230 2147 sunt.
1265 2053 1404 2138 Princ'eps
1421 2084 1539 2137 namque
1565 2075 1706 2122 terrenam
1728 2068 1879 2137 rempubli-

192 2164 231 2210 ter
254 2173 310 2209 non
332 2155 528 2224 credentesque
547 2154 663 2223 judicio
682 2171 796 2209 causam
817 2153 957 2207 Dominus
970 2151 1020 2221 ju·
1046 2172 1107 2208 cam
1127 2171 1226 2222 reqeus
1245 2153 1329 2207 aliter
1343 2154 1427 2224 punit
1446 2154 1530 2208 ciuem
1542 2154 1660 2208 interino
1672 2153 1877 2225 delinquentem

192 2241 263 2296 dicii
287 2247 314 2295 et
339 2246 480 2306 auctores,
509 2239 540 2293 in
564 2256 633 2309 quos
648 2239 784 2309 judicari
802 2254 913 2292 necesse
941 2244 1020 2300 esset,
1046 2247 1129 2310 atque
1157 2241 1243 2295 aliter
1268 2239 1389 2294 emerius
1412 2240 1518 2294 bostem
1538 2240 1727 2295 rebellantem.
1761 2238 1800 2293 Iu
1827 2239 1879 2294 sila

193 2327 307 2397 adjecit
345 2326 417 2381 Sunt
434 2327 506 2380 enim
525 2326 618 2398 aliqui
635 2325 708 2381 inter
726 2324 826 2394 impios
842 2324 959 2392 piosque
972 2323 1023 2392 qui
1045 2326 1115 2395 jura
1140 2344 1193 2381 sua
1220 2325 1341 2381 consulit
1369 2342 1484 2396 eumque
1504 2325 1555 2380 sub
1573 2326 1664 2380 uerbis
1684 2326 1789 2394 diqnae
1807 2324 1879 2378 inus·

193 2412 280 2485 medii
286 2421 358 2482 runt,
373 2430 406 2466 ea·
417 2412 675 2482 utroqusadmiati,
688 2412 782 2466 neutri
791 2418 885 2464 tamen
894 2409 1021 2479 proprie,
1047 2413 1150 2467 stiouis
1168 2412 1288 2480 addicit,
1306 2419 1406 2467 contm
1424 2412 1529 2467 hortem
1545 2428 1612 2467 uero
1630 2411 1705 2466 bella
1724 2417 1821 2474 mouet,
1839 2411 1879 2464 in·

192 2500 260 2573 quia
275 2500 305 2553 iu
321 2499 354 2553 id
373 2499 463 2568 ipsum
480 2498 654 2552 constiterint
673 2513 707 2551 es
724 2504 855 2565 utroque,
879 2511 930 2550 nec
953 2495 1023 2562 (idei
1047 2484 1210 2553 strumenta
1219 2498 1392 2568 perditionis
1406 2505 1512 2552 euercet
1523 2499 1664 2568 diqnaqus
1678 2497 1740 2565 eius
1752 2496 1879 2552 malitiae

193 2585 375 2655 admiscendi,
392 2584 460 2654 quia
479 2585 516 2639 sit
535 2584 594 2638 iilis
614 2582 727 2652 aliqrsid
743 2581 915 2646 infirmitatis
934 2581 1020 2635 inser-
1047 2591 1186 2638 tormenta
1204 2584 1346 2648 retribuit,
1364 2585 1400 2638 de
1420 2584 1579 2639 maiorm
1599 2585 1661 2652 ejus
1678 2586 1749 2653 quid
1766 2584 1813 2639 lec
1829 2585 1879 2639 lsa-

192 2680 258 2739 tum,
275 2686 324 2727 nec
337 2669 503 2740 infidelitati
513 2669 677 2738 deputandi,
696 2667 763 2737 quia
777 2667 891 2737 aliquid
902 2665 1022 2720 babeant
1048 2670 1118 2735 beat,
1137 2688 1193 2724 non
1210 2669 1339 2740 requirit.
1375 2670 1472 2740 Neque
1488 2671 1561 2725 enim
1580 2670 1641 2740 lepe
1655 2686 1765 2724 necesse
1777 2677 1817 2725 esi
1829 2686 1878 2740 pe·

191 2766 217 2811 et
227 2758 307 2827 fidei.
342 2756 447 2811 Plures
462 2773 581 2826 namque
596 2754 655 2809 Dei
667 2761 755 2809 metus
772 2754 803 2807 in
822 2752 941 2808 ecclesia
958 2768 1021 2805 con
1047 2756 1123 2823 rimi,
1143 2755 1194 2825 qui
1212 2756 1300 2823 lcqem
1312 2773 1369 2809 uon
1382 2756 1475 2828 potuit
1493 2763 1595 2811 tenere.
1630 2755 1679 2809 Ita
1699 2771 1766 2825 erqo
1785 2755 1816 2809 in
1834 2773 1879 2811 en·

192 2843 272 2912 tinet,
300 2843 354 2897 sed
379 2843 490 2896 eosdem
513 2849 605 2897 tamen
624 2842 666 2896 ad
681 2840 825 2896 secularia
844 2839 915 2894 uitia
933 2839 1022 2894 seculi
1048 2849 1133 2896 tremo
1146 2841 1264 2910 judicie
1283 2849 1309 2895 et
1328 2842 1432 2911 lepalis
1449 2841 1532 2896 illum
1549 2841 1666 2896 invectio
1682 2843 1813 2913 permitit,
1831 2843 1881 2912 qui

192 2929 383 2983 blandimenta
405 2928 556 2983 solicitant.
595 2927 701 2991 Orant,
727 2927 794 2996 quia
818 2927 927 2994 timent,
954 2942 1022 2995 pec·
1047 2926 1083 2980 ab
1103 2943 1134 2981 eo
1150 2930 1227 2997 quod
1242 2928 1424 2997 professione
1443 2927 1541 2996 tenuit,
1559 2927 1667 2982 actione
1687 2927 1840 2983 declinarit
1854 2937 1879 2984 et

192 3020 272 3080 sant,
292 3015 360 3085 quia
376 3013 487 3076 uolunt;
517 3010 693 3067 Christianos
710 3028 739 3066 ss
757 3019 931 3081 nuncupant,
954 3009 1022 3080 quia
1047 3011 1101 3066 iste
1117 3013 1178 3067 sine
1189 3013 1302 3082 judicii
1319 3013 1472 3068 invectione
1487 3013 1647 3084 perimitur,
1667 3015 1717 3084 qui
1731 3015 1793 3082 lepe
1805 3015 1880 3083 fidei

192 3100 265 3155 bona
276 3108 316 3154 est
327 3117 390 3170 spes
400 3099 573 3154 aeternitates
579 3098 722 3167 ,perutilia
730 3105 825 3166 apuut,
838 3097 906 3166 quia
916 3097 1022 3152 blanda
1047 3115 1104 3151 non
1121 3105 1240 3156 tenetur.
1269 3099 1316 3153 En
1333 3100 1483 3154 electorum
1500 3116 1565 3154 uera
1578 3106 1663 3168 parte
1680 3100 1735 3153 alii
1743 3100 1879 3169 judican-

188 3185 354 3257 praesentia
375 3191 455 3249 ssent5
484 3184 568 3253 impii
583 3201 640 3237 uon
662 3191 787 3252 manmit,
812 3182 880 3252 quia
903 3181 947 3237 luis
964 3183 1024 3237 Dei
1048 3191 1094 3238 tur
1112 3191 1138 3238 et
1156 3192 1289 3252 reqnant,
1315 3185 1364 3254 qui
1381 3185 1456 3238 ritae
1474 3185 1603 3239 maculas
1625 3185 1759 3254 lacrymis
1779 3193 1880 3254 tepunt,

192 3287 290 3326 nomen
307 3271 337 3326 in
356 3287 405 3325 ore
423 3276 480 3338 sst;
508 3268 554 3338 pii
572 3285 628 3322 non
644 3277 722 3338 sunt,
746 3269 814 3338 quia
831 3284 903 3338 quae
919 3267 1024 3339 pietati
1048 3271 1098 3339 ραιΙ
1109 3270 1187 3324 mala
1200 3271 1404 3341 praecedentia
1414 3272 1502 3336 factis
1514 3272 1690 3342 sequentibus
1704 3272 1880 3341 redimentes,

191 3365 255 3413 sunt
273 3358 380 3422 aliena,
395 3362 538 3410 sectantur
556 3361 606 3410 etc.
626 3354 656 3409 in
674 3372 720 3410 sos
736 3370 802 3423 erqo
814 3355 959 3424 judicium
974 3361 1023 3419 est,
1049 3355 1189 3425 quidquid
1213 3355 1344 3410 illicitum
1373 3357 1531 3427 aliquando
1551 3359 1699 3424 fecerunt,
1726 3357 1762 3411 ab
1791 3358 1880 3413 oculis

192 3444 346 3514 quodiam
365 3444 396 3499 in
413 3442 576 3498 incredulos
591 3448 685 3496 actum
704 3449 745 3496 est
769 3449 796 3496 et
824 3442 854 3495 in
881 3442 1023 3494 eredentes
1047 3441 1155 3510 judicis
1189 3441 1427 3511 eleemosynarum
1459 3443 1676 3514 superductione
1706 3444 1879 3512 cooperiunt,

192 3549 248 3585 non
277 3529 466 3586 necessarium
494 3536 549 3594 est,
580 3527 649 3599 quia
675 3527 765 3596 maqir
790 3527 919 3582 tenebras
939 3543 1023 3597 quam
1049 3528 1148 3597 quibus
1172 3529 1300 3584 dicetur:
1335 3529 1430 3584 Venite
1451 3529 1603 3596 benedicti,
1625 3530 1733 3584 esuriei
1754 3529 1829 3584 enim
1853 3537 1879 3584 et

193 3616 285 3670 iumen
298 3616 466 3679 dilexerunt,
485 3632 541 3670 non
558 3614 636 3685 quod
651 3629 707 3668 non
720 3612 870 3667 diieaerint
883 3613 1022 3676 etlumen,
1050 3614 1168 3668 dedistis
1185 3614 1255 3668 mibi
1272 3617 1445 3669 manducare
1457 3623 1507 3672 etc.
1537 3615 1602 3669 Alii
1619 3623 1711 3669 autem
1728 3632 1785 3670 nen
1795 3615 1878 3685 judi·

192 3702 244 3756 sed
263 3702 339 3771 qssod
357 3701 472 3756 dilectio
492 3699 554 3754 illis
567 3698 664 3767 fiterit
681 3698 774 3767 maqis
786 3714 932 3768 propensa
949 3705 1022 3752 tene·
1048 3708 1148 3754 cantur
1167 3708 1191 3754 et
1211 3709 1343 3769 repetant,
1373 3702 1424 3771 qui
1445 3701 1530 3758 stiam
1551 3710 1705 3772 praecepta
1724 3702 1797 3770 lepis
1811 3718 1877 3772 per·

193 3787 320 3855 manunt,
339 3785 491 3855 praeferri
509 3785 582 3838 enim
603 3783 675 3838 solet
693 3783 842 3837 dilectioni
861 3799 894 3837 ec
911 3800 1022 3852 campa·
1047 3788 1168 3851 factione
1187 3786 1320 3842 uirtutum
1336 3791 1546 3855 transcendunt,
1567 3788 1617 3857 qui
1634 3803 1809 3860 nequaquam
1827 3789 1897 3843 bec<

193 3871 303 3927 ratione
319 3870 443 3935 dilectio,
463 3877 490 3923 et
507 3869 572 3923 ltine
585 3869 729 3938 juds'cium
748 3876 796 3937 est,
815 3869 882 3938 quia
899 3885 960 3922 eum
980 3869 1021 3924 di·
1047 3874 1153 3942 solum,
1180 3875 1256 3943 quod
1274 3875 1380 3928 cunetis
1399 3875 1445 3928 lea
1465 3874 1563 3928 diuina
1580 3875 1737 3944 praecipit,
1761 3875 1879 3944 implere

193 3957 309 4013 teuertm
324 3957 471 4024 Christum,
489 3954 580 4023 mapis
598 3963 690 4009 tamen
708 3955 835 4010 tenebras
855 3955 1022 4010 diicnemmt.
1047 3960 1170 4014 corstenti
1185 3967 1263 4027 sunt,
1285 3961 1336 4014 sed
1354 3961 1565 4031 praestantiori
1587 3961 1729 4015 desiderio
1747 3962 1814 4028 plus
1833 3979 1877 4016 ee·

194 4045 236 4098 Hi
253 4060 319 4114 erpo
339 4041 557 4111 iudicabuntur,
576 4041 646 4112 quia
661 4056 749 4110 neque
766 4049 797 4094 ut
808 4040 857 4111 pii
874 4057 929 4096 non
940 4040 1021 4128 ‚iudi-
1047 4046 1140 4100 iibere
1151 4053 1294 4116 appetunt,
1315 4063 1400 4116 quam
1407 4046 1570 4117 praeceptis
1583 4046 1761 4114 peneralibus
1776 4050 1878 4102 audire

195 4131 342 4199 rabuntur,
372 4144 460 4199 neque
470 4128 536 4197 jam
548 4127 662 4197 fuerint
678 4135 709 4180 ut
726 4120 809 4198 impii
824 4127 966 4198 judicati,
990 4127 1020 4182 in
1044 4139 1209 4202 potuerunt,
1235 4132 1334 4201 quibus
1351 4133 1503 4188 Dominiea
1519 4148 1586 4187 uoce
1604 4132 1728 4186 dicitur:
1759 4132 1814 4188 Vos
1830 4135 1879 4204 qui

193 4233 263 4286 quas
294 4232 327 4272 su
348 4215 484 4285 mactata
508 4214 604 4284 potius
634 4212 782 4268 dilectione
804 4213 944 4282 iudicium
973 4221 1020 4268 est.
1047 4217 1204 4286 reliquistis
1228 4217 1337 4282 omnia,
1360 4217 1494 4272 sedebitis
1513 4235 1598 4288 super
1617 4219 1732 4273 tironos
1752 4227 1800 4276 etc.
1837 4221 1901 4275 Hs·-

195 4300 371 4374 Augustinus
388 4316 468 4356 serm.
487 4303 527 4356 3&
546 4298 582 4355 de
602 4303 703 4354 senet:
729 4297 779 4352 Ad
797 4298 942 4368 judicium
966 4316 1021 4352 non
1049 4319 1114 4372 erqo
1133 4310 1207 4357 recte
1223 4302 1273 4355 sub
1291 4302 1419 4371 perserali
1428 4303 1543 4372 judicio
1559 4321 1616 4359 nen
1631 4312 1764 4370 tenentur,
1783 4305 1834 4375 qui
1852 4314 1878 4360 st

193 4389 305 4443 ueniunt
321 4403 372 4441 nec
383 4385 503 4459 paqani,
520 4401 571 4440 nec
589 4384 731 4450 baeretici,
748 4400 799 4439 nec
815 4384 933 4454 Juemt,
953 4384 1021 4454 quia
1045 4395 1198 4458 praecepta
1223 4387 1370 4457 qeneralia
1391 4389 1510 4443 uiuendo
1535 4390 1669 4444 uicerunt.
1706 4391 1785 4446 Sicut
1805 4391 1877 4445 enim

194 4476 230 4528 de
249 4474 320 4543 ipsis
333 4473 485 4542 scriptum:
501 4471 552 4544 qui
558 4488 614 4526 nen
626 4470 723 4540 eredit,
740 4469 802 4539 iam
812 4471 963 4541 judicatus
974 4476 1020 4525 est.
1048 4493 1104 4529 non
1121 4474 1290 4543 iudicantur
1312 4482 1339 4528 et
1362 4481 1501 4542 pereunt,
1531 4476 1581 4544 qui
1602 4477 1738 4530 madente
1753 4477 1878 4546 pertidia

194 4559 319 4614 Isidorus
335 4557 384 4614 lib.
401 4564 422 4613 1.
441 4561 557 4613 sentent
575 4573 599 4612 c.
612 4561 659 4616 30:
693 4553 729 4610 In
746 4556 856 4624 iudicio
878 4556 1021 4626 perfecto·
1047 4560 1135 4631 ieqem
1160 4567 1253 4615 tenere
1278 4566 1467 4627 contemnrmt,
1499 4561 1541 4614 ita
1572 4579 1630 4615 non
1651 4562 1822 4630 judicantur
1852 4571 1878 4617 et

193 4663 256 4700 rum
274 4645 346 4699 ordo
364 4661 436 4698 unus
455 4651 502 4713 est,
520 4643 570 4713 qui
582 4661 644 4697 cum
658 4643 780 4697 Domino
787 4642 898 4712 judicet
909 4651 935 4697 et
946 4643 1021 4697 alius
1047 4654 1179 4715 requent,
1199 4647 1250 4716 qui
1266 4648 1400 4702 suadente
1412 4646 1521 4717 pietate
1539 4645 1622 4702 etiam
1641 4648 1718 4702 ultra
1736 4649 1879 4718 qeneratis

128 4790 133 4799 .
194 4731 244 4803 qui
254 4731 402 4800 judicatur
417 4737 466 4783 etc.
491 4729 534 4783 Hi
552 4730 601 4801 qui
616 4730 694 4785 intra
710 4729 856 4784 ecclemam
868 4738 932 4783 eiust
942 4729 1020 4799 mali,
1048 4733 1161 4787 diuinae
1178 4732 1248 4801 lepis
1261 4739 1415 4803 praecepta
1428 4733 1589 4803 proficiunt.
1618 4733 1697 4799 Quae
1713 4734 1877 4793 verbeGre·

187 4816 346 4888 judicandi
363 4822 428 4869 eunt
447 4822 473 4869 et
489 4816 660 4884 damnandi,
682 4817 733 4886 qui
749 4832 814 4870 sera
833 4821 913 4871 satra
935 4816 1020 4870 seck-
1046 4818 1119 4890 gorii
1144 4817 1247 4889 alleget
1272 4816 1446 4875 Lomburdus
1461 4824 1485 4875 4.
1515 4825 1584 4875 sent.
1618 4819 1682 4876 dist,
1711 4827 1753 4878 tt.
1781 4820 1822 4876 lit.
1845 4819 1876 4878 (l.

193 4904 265 4959 mam
278 4901 440 4957 inveniendi
452 4909 525 4967 sunt,
543 4918 599 4955 non
616 4909 678 4955 sunt
684 4901 844 4971 judicandi
853 4903 905 4957 sed
915 4909 1021 4956 tantum
1047 4903 1210 4975 deulphus
1227 4904 1414 4961 Fissianensis
1432 4905 1480 4960 lib.
1502 4909 1543 4962 12.
1561 4904 1590 4960 in
1607 4905 1692 4962 Levit
1717 4923 1741 4962 e.
1758 4912 1785 4962 l:
1811 4909 1876 4961 Cum

194 4988 360 5044 damnandi.
401 4984 554 5056 Gregorius
574 4985 635 5041 libr.
653 4991 696 5044 26.
719 4985 815 5043 morel.
840 5002 864 5042 e.
882 4992 928 5044 20:
958 4988 1022 5043 Alii
1048 4990 1245 5060 adjudicium
1262 5009 1343 5046 suum
1360 4991 1488 5048 Christus
1505 4991 1626 5060 uenerit,
1652 4991 1798 5046 uniuersae
1818 5007 1877 5046 cre·

193 5075 532 5146 iudicanturetpmmmt,
546 5071 1021 5144 aliinonjudicanturetpereunt5
1049 5075 1172 5132 dentium
1199 5077 1388 5133 numatius
1413 5077 1517 5150 tripiea
1535 5077 1731 5147 impartitio,
1760 5077 1877 5149 quidam

195 5161 250 5216 alii
265 5161 432 5230 iudicantur
455 5164 480 5213 et
497 5166 631 5229 reqnant,
655 5158 710 5214 alii
733 5177 789 5215 non
804 5160 977 5230 judicantur
995 5171 1023 5217 et
1048 5162 1122 5217 euim
1138 5180 1200 5216 cum
1218 5179 1251 5218 eo
1262 5163 1441 5233 judicabmst,
1465 5163 1521 5218 alii
1535 5163 1745 5233 iudicabuntur,
1762 5164 1812 5234 qui
1827 5163 1876 5220 ite·

194 5255 320 5318 sequent.
355 5246 529 5301 Judicantur
551 5252 577 5298 et
597 5252 727 5316 pereunt,
749 5246 849 5314 quibus
867 5249 1021 5304 Dominiea
1047 5266 1111 5302 rum
1126 5245 1157 5302 in
1175 5250 1248 5303 duas
1273 5256 1374 5318 partes
1398 5249 1574 5316 dividentur,
1602 5249 1658 5304 alii
1684 5251 1726 5302 ad
1748 5250 1876 5312 deseram

195 5350 260 5388 uoce
277 5333 307 5387 in
324 5333 505 5388 damnatione
521 5330 647 5385 dieitur.-
663 5331 782 5386 Esus-im
794 5340 887 5388 etnou
901 5334 1022 5391 dedistis
1048 5341 1212 5404 statuentur,
1241 5334 1296 5389 alii
1321 5337 1363 5389 ad
1390 5335 1544 5390 sinistram.
1590 5333 1701 5407 Hnymo
1729 5334 1876 5408 episeopus

197 5420 267 5474 mibi
288 5423 462 5476 manducare
478 5428 528 5477 stc.
547 5415 603 5474 alii
625 5432 692 5472 cero
717 5419 747 5472 in
770 5426 889 5473 entremo
906 5419 1022 5489 judicic
1049 5416 1284 5476 Helberststensis
1307 5420 1336 5477 in
1357 5436 1457 5478 comm.
1483 5426 1504 5476 1.
1522 5418 1646 5479 Thessal.
1666 5427 1695 5478 4:
1721 5420 1810 5496 Impii
1835 5421 1875 5476 iu·
