4050 6014
744 220 797 276 DE
815 219 998 276 EXTREMO
1016 219 1178 277 bUDICIO.
1748 232 1805 288 105

103 373 176 428 bilia
195 374 353 429 draconum
371 383 397 428 et
416 376 542 429 civitatee
561 375 659 430 Judae
676 376 706 429 in
730 375 942 437 desolationem,
968 383 1093 432 usmaro.
1123 375 1267 440 Quomodo
1286 393 1352 449 ergo
1373 376 1505 431 allessia
1522 375 1691 432 reducentur
1705 377 1733 431 in
1753 382 1807 430 ter·

103 468 133 512 ut
157 477 214 512 non
231 461 267 513 sit
293 461 443 515 habitator.
489 478 511 516 c.
539 467 578 529 19,
606 479 632 520 r.
658 467 702 516 11:
729 461 778 516 Sic
801 468 942 516 conteram
969 477 1027 515 ram
1047 461 1180 516 canaan?
1197 462 1345 516 Rnhhinus
1365 462 1476 518 Samuel
1495 461 1694 518 Marochianus
1712 462 1740 516 in
1758 461 1806 516 lib.

100 546 237 615 populum
269 547 351 599 istum
385 556 410 600 et
448 548 586 602 civitatem
618 549 715 615 mam,
748 547 821 600 sicut
852 555 942 602 conte·
969 547 1004 602 de
1031 548 1152 602 adventu
1177 549 1296 604 Moesiae
1318 566 1379 618 cap.
1407 555 1430 604 6.
1455 549 1495 604 sic
1520 549 1632 607 scribit:
1659 550 1806 618 Propheta

104 632 178 684 ritur
193 649 243 684 aas
263 634 354 700 riqult',
375 636 452 700 quod
475 652 530 688 non
549 642 644 702 potest
667 634 744 687 tsltra
766 633 940 701 instaurari;
968 639 1052 686 Amos
1073 635 1156 703 ponit
1185 652 1313 703 eapresse
1343 644 1473 703 quartum
1500 637 1591 689 scelus
1619 636 1806 688 uenditionem

105 735 130 770 v.
153 721 193 772 12.
211 720 252 771 sic
262 720 379 786 factam
399 720 547 787 locohuic,
566 721 606 772 ait
620 720 770 785 Dominus,
789 726 815 771 et
833 719 940 771 habita·
961 720 1044 787 justi,
1058 728 1181 788 propter
1200 721 1278 788 quod
1299 721 1414 787 suimus
1433 720 1463 773 in
1488 721 1671 789 captivitate,·
1696 723 1806 788 dequo

104 804 209 858 toribus
227 805 290 872 ejus
316 815 341 858 et
359 823 466 874 ponant
483 806 622 859 civdmem
639 806 721 858 istam
744 807 817 859 eiciet
838 805 940 876 tophet.
966 805 1095 874 loquitur
1120 807 1200 859 Deus
1230 807 1411 875 comminans,
1443 809 1520 874 quod
1542 823 1599 859 non
1625 808 1737 860 reducet
1754 822 1806 858 nos

103 889 213 945 Daniel.
225 896 249 957 9,
260 908 284 943 v.
297 897 344 946 26:
364 893 404 944 Et
415 892 553 945 civitatem
566 899 591 944 et
603 893 797 944 sanctuarium
816 891 938 959 dissipa·
966 891 1045 944 ultra
1063 892 1217 945 interram
1234 893 1441 960 promissionis,
1462 910 1523 945 eum
1542 891 1629 945 dicit:
1656 894 1695 945 Et
1720 908 1806 960 super

104 976 143 1029 bit
171 977 299 1046 populus
327 995 387 1029 cnm
419 980 490 1030 duce
516 985 641 1045 uenturo,
668 986 694 1031 et
711 978 777 1041 finis
796 977 857 1044 ejus
877 994 939 1029 cum
967 985 1068 1046 quarto
1092 995 1148 1030 non
1171 980 1345 1043 transferam
1369 994 1423 1044 eos,
1454 979 1586 1046 quoniam
1616 979 1805 1031 vendiderunt

105 1062 292 1115 inundatione
312 1064 375 1120 erit,
392 1071 498 1131 etpost
513 1066 595 1127 tinem
615 1063 683 1116 belli
706 1071 812 1116 statuto
834 1070 875 1115 est
892 1064 939 1116 de·
961 1065 1072 1131 justum
1094 1081 1150 1133 pro
1176 1072 1302 1134 arpenta.
1344 1066 1383 1117 Et
1406 1064 1557 1129 manifeste
1581 1072 1703 1132 apparet
1727 1062 1805 1129 mihi,

102 1148 217 1206 solatio.
236 1164 262 1203 v.
284 1152 326 1203 22.
346 1158 373 1202 et
389 1153 531 1203 demetam
549 1158 596 1213 est,
615 1153 691 1221 quod
709 1149 830 1203 stillabit
855 1166 940 1216 super
968 1150 1044 1218 quod
1063 1166 1113 1202 nos
1131 1166 1217 1219 super
1234 1149 1286 1203 illo
1301 1158 1419 1218 peccato
1434 1158 1536 1217 quarto
1550 1150 1719 1203 venditionis
1728 1149 1805 1216 justi

103 1234 316 1288 cksolationem,
355 1234 442 1290 Oseae
462 1243 491 1301 9,
524 1254 550 1289 v.
580 1243 624 1291 15:
653 1237 779 1304 Propter
801 1235 939 1288 malitiam
960 1235 1040 1304 juste
1054 1253 1148 1289 sumus
1164 1236 1268 1303 partiti.
1308 1237 1378 1289 Jam
1396 1244 1459 1288 sunt
1484 1236 1562 1290 noille
1580 1236 1650 1288 anni
1668 1244 1694 1288 et
1717 1235 1804 1302 ultra,

103 1320 333 1374 adinventionum
350 1337 446 1374 eorum
459 1324 495 1374 de
508 1324 591 1375 domo
605 1339 667 1375 mea
684 1323 798 1391 ejiciam
811 1338 866 1382 eos,
885 1337 940 1373 non
967 1322 997 1373 in
1020 1338 1074 1389 quo
1101 1329 1223 1390 tempore
1247 1321 1319 1375 nihil
1337 1321 1503 1389 proficimus
1526 1322 1599 1374 inter
1624 1328 1726 1388 pentes,
1753 1337 1803 1373 nec

103 1407 222 1474 addam,
243 1413 273 1459 ut
292 1407 414 1472 dilipant
434 1424 487 1460 eos.
505 1425 530 1460 v.
556 1414 595 1464 lt.
620 1408 745 1476 Abjiciet
770 1424 816 1460 eos
841 1407 939 1460 Domi·
968 1414 1007 1460 est
1030 1423 1094 1475 spes
1119 1408 1290 1475 proficiendi
1313 1408 1443 1476 amplius.
1479 1408 1653 1475 Eapaoesco,
1680 1405 1803 1459 Domine

103 1508 157 1544 ntes
178 1493 259 1545 Deus
277 1508 363 1555 meus,
382 1493 449 1560 quia
466 1511 521 1545 non
540 1496 693 1547 audierunt
714 1511 783 1560 mem,
808 1501 835 1546 et
859 1499 941 1546 erunt
967 1494 1014 1560 mi,
1028 1501 1056 1546 et
1074 1494 1166 1561 timeo,
1186 1496 1263 1562 quod
1284 1495 1335 1546 iste
1352 1494 1446 1560 desta,
1467 1510 1548 1561 quem
1569 1494 1666 1547 coloret
1687 1492 1803 1548 Christi·

101 1579 169 1648 oapi
184 1578 215 1631 in
231 1586 334 1646 pentes.
373 1580 468 1635 Amos.
489 1587 513 1648 5,
531 1598 556 1633 v.
575 1585 605 1636 2:
635 1581 744 1634 Cecidit
766 1588 793 1632 et
812 1597 869 1632 non
888 1581 940 1632 ad·
968 1579 1025 1647 ani,
1043 1580 1080 1632 sit
1098 1579 1149 1633 ille
1169 1580 1267 1648 justus
1293 1581 1421 1632 venditae
1440 1596 1495 1648 pro
1519 1588 1634 1647 arpenta
1654 1579 1803 1632 secundum

94 1664 190 1732 jiciet,
220 1672 251 1716 ut
276 1673 408 1733 resurqat
437 1666 518 1733 oirqo
548 1666 650 1719 lsrael.
696 1664 778 1719 Zach.
805 1671 844 1731 ll,
864 1681 890 1721 a.
911 1671 940 1720 ὃς
967 1666 1052 1719 Amos
1067 1665 1244 1735 prophetam.
1286 1666 1312 1733 3)
1331 1664 1489 1727 Pontificius
1513 1681 1547 1718 ex
1570 1664 1604 1719 N.
1630 1663 1662 1719 T.
1687 1662 1802 1733 opponi·

100 1750 176 1802 Ecce
194 1765 244 1816 eqo
264 1751 377 1803 tradam
393 1750 516 1804 homines
533 1766 751 1820 unumquemque
773 1751 803 1803 in
827 1768 940 1803 orarium
966 1769 1027 1806 mus
1050 1751 1104 1805 duo
1124 1751 1263 1805 vaticinia.
1304 1751 1385 1805 Prius
1403 1757 1445 1805 est
1462 1750 1564 1805 Christi
1588 1748 1688 1803 Matth.
1715 1753 1756 1814 23,
1776 1767 1802 1802 v.

99 1835 290 1903 proximitui
308 1844 334 1888 et
353 1837 383 1887 in
401 1853 514 1889 manum
532 1839 608 1906 repis
625 1838 680 1899 sni,
698 1847 724 1890 et
747 1838 892 1890 concident
972 1826 975 1833 ’
1007 1838 1218 1906 :Relinquetur
1237 1839 1336 1890 domus
1353 1845 1447 1890 vestra
1472 1839 1592 1899 deserta,
1621 1853 1647 1888 v.
1666 1841 1707 1892 39.
1735 1837 1800 1888 dico

101 1928 208 1974 umam
225 1928 251 1973 et
270 1939 325 1975 non
342 1939 439 1976 emman
457 1924 492 1974 de
512 1939 713 1976 manueorum.
737 1922 765 1992 2)
784 1924 939 1991 Propriam
966 1923 1144 1990 enimvobis,
1167 1939 1223 1974 non
1246 1922 1377 1975 videbitis
1401 1939 1451 1990 me,
1471 1923 1559 1974 donec
1586 1922 1698 1985 dicatis,
1724 1921 1802 1975 bene·

100 2006 281 2058 ludaeorum
307 2007 518 2074 consessionem.
576 2008 728 2063 chaldaica
762 2009 939 2080 paraphrasis
967 2010 1068 2075 dictus,
1087 2009 1137 2078 qui
1153 2010 1228 2060 verrit
1245 2008 1275 2060 in
1295 2009 1404 2060 nomine
1419 2009 1547 2076 Domini,
1564 2007 1589 2060 h.
1609 2024 1632 2061 e.
1650 2007 1749 2076 politia
1768 2022 1801 2061 an

100 2090 242 2147 bonathae
258 2091 347 2147 Ossae
364 2098 389 2158 9,
408 2110 433 2146 v.
457 2101 496 2151 15.
524 2095 564 2149 sic
588 2095 687 2151 hahet:
711 2096 834 2164 Propter
857 2095 938 2148 mali·
965 2093 1099 2164 templum
1120 2099 1240 2146 vestrum
1259 2093 1411 2147 manebunt
1429 2108 1525 2147 eversa
1550 2111 1583 2148 ac
1608 2093 1733 2148 desolata
1754 2110 1799 2146 us·

101 2178 171 2231 tiam
189 2194 304 2247 operum
326 2197 420 2232 corum
438 2183 473 2234 cle
501 2183 583 2236 clamo
605 2188 705 2236 sancta
728 2183 867 2250 expellam
892 2198 939 2235 eos
966 2195 1019 2249 qne
1038 2177 1173 2233 adfinem
1192 2178 1296 2246 mundi,
1314 2195 1369 2249 quo
1382 2186 1515 2233 venturus
1532 2179 1637 2233 eumad
1653 2178 1798 2248 judicium,

102 2278 152 2316 nee
170 2264 309 2332 ommium
322 2267 452 2319 misereri
464 2283 549 2334 super
565 2283 620 2320 eos.
641 2266 674 2320 In
687 2267 813 2321 thalmud
826 2267 853 2321 in
867 2266 939 2320 libro
966 2283 1047 2336 quem
1066 2265 1217 2319 advemam
1235 2265 1358 2318 nonnulli
1378 2282 1411 2319 ex
1433 2265 1521 2332 vobis,
1545 2283 1595 2336 per
1620 2265 1704 2320 fidem
1729 2264 1801 2319 scili·

102 2350 224 2417 Nitazi,
252 2349 305 2405 hoc
332 2356 375 2404 est
392 2350 572 2420 Fratriarum,
601 2353 630 2406 in
650 2370 710 2423 cap.
739 2352 814 2422 quod
839 2352 938 2422 incipit
965 2355 1009 2405 cet
1026 2350 1063 2403 ad
1077 2366 1121 2404 me
1138 2351 1272 2418 conversi,
1290 2350 1358 2403 mihi
1378 2350 1601 2420 gratulabuntur.
1637 2350 1800 2420 chrysosto-

103 2435 210 2505 rtttl'l,
228 2435 280 2490 hoc
300 2443 343 2491 est
356 2442 439 2503 terra,
456 2438 496 2491 sic
515 2438 617 2508 legitur
637 2438 815 2493 adverbum:
835 2439 938 2491 Tradi-
965 2454 1026 2490 mus
1043 2435 1137 2490 homil.
1156 2436 1185 2489 in
1205 2435 1305 2490 Psalm.
1329 2442 1386 2492 117.
1410 2435 1577 2505 Euthymios
1601 2444 1629 2491 ct
1651 2436 1800 2507 Theophy·

102 2530 160 2575 tum
181 2528 221 2574 est
246 2522 276 2575 in
293 2522 368 2575 libro
388 2507 478 2572 :ebir
495 2523 565 2589 Ἢῦ,
576 2524 628 2577 hoc
647 2531 689 2579 est
706 2525 818 2577 ordinis
831 2525 938 2591 mundi,
966 2522 1055 2576 lactus
1072 2522 1101 2575 in
1120 2539 1218 2577 comm.
1240 2538 1263 2578 c.
1274 2526 1316 2577 23.
1335 2522 1435 2575 Matth.
1454 2521 1491 2576 ad
1502 2522 1626 2576 ludaeos
1644 2521 1801 2578 incredulos

100 2607 237 2674 seraptem
256 2623 313 2660 esse
333 2609 417 2664 Dent.
437 2610 725 2663 emathenorum
745 2617 771 2664 te
798 2609 939 2662 Dominus
965 2609 1097 2676 referunt,
1117 2613 1149 2662 ut
1168 2607 1204 2661 sit
1222 2624 1327 2675 sensus,
1346 2617 1411 2660 tunc
1424 2608 1508 2660 etiam
1523 2616 1621 2661 contra
1632 2609 1801 2663 uoluntatem

102 2692 183 2746 Deus
203 2700 265 2745 tures
285 2694 315 2745 in
335 2702 448 2758 terram,
468 2711 551 2762 qnam
575 2696 763 2764 possederunt
774 2701 875 2763 patres
899 2697 940 2748 tui
964 2702 1086 2749 vestram
1103 2692 1243 2761 copemini
1259 2708 1418 2762 aquoscere,
1437 2708 1481 2747 me
1495 2709 1556 2747 esse
1570 2710 1640 2758 eum,
1659 2694 1707 2747 cui
1720 2695 1800 2748 debe·

102 2785 126 2830 et
136 2779 299 2847 possidebis
317 2796 385 2832 eam.
422 2780 570 2834 Possessio
587 2797 706 2849 reamque
723 2781 822 2850 pmrna
846 2789 871 2832 ct
896 2798 937 2834 se·
966 2789 1012 2833 tur
1032 2781 1122 2832 honor
1140 2781 1206 2844 iste,
1223 2795 1303 2847 quem
1322 2779 1411 2848 pueri
1431 2779 1462 2833 in
1486 2779 1590 2847 templo
1618 2786 1708 2832 nmiro
1732 2779 1803 2831 mihi

102 2865 197 2916 cunda
214 2864 273 2928 fuit
291 2865 340 2931 eis,
358 2866 443 2918 tertia
461 2874 555 2918 autem
574 2884 630 2920 non
655 2868 716 2921 erit.
761 2866 823 2921 Hoc
848 2867 937 2936 ipsum
966 2865 1146 2918 cohibuerunt
1163 2881 1297 2934 quemque
1314 2865 1385 2918 mihi
1403 2865 1554 2921 invidistis.
1580 2863 1682 2919 Confer
1701 2864 1800 2919 Mattb.

102 2948 129 3002 in
148 2951 247 3003 eodem
265 2948 336 3005 libro
356 2950 442 3006 Seder
460 2950 534 3005 olam
552 2951 603 3005 hoc
620 2952 701 3006 modo
726 2969 837 3022 quoque
854 2952 938 3007 habe·
965 2955 1007 3013 26,
1025 2968 1051 3004 a.
1071 2956 1112 3004 bl.
1136 2949 1311 3005 Praedicitur
1327 2966 1394 3023 ergo
1413 2950 1539 3006 hocloco
1559 2950 1674 3006 ludaeis
1702 2967 1801 3022 perpe·

101 3043 159 3091 tur:
181 3034 325 3104 Scriptum
343 3044 384 3089 est
405 3039 487 3091 Dent.
505 3039 559 3090 30:
585 3038 624 3090 Et
650 3040 809 3092 introducet
832 3047 857 3090 te
879 3040 939 3092 Do·
965 3043 1015 3091 tua
1035 3036 1113 3090 etad
1131 3036 1214 3090 finem
1233 3053 1320 3108 usque
1338 3037 1435 3090 mundi
1452 3036 1586 3091 duratura
1600 3037 1699 3108 templi
1708 3054 1741 3091 ac
1758 3043 1801 3092 to·

102 3122 192 3174 minus
211 3123 292 3175 Deus
313 3129 376 3174 tuus
396 3123 426 3175 in
443 3130 559 3186 terram,
576 3140 660 3191 pane
676 3126 866 3191 possederunt
882 3141 939 3192 pa·
966 3123 1022 3176 tius
1040 3122 1162 3193 regionis
1179 3123 1304 3177 vastitas.
1328 3123 1466 3178 Posterius
1481 3130 1524 3178 est
1532 3123 1650 3194 apostoli
1672 3123 1800 3178 1.Thess.

102 3215 158 3261 tres
178 3207 223 3260 tui
239 3215 264 3260 et
276 3208 436 3276 possidobis
460 3225 529 3260 eant.
578 3209 723 3262 Poteritne
751 3211 824 3279 fieri,
848 3215 879 3260 ut
902 3210 939 3262 sit
966 3215 991 3276 2,
1009 3228 1035 3263 v.
1058 3214 1102 3264 16:
1121 3210 1255 3262 Pervenit
1272 3227 1358 3278 super
1376 3209 1442 3263 ittos
1461 3209 1608 3278 (ludaeos)
1624 3210 1671 3262 ira
1683 3210 1741 3263 Dei
1758 3226 1802 3262 us-

102 3294 186 3348 tertia
201 3293 345 3362 possessio
358 3294 388 3346 in
411 3294 532 3359 futuro!
557 3296 645 3363 docet,
669 3296 740 3364 quid
761 3297 799 3348 sit
823 3297 864 3347 od
888 3295 940 3348 hoc
966 3312 1018 3362 que
1037 3296 1067 3348 im
1084 3296 1175 3363 finem.
1207 3295 1325 3360 Quidam
1350 3295 1391 3349 sic
1410 3302 1559 3364 exponunt,
1585 3294 1733 3364 occupavit
1754 3311 1801 3349 eos

102 3379 254 3432 dicendum
265 3380 393 3448 id,quod
410 3380 460 3443 ait,
478 3396 562 3447 quam
575 3382 765 3447 possederunt
780 3388 880 3449 patres
897 3381 941 3433 tui
964 3380 1007 3434 ira
1027 3380 1063 3435 ed
1081 3387 1232 3435 extremum
1252 3397 1349 3451 usque,
1370 3380 1397 3435 h.
1425 3396 1448 3434 e.
1472 3380 1604 3435 divinitus
1628 3380 1711 3434 exitio
1736 3385 1802 3434 sunt

102 3473 126 3518 et
149 3465 392 3534 possidebiseam.
430 3465 642 3519 Possessionem
666 3467 740 3519 enim
749 3467 878 3535 primam
897 3475 939 3519 at·
966 3466 1106 3532 destinati,
1134 3465 1267 3520 adversus
1288 3464 1341 3520 Dei
1365 3466 1444 3532 iram,
1470 3465 1532 3521 ideo
1557 3471 1709 3520 extremm
1733 3465 1801 3535 ipsis

101 3566 153 3620 que
165 3552 319 3604 emendam
330 3550 456 3603 habituri
474 3559 564 3615 crant,
579 3551 722 3619 possessio
744 3559 837 3605 autem
856 3552 940 3607 tertia
967 3551 1043 3605 brevi
1063 3551 1188 3606 imminet
1204 3551 1332 3616 exitium3
1347 3551 1396 3605 sed
1405 3550 1576 3606 commodius
1594 3550 1727 3616 redditur,
1739 3568 1800 3620 per-

101 3635 231 3690 nouerit
256 3635 303 3689 eis.
343 3633 421 3689 Haec
446 3635 566 3698 traditio,
588 3641 621 3689 ex
646 3651 703 3706 qua
726 3634 874 3691 Galatinus
892 3636 938 3692 lib.
965 3637 1041 3691 venit
1064 3637 1092 3690 in
1117 3637 1179 3691 illos
1196 3638 1244 3691 ira
1268 3646 1399 3701 eetrcma,
1425 3638 1484 3692 sive
1506 3637 1542 3691 ad
1566 3642 1726 3704 extremum,
1750 3636 1802 3691 hoc

101 3728 124 3778 9.
146 3721 182 3776 de
204 3737 260 3776 arc.
278 3738 339 3791 cap.
360 3728 382 3777 5.
404 3721 443 3776 sic
467 3720 587 3793 colligit:
615 3723 684 3776 &sm
700 3722 812 3777 Judaei
832 3732 939 3777 terram
966 3729 1008 3778 est
1033 3721 1215 3792 implacabilis
1242 3728 1272 3777 et
1293 3739 1435 3792 nunquam
1460 3723 1591 3777 desitura.
1640 3725 1666 3789 4)
1693 3721 1804 3776 Somni-i

101 3808 244 3876 quondam
263 3824 343 3860 suarn
362 3807 404 3860 bis
422 3815 532 3861 tantum
552 3809 714 3876 possessuri
734 3816 831 3878 essem,
853 3818 886 3863 ut
905 3825 939 3863 ea
965 3810 1049 3879 hujus
1068 3809 1191 3861 Judas'ci
1209 3809 1346 3879 ors'qinem
1366 3817 1392 3863 et
1417 3809 1630 3863 abmsrditatem
1671 3807 1757 3877 Origo
1775 3813 1803 3862 et

99 3894 144 3947 his
164 3892 365 3946 traditionibus
383 3901 480 3962 aperte
495 3894 590 3962 liquet,
608 3902 633 3948 et
653 3911 714 3947 eam
730 3895 792 3963 jam
811 3895 880 3949 alirn
898 3896 939 3949 bis
964 3894 1026 3949 fons
1044 3895 1107 3965 ejus
1127 3900 1170 3948 est
1198 3893 1291 3964 opinio
1316 3894 1351 3948 de
1373 3900 1482 3948 terreno
1504 3900 1533 3949 et
1557 3893 1661 3949 carnali
1683 3892 1802 3948 Messias

92 3979 286 4048 possederint,
310 3996 377 4031 nom
395 3979 492 4047 primo
516 3979 629 4046 quidem
650 3997 669 4032 a
686 3987 807 4048 tempore
827 3981 937 4035 Josuae
964 3996 1059 4051 regno,
1076 3979 1122 4034 cui
1141 3978 1455 4034 noneolumfortissime
1472 3980 1635 4034 adversatur
1651 3979 1802 4049 Scriptura,

98 4081 186 4133 resque
210 4065 251 4117 ad
265 4066 357 4133 primi
373 4065 471 4133 templi
489 4066 667 4132 evasionem,
684 4068 808 4120 secundo
833 4084 897 4122 vero
920 4085 939 4121 a
964 4066 1115 4121 sedetiam
1134 4066 1298 4122 vetustiores
1318 4066 1435 4122 rabbini.
1474 4065 1547 4121 Nam
1572 4065 1601 4120 in
1628 4064 1692 4118 Keli
1717 4064 1803 4118 iehan

96 4149 283 4204 Zerubabelis
298 4157 325 4203 st
343 4150 459 4205 Esdrae
484 4150 654 4219 temporibus
676 4154 824 4219 usquead
846 4155 940 4208 ultimi
968 4171 991 4208 c.
1012 4158 1055 4209 34.
1072 4157 1168 4222 aperte
1188 4151 1312 4220 docetur,
1331 4154 1426 4206 omnnia
1445 4170 1517 4220 quae
1536 4154 1577 4204 ad
1593 4150 1719 4206 Messias
1738 4151 1803 4217 offi-

97 4237 198 4307 templi
227 4237 386 4291 incendium
419 4236 463 4289 nel
492 4252 580 4303 sesque
613 4238 654 4289 ad
686 4238 836 4291 Hadriani
872 4242 938 4292 Cae·
967 4240 1041 4293 oium
1058 4246 1192 4306 spectant,
1210 4238 1341 4291 coelestia
1354 4254 1413 4291 esse
1432 4246 1457 4292 et
1475 4237 1716 4306 noncorporalia.
1744 4234 1802 4289 Ab·

96 4326 176 4379 saris
211 4330 340 4393 tempora
369 4339 430 4374 eam
467 4323 673 4391 possederunt,
708 4330 738 4376 ut
773 4339 806 4375 ea
840 4340 938 4378 eorum
968 4325 1090 4378 surditas
1108 4326 1168 4395 ejus
1186 4329 1266 4378 tunm
1283 4329 1333 4389 est,
1352 4329 1384 4378 ut
1400 4322 1558 4393 opinionem
1576 4322 1654 4375 illam
1671 4320 1803 4375 recitasse

60 4439 72 4452 ·
96 4409 260 4480 uaspuru
284 4407 481 4476 multipliciter
497 4412 584 4476 patet,
603 4408 750 4476 ipsamque
770 4411 852 4462 tertio
878 4417 936 4463 tra·
967 4411 1004 4466 sit
1023 4411 1142 4465 eandem
1161 4409 1304 4464 refutasse.
1331 4407 1476 4463 Somniant
1493 4408 1575 4475 enim,
1588 4407 1718 4462 Messium
1735 4406 1803 4461 elio·

93 4497 254 4553 ditionibus
280 4494 448 4563 praemissis
484 4493 676 4546 attestantibus
716 4494 936 4563 haudquaquam
968 4512 1029 4551 rum
1046 4495 1258 4549 monarchorum
1276 4510 1352 4548 more
1370 4493 1400 4547 iu
1426 4493 1508 4546 terris
1533 4498 1722 4564 regnaturum,
1746 4510 1803 4548 om·

91 4586 154 4640 sint
169 4582 347 4653 possessuri,·
376 4581 486 4650 ipsimet
510 4581 664 4633 concedant
694 4596 802 4633 necmse
832 4590 880 4651 est,
908 4599 937 4635 ss
967 4587 1126 4652 uergentes
1140 4577 1519 4636 debellaturumetbudaeos
1532 4579 1675 4634 interram
1691 4579 1804 4634 Oanaau

92 4687 243 4739 nunquam
269 4668 393 4737 amplius
419 4675 525 4719 terram
558 4683 638 4719 mam
665 4683 848 4737 possessuros
878 4683 937 4721 esse
964 4668 1144 4721 redacturum
1166 4666 1262 4737 ibique
1285 4664 1359 4719 omni
1382 4680 1474 4718 rerum
1499 4663 1580 4735 copia
1609 4671 1637 4718 et
1658 4665 1805 4720 affluentia

93 4767 123 4812 et
143 4762 343 4825 consequenter
360 4770 410 4807 nec
428 4753 470 4805 ad
487 4768 549 4805 eam
569 4767 736 4806 reversuros.
766 4753 864 4806 Tertia
883 4761 937 4806 ter·
964 4767 1011 4808 eos
1030 4751 1186 4819 beatarum,
1204 4748 1364 4819 cumprimis
1381 4765 1446 4804 vero
1463 4748 1566 4820 insigni
1594 4749 1715 4820 quodam
1739 4766 1803 4804 con·

94 4859 150 4897 rae
170 4858 268 4895 eorum
281 4839 433 4910 possessio,
451 4855 535 4907 queam
554 4837 612 4906 ipsi
627 4839 742 4902 frustra
757 4838 936 4905 praestolan-
963 4838 1036 4892 rivio
1056 4844 1244 4906 exceptarum,
1263 4834 1339 4907 quod
1357 4835 1512 4906 parandum
1530 4836 1566 4890 sit
1587 4836 1623 4891 de
1646 4836 1805 4889 Lmiathan

94 4937 155 4992 tur,
173 4926 327 4980 Saracenis
346 4925 377 4977 in
396 4941 492 4978 eorum
504 4924 687 4992 opprobrium
696 4925 738 4977 ad
749 4932 856 4992 tempus
866 4926 936 4978 dan-
957 4925 1037 4993 pisce
1051 4931 1078 4977 et
1092 4923 1244 4977 Behemoth
1255 4930 1349 4991 tauro,
1362 4927 1481 4991 utroque
1494 4921 1580 4976 mirae
1594 4920 1803 4991 magnitudinis·
1833 4950 1836 4956 ·

89 5016 137 5069 da
155 5022 227 5068 erat.
256 5012 306 5067 Sic
323 5014 397 5066 enim
417 5011 518 5065 Erech
539 5015 561 5074 7,
579 5030 602 5065 o.
623 5012 666 5063 24.
680 5011 877 5079 praedictum:
897 5012 937 5063 Et
960 5009 1127 5079 (Leviathan
1142 5008 1339 5063 animosusam
1358 5013 1554 5061 terraemotus
1572 5006 1697 5071 credunt,
1715 5004 1739 5058 si
1759 5003 1803 5059 vel

91 5102 245 5155 adducam
263 5100 355 5153 malos
372 5098 506 5168 pontium,
523 5096 575 5151 hoc
588 5095 807 5160 assemanus,
831 5104 857 5150 et
871 5114 937 5166 pos·
963 5096 1078 5167 paulum
1099 5094 1127 5148 in
1146 5093 1215 5148 mari
1232 5109 1293 5148 sese
1310 5090 1438 5161 moverit)
1458 5098 1487 5146 et
1503 5090 1569 5147 vino
1588 5090 1623 5144 de
1644 5090 1711 5145 Gan
1730 5092 1801 5146 eden

90 5186 228 5240 sideham
246 5192 339 5238 terras
362 5200 457 5238 eorum
474 5190 500 5237 et
520 5198 632 5237 casare
645 5183 759 5251 seciam
776 5183 938 5253 superbiam
964 5199 1015 5239 seu
1032 5181 1170 5252 paradiso,
1190 5179 1265 5250 quod
1283 5179 1323 5235 ibi
1343 5178 1518 5235 reconditum
1528 5183 1653 5234 servetur
1670 5194 1688 5232 a
1705 5177 1803 5231 mundi

88 5272 218 5332 sortium
238 5278 263 5324 et
287 5269 484 5324 hereditabunt
506 5269 684 5332 sanctificata
710 5286 811 5322 eorum.
855 5267 939 5322 Thul-
964 5267 1053 5335 initio,
1072 5267 1194 5337 itemque
1221 5264 1360 5320 fructibus
1383 5263 1566 5336 paradisiacis
1592 5263 1711 5335 aliisque
1737 5263 1868 5319 deli-ur.
1883 5270 1929 5314 asa

92 5355 164 5412 mad
181 5356 212 5409 in
228 5355 298 5411 libro
317 5355 471 5411 Sanhedriu
487 5371 548 5425 cap.
572 5358 611 5408 ll.
628 5353 723 5419 tradit,
743 5355 837 5410 &cem
851 5355 940 5409 tribus
966 5355 1025 5408 ciis.
1076 5353 1222 5408 Rabbiuus
1249 5352 1327 5406 Elias
1359 5349 1471 5421 insuper
1500 5350 1579 5404 addit
1608 5368 1687 5405 auem
1715 5351 1804 5404 mirae

97 5446 321 5498 (damnatorem
341 5451 367 5495 et
394 5441 504 5495 odiam
529 5447 640 5510 partem
662 5439 765 5493 habere
790 5441 820 5493 in
843 5440 943 5495 seculo
968 5439 1181 5509 maqnitndinis,
1206 5455 1290 5508 quam
1310 5436 1447 5507 appellari
1472 5436 1541 5491 dicit
1556 5437 1621 5490 Bar
1644 5437 1748 5505 juchne
1773 5435 1803 5490 in
