<?xml version="1.0" encoding="UTF-8"?>
<!DOCTYPE html PUBLIC "-//W3C//DTD XHTML 1.0 Transitional//EN"
    "http://www.w3.org/TR/xhtml1/DTD/xhtml1-transitional.dtd">
<html xmlns="http://www.w3.org/1999/xhtml" xml:lang="en" lang="en">
 <head>
  <title>
</title>
<meta http-equiv="Content-Type" content="text/html;charset=utf-8" />
  <meta name='ocr-system' content='tesseract 3.04.00' />
  <meta name='ocr-capabilities' content='ocr_page ocr_carea ocr_par ocr_line ocrx_word'/>
</head>
<body>
  <div class='ocr_page' id='page_1' title='image "./locitheologicic02gerhgoog/locitheologicic02gerhgoog_0266.png"; bbox 0 0 4050 6014; ppageno 0'>
   <div class='ocr_carea' id='block_1_1' title="bbox 677 353 1360 414">
    <p class='ocr_par' dir='ltr' id='par_1_1' title="bbox 677 353 1360 414">
     <span class='ocr_line' id='line_1_1' title="bbox 677 353 1360 414; baseline -0.003 -4"><span class='ocrx_word' id='word_1_1' title='bbox 677 356 727 410; x_wconf 83' lang='lat' dir='ltr'>DE</span> <span class='ocrx_word' id='word_1_2' title='bbox 745 355 913 413; x_wconf 67' lang='lat' dir='ltr'>rumano</span> <span class='ocrx_word' id='word_1_3' title='bbox 931 356 1003 414; x_wconf 77' lang='lat' dir='ltr'>SEU</span> <span class='ocrx_word' id='word_1_4' title='bbox 1021 354 1151 412; x_wconf 74' lang='lat' dir='ltr'><strong>MORTE</strong></span> <span class='ocrx_word' id='word_1_5' title='bbox 1170 353 1360 413; x_wconf 69' lang='lat' dir='ltr'>amsans.</span> 
     </span>
    </p>
   </div>
   <div class='ocr_carea' id='block_1_2' title="bbox 164 512 999 581">
    <p class='ocr_par' dir='ltr' id='par_1_2' title="bbox 164 512 999 581">
     <span class='ocr_line' id='line_1_2' title="bbox 164 512 999 581; baseline 0.001 -15"><span class='ocrx_word' id='word_1_6' title='bbox 164 516 206 566; x_wconf 86' lang='lat' dir='ltr'>od</span> <span class='ocrx_word' id='word_1_7' title='bbox 222 514 432 567; x_wconf 82' lang='lat' dir='ltr'>damnationem</span> <span class='ocrx_word' id='word_1_8' title='bbox 447 521 473 566; x_wconf 85' lang='lat' dir='ltr'>et</span> <span class='ocrx_word' id='word_1_9' title='bbox 492 531 594 566; x_wconf 82' lang='lat' dir='ltr'>canoas</span> <span class='ocrx_word' id='word_1_10' title='bbox 613 512 806 567; x_wconf 67' lang='lat' dir='ltr'>damnationis</span> <span class='ocrx_word' id='word_1_11' title='bbox 823 514 999 581; x_wconf 78' lang='lat' dir='ltr'>reprobasse,</span> 
     </span>
    </p>
   </div>
   <div class='ocr_carea' id='block_1_3' title="bbox 163 596 1586 762">
    <p class='ocr_par' dir='ltr' id='par_1_3' title="bbox 163 596 1586 762">
     <span class='ocr_line' id='line_1_3' title="bbox 164 596 999 670; baseline 0 -17"><span class='ocrx_word' id='word_1_12' title='bbox 164 603 278 670; x_wconf 86' lang='lat' dir='ltr'>atquae</span> <span class='ocrx_word' id='word_1_13' title='bbox 295 603 361 652; x_wconf 86' lang='lat' dir='ltr'>aunt</span> <span class='ocrx_word' id='word_1_14' title='bbox 386 596 471 668; x_wconf 88' lang='lat' dir='ltr'>hujus</span> <span class='ocrx_word' id='word_1_15' title='bbox 494 597 604 668; x_wconf 90' lang='lat' dir='ltr'>generis</span> <span class='ocrx_word' id='word_1_16' title='bbox 629 601 756 668; x_wconf 84' lang='lat' dir='ltr'>portenta</span> <span class='ocrx_word' id='word_1_17' title='bbox 787 597 843 652; x_wconf 82' lang='lat' dir='ltr'>elie</span> <span class='ocrx_word' id='word_1_18' title='bbox 869 615 921 652; x_wconf 87' lang='lat' dir='ltr'>sao</span> <span class='ocrx_word' id='word_1_19' title='bbox 938 597 999 653; x_wconf 82' lang='lat' dir='ltr'>loeo</span> 
     </span>
     <span class='ocr_line' id='line_1_4' title="bbox 163 682 1586 762; baseline -0.002 -23"><span class='ocrx_word' id='word_1_20' title='bbox 163 685 253 762; x_wconf 88' lang='lat' dir='ltr'>relata</span> <span class='ocrx_word' id='word_1_21' title='bbox 272 690 301 739; x_wconf 91' lang='lat' dir='ltr'>et</span> <span class='ocrx_word' id='word_1_22' title='bbox 319 682 447 738; x_wconf 75' lang='lat' dir='ltr'>refutata</span> <span class='ocrx_word' id='word_1_23' title='bbox 1296 698 1317 758; x_wconf 71' lang='grc' dir='ltr'><strong><em>ο</em></strong></span> <span class='ocrx_word' id='word_1_24' title='bbox 1337 699 1364 758; x_wconf 63' lang='grc' dir='ltr'><strong>Δ</strong></span> <span class='ocrx_word' id='word_1_25' title='bbox 1381 697 1405 758; x_wconf 79' lang='lat' dir='ltr'>p</span> <span class='ocrx_word' id='word_1_26' title='bbox 1423 698 1493 757; x_wconf 76' lang='lat' dir='ltr'>UT</span> <span class='ocrx_word' id='word_1_27' title='bbox 1528 697 1586 758; x_wconf 49' lang='grc' dir='ltr'>ῃ,</span> 
     </span>
    </p>
   </div>
   <div class='ocr_carea' id='block_1_4' title="bbox 473 770 1638 933">
    <p class='ocr_par' dir='ltr' id='par_1_4' title="bbox 473 770 1638 1017">
     <span class='ocr_line' id='line_1_5' title="bbox 473 770 1638 933; baseline 0.002 -13"><span class='ocrx_word' id='word_1_28' title='bbox 473 913 632 920; x_wconf 42' lang='grc' dir='ltr'>ψ.</span> <span class='ocrx_word' id='word_1_29' title='bbox 658 913 679 922; x_wconf 91' lang='grc'>..</span> <span class='ocrx_word' id='word_1_30' title='bbox 1009 770 1013 933; x_wconf 85' lang='grc' dir='ltr'>Ι</span> <span class='ocrx_word' id='word_1_31' title='bbox 1250 869 1301 924; x_wconf 81' lang='lat' dir='ltr'>Da</span> <span class='ocrx_word' id='word_1_32' title='bbox 1320 869 1452 926; x_wconf 74' lang='lat' dir='ltr'><strong>FORMA</strong></span> <span class='ocrx_word' id='word_1_33' title='bbox 1472 867 1638 926; x_wconf 70' lang='lat' dir='ltr'>laruam.</span> 
     </span>
    </p>
   </div>
   <div class='ocr_carea' id='block_1_5' title="bbox 1009 1022 1956 1120">
    <p class='ocr_par' dir='ltr' id='par_1_5' title="bbox 1009 1022 1956 1120">
     <span class='ocr_line' id='line_1_6' title="bbox 1009 1022 1956 1120; baseline -0.004 -39"><span class='ocrx_word' id='word_1_34' title='bbox 1009 1022 1012 1081; x_wconf 71' lang='grc' dir='ltr'>ι</span> <span class='ocrx_word' id='word_1_35' title='bbox 1060 1029 1100 1082; x_wconf 70' lang='grc' dir='ltr'>ιι.</span> <span class='ocrx_word' id='word_1_36' title='bbox 1136 1026 1271 1079; x_wconf 85' lang='lat' dir='ltr'>Formam</span> <span class='ocrx_word' id='word_1_37' title='bbox 1290 1025 1401 1085; x_wconf 77' lang='lat' dir='ltr'>inform·</span> <span class='ocrx_word' id='word_1_38' title='bbox 1425 1024 1541 1079; x_wconf 86' lang='lat' dir='ltr'>docendi</span> <span class='ocrx_word' id='word_1_39' title='bbox 1562 1040 1648 1078; x_wconf 85' lang='lat' dir='ltr'>censs</span> <span class='ocrx_word' id='word_1_40' title='bbox 1665 1024 1860 1078; x_wconf 87' lang='lat' dir='ltr'>constituimus</span> <span class='ocrx_word' id='word_1_41' title='bbox 1871 1027 1956 1120; x_wconf 46' lang='lat' dir='ltr'>mus,</span> 
     </span>
    </p>
   </div>
   <div class='ocr_carea' id='block_1_6' title="bbox 50 1093 2001 5655">
    <p class='ocr_par' dir='ltr' id='par_1_6' title="bbox 443 1093 2001 1203">
     <span class='ocr_line' id='line_1_7' title="bbox 443 1093 2001 1203; baseline 0 -39"><span class='ocrx_word' id='word_1_42' title='bbox 443 1093 510 1155; x_wconf 68' lang='grc' dir='ltr'>Η</span> <span class='ocrx_word' id='word_1_43' title='bbox 528 1093 552 1154; x_wconf 70' lang='lat' dir='ltr'>P</span> <span class='ocrx_word' id='word_1_44' title='bbox 572 1095 600 1154; x_wconf 75' lang='grc' dir='ltr'>ῙῙ</span> <span class='ocrx_word' id='word_1_45' title='bbox 618 1095 643 1153; x_wconf 71' lang='grc' dir='ltr'>Τ</span> <span class='ocrx_word' id='word_1_46' title='bbox 682 1093 724 1153; x_wconf 75' lang='lat' dir='ltr'>V·</span> <span class='ocrx_word' id='word_1_47' title='bbox 1009 1106 1171 1203; x_wconf 58' lang='lat' dir='ltr'>fduptcem,</span> <span class='ocrx_word' id='word_1_48' title='bbox 1183 1110 1323 1165; x_wconf 79' lang='lat' dir='ltr'>internam</span> <span class='ocrx_word' id='word_1_49' title='bbox 1338 1119 1363 1165; x_wconf 85' lang='lat' dir='ltr'>et</span> <span class='ocrx_word' id='word_1_50' title='bbox 1378 1119 1527 1164; x_wconf 77' lang='lat' dir='ltr'>satornam.</span> <span class='ocrx_word' id='word_1_51' title='bbox 1553 1117 1573 1164; x_wconf 91' lang='lat' dir='ltr'>l.</span> <span class='ocrx_word' id='word_1_52' title='bbox 1589 1112 1731 1165; x_wconf 70' lang='lat' dir='ltr'>immam</span> <span class='ocrx_word' id='word_1_53' title='bbox 1742 1109 1857 1165; x_wconf 81' lang='lat' dir='ltr'>forman</span> <span class='ocrx_word' id='word_1_54' title='bbox 1871 1131 1890 1172; x_wconf 82' lang='grc' dir='ltr'>ι,</span> <span class='ocrx_word' id='word_1_55' title='bbox 1904 1130 2001 1172; x_wconf 59' lang='lat' dir='ltr'>ruam.</span> 
     </span>
    </p>

    <p class='ocr_par' dir='ltr' id='par_1_7' title="bbox 50 1194 1859 1784">
     <span class='ocr_line' id='line_1_8' title="bbox 1024 1194 1858 1250; baseline 0 -1"><span class='ocrx_word' id='word_1_56' title='bbox 1024 1196 1143 1249; x_wconf 90' lang='lat' dir='ltr'>constitu</span> <span class='ocrx_word' id='word_1_57' title='bbox 1165 1215 1184 1250; x_wconf 93' lang='lat' dir='ltr'>n</span> <span class='ocrx_word' id='word_1_58' title='bbox 1267 1196 1331 1250; x_wconf 83' lang='lat' dir='ltr'>viss‘</span> <span class='ocrx_word' id='word_1_59' title='bbox 1424 1196 1429 1208; x_wconf 91' lang='lat'>&#39;</span> <span class='ocrx_word' id='word_1_60' title='bbox 1559 1213 1577 1248; x_wconf 91' lang='grc' dir='ltr'>ιι</span> <span class='ocrx_word' id='word_1_61' title='bbox 1720 1195 1757 1249; x_wconf 87' lang='lat' dir='ltr'>rri</span> <span class='ocrx_word' id='word_1_62' title='bbox 1778 1194 1858 1249; x_wconf 88' lang='lat' dir='ltr'>iiasi·</span> 
     </span>
     <span class='ocr_line' id='line_1_9' title="bbox 371 1195 1859 1353; baseline 0.001 -17"><span class='ocrx_word' id='word_1_63' title='bbox 371 1250 423 1303; x_wconf 64' lang='grc' dir='ltr'><strong><em>ο</em></strong></span> <span class='ocrx_word' id='word_1_64' title='bbox 1024 1296 1069 1335; x_wconf 54' lang='lat'>,2</span> <span class='ocrx_word' id='word_1_65' title='bbox 1086 1196 1487 1352; x_wconf 56' lang='lat' dir='ltr'>,stensele</span> <span class='ocrx_word' id='word_1_66' title='bbox 1506 1195 1859 1353; x_wconf 54' lang='lat' dir='ltr'>stilletis</span> 
     </span>
     <span class='ocr_line' id='line_1_10' title="bbox 50 1366 1858 1440; baseline -0.003 -13"><span class='ocrx_word' id='word_1_67' title='bbox 50 1389 136 1430; x_wconf 73' lang='grc' dir='ltr'>ιιιοιιι</span> <span class='ocrx_word' id='word_1_68' title='bbox 197 1377 239 1426; x_wconf 82' lang='lat' dir='ltr'>st.</span> <span class='ocrx_word' id='word_1_69' title='bbox 276 1372 431 1425; x_wconf 83' lang='lat' dir='ltr'>Materiam</span> <span class='ocrx_word' id='word_1_70' title='bbox 448 1370 549 1425; x_wconf 87' lang='lat' dir='ltr'>inferni</span> <span class='ocrx_word' id='word_1_71' title='bbox 571 1375 679 1424; x_wconf 90' lang='lat' dir='ltr'>veteres</span> <span class='ocrx_word' id='word_1_72' title='bbox 702 1366 875 1439; x_wconf 72' lang='grc' dir='ltr'>ἁναιογικοις</span> <span class='ocrx_word' id='word_1_73' title='bbox 899 1367 993 1422; x_wconf 80' lang='lat' dir='ltr'>vidsu-</span> <span class='ocrx_word' id='word_1_74' title='bbox 1023 1368 1169 1426; x_wconf 89' lang='lat' dir='ltr'>sustinere.</span> <span class='ocrx_word' id='word_1_75' title='bbox 1195 1368 1250 1422; x_wconf 90' lang='lat' dir='ltr'>Per</span> <span class='ocrx_word' id='word_1_76' title='bbox 1267 1385 1301 1424; x_wconf 90' lang='lat' dir='ltr'>ee</span> <span class='ocrx_word' id='word_1_77' title='bbox 1319 1385 1440 1440; x_wconf 89' lang='lat' dir='ltr'>namque</span> <span class='ocrx_word' id='word_1_78' title='bbox 1455 1367 1580 1422; x_wconf 83' lang='lat' dir='ltr'>internus</span> <span class='ocrx_word' id='word_1_79' title='bbox 1597 1374 1641 1423; x_wconf 87' lang='lat' dir='ltr'>est</span> <span class='ocrx_word' id='word_1_80' title='bbox 1661 1367 1698 1436; x_wconf 86' lang='lat' dir='ltr'>id,</span> <span class='ocrx_word' id='word_1_81' title='bbox 1718 1367 1792 1438; x_wconf 87' lang='lat' dir='ltr'>quod</span> <span class='ocrx_word' id='word_1_82' title='bbox 1806 1371 1858 1436; x_wconf 86' lang='lat' dir='ltr'>est,</span> 
     </span>
     <span class='ocr_line' id='line_1_11' title="bbox 50 1428 1858 1537; baseline -0.002 -25"><span class='ocrx_word' id='word_1_83' title='bbox 50 1439 135 1480; x_wconf 71' lang='lat'>&#39;&#39;⁸¹¹¹&#39;&#39;</span> <span class='ocrx_word' id='word_1_84' title='bbox 161 1462 338 1512; x_wconf 86' lang='lat' dir='ltr'>turstatuere</span> <span class='ocrx_word' id='word_1_85' title='bbox 353 1463 483 1525; x_wconf 83' lang='lat' dir='ltr'>peceato,</span> <span class='ocrx_word' id='word_1_86' title='bbox 504 1455 616 1526; x_wconf 86' lang='lat' dir='ltr'>quando</span> <span class='ocrx_word' id='word_1_87' title='bbox 634 1454 738 1519; x_wconf 89' lang='lat' dir='ltr'>dicunt,</span> <span class='ocrx_word' id='word_1_88' title='bbox 758 1455 849 1520; x_wconf 80' lang='lat' dir='ltr'>ipasm</span> <span class='ocrx_word' id='word_1_89' title='bbox 868 1453 994 1514; x_wconf 70' lang='lat' dir='ltr'>inferno·</span> <span class='ocrx_word' id='word_1_90' title='bbox 1008 1428 1010 1537; x_wconf 69' lang='lat' dir='ltr'>i</span> <span class='ocrx_word' id='word_1_91' title='bbox 1023 1459 1051 1506; x_wconf 87' lang='lat' dir='ltr'>et</span> <span class='ocrx_word' id='word_1_92' title='bbox 1070 1453 1107 1508; x_wconf 83' lang='lat' dir='ltr'>ab</span> <span class='ocrx_word' id='word_1_93' title='bbox 1125 1453 1189 1507; x_wconf 89' lang='lat' dir='ltr'>aliis</span> <span class='ocrx_word' id='word_1_94' title='bbox 1214 1454 1343 1509; x_wconf 90' lang='lat' dir='ltr'>omnibus</span> <span class='ocrx_word' id='word_1_95' title='bbox 1366 1453 1562 1524; x_wconf 73' lang='lat' dir='ltr'>distinguitur,</span> <span class='ocrx_word' id='word_1_96' title='bbox 1591 1453 1751 1523; x_wconf 73' lang='lat' dir='ltr'>cumprimis</span> <span class='ocrx_word' id='word_1_97' title='bbox 1776 1453 1800 1507; x_wconf 90' lang='lat' dir='ltr'>si</span> <span class='ocrx_word' id='word_1_98' title='bbox 1829 1452 1858 1509; x_wconf 92' lang='lat' dir='ltr'>in</span> 
     </span>
     <span class='ocr_line' id='line_1_12' title="bbox 162 1537 1857 1611; baseline -0.002 -13"><span class='ocrx_word' id='word_1_99' title='bbox 162 1547 216 1600; x_wconf 83' lang='lat' dir='ltr'>tom</span> <span class='ocrx_word' id='word_1_100' title='bbox 234 1544 306 1597; x_wconf 76' lang='lat' dir='ltr'>nillil</span> <span class='ocrx_word' id='word_1_101' title='bbox 324 1543 407 1596; x_wconf 82' lang='lat' dir='ltr'>atiud</span> <span class='ocrx_word' id='word_1_102' title='bbox 423 1543 615 1595; x_wconf 84' lang='lat' dir='ltr'>absumtoram</span> <span class='ocrx_word' id='word_1_103' title='bbox 634 1558 719 1609; x_wconf 77' lang='lat' dir='ltr'>qoam</span> <span class='ocrx_word' id='word_1_104' title='bbox 735 1548 862 1609; x_wconf 84' lang='lat' dir='ltr'>peccata.</span> <span class='ocrx_word' id='word_1_105' title='bbox 899 1537 939 1595; x_wconf 91' lang='lat' dir='ltr'>Ut</span> <span class='ocrx_word' id='word_1_106' title='bbox 956 1555 997 1592; x_wconf 92' lang='lat' dir='ltr'>er·</span> <span class='ocrx_word' id='word_1_107' title='bbox 1023 1539 1107 1608; x_wconf 84' lang='lat' dir='ltr'>priori</span> <span class='ocrx_word' id='word_1_108' title='bbox 1129 1538 1334 1610; x_wconf 88' lang='lat' dir='ltr'>significatione</span> <span class='ocrx_word' id='word_1_109' title='bbox 1352 1556 1414 1595; x_wconf 90' lang='lat' dir='ltr'>eum</span> <span class='ocrx_word' id='word_1_110' title='bbox 1435 1538 1648 1603; x_wconf 70' lang='lat' dir='ltr'>consideremus,</span> <span class='ocrx_word' id='word_1_111' title='bbox 1673 1539 1770 1610; x_wconf 87' lang='lat' dir='ltr'>utique</span> <span class='ocrx_word' id='word_1_112' title='bbox 1789 1556 1857 1611; x_wconf 86' lang='lat' dir='ltr'>ergo</span> 
     </span>
     <span class='ocr_line' id='line_1_13' title="bbox 163 1624 1857 1702; baseline -0.002 -17"><span class='ocrx_word' id='word_1_113' title='bbox 163 1648 200 1702; x_wconf 91' lang='lat' dir='ltr'>go</span> <span class='ocrx_word' id='word_1_114' title='bbox 223 1629 338 1684; x_wconf 87' lang='lat' dir='ltr'>materia</span> <span class='ocrx_word' id='word_1_115' title='bbox 361 1628 433 1701; x_wconf 85' lang='lat' dir='ltr'>ignis</span> <span class='ocrx_word' id='word_1_116' title='bbox 455 1627 592 1682; x_wconf 87' lang='lat' dir='ltr'>diaconici</span> <span class='ocrx_word' id='word_1_117' title='bbox 616 1634 682 1681; x_wconf 89' lang='lat' dir='ltr'>sunt</span> <span class='ocrx_word' id='word_1_118' title='bbox 708 1627 798 1697; x_wconf 86' lang='lat' dir='ltr'>ligna,</span> <span class='ocrx_word' id='word_1_119' title='bbox 825 1625 944 1696; x_wconf 88' lang='lat' dir='ltr'>stipulae</span> <span class='ocrx_word' id='word_1_120' title='bbox 969 1632 997 1678; x_wconf 87' lang='lat' dir='ltr'>et</span> <span class='ocrx_word' id='word_1_121' title='bbox 1022 1624 1052 1678; x_wconf 87' lang='lat' dir='ltr'>in</span> <span class='ocrx_word' id='word_1_122' title='bbox 1094 1625 1147 1679; x_wconf 88' lang='lat' dir='ltr'>illis</span> <span class='ocrx_word' id='word_1_123' title='bbox 1174 1625 1262 1680; x_wconf 85' lang='lat' dir='ltr'>forma</span> <span class='ocrx_word' id='word_1_124' title='bbox 1294 1626 1395 1680; x_wconf 87' lang='lat' dir='ltr'>inferni</span> <span class='ocrx_word' id='word_1_125' title='bbox 1424 1626 1534 1680; x_wconf 89' lang='lat' dir='ltr'>interne</span> <span class='ocrx_word' id='word_1_126' title='bbox 1564 1635 1638 1681; x_wconf 87' lang='lat' dir='ltr'>recte</span> <span class='ocrx_word' id='word_1_127' title='bbox 1670 1624 1857 1682; x_wconf 71' lang='lat' dir='ltr'>constituitur.</span> 
     </span>
     <span class='ocr_line' id='line_1_14' title="bbox 163 1708 1857 1784; baseline -0.003 -14"><span class='ocrx_word' id='word_1_128' title='bbox 163 1716 219 1771; x_wconf 88' lang='lat' dir='ltr'>alie</span> <span class='ocrx_word' id='word_1_129' title='bbox 243 1713 462 1780; x_wconf 87' lang='lat' dir='ltr'>combustibilis,</span> <span class='ocrx_word' id='word_1_130' title='bbox 482 1712 585 1784; x_wconf 89' lang='lat' dir='ltr'>quibus</span> <span class='ocrx_word' id='word_1_131' title='bbox 613 1712 749 1783; x_wconf 67' lang='lat' dir='ltr'>parcitum</span> <span class='ocrx_word' id='word_1_132' title='bbox 782 1712 823 1766; x_wconf 91' lang='lat' dir='ltr'>sic</span> <span class='ocrx_word' id='word_1_133' title='bbox 853 1709 996 1766; x_wconf 83' lang='lat' dir='ltr'>infernalis</span> <span class='ocrx_word' id='word_1_134' title='bbox 1022 1708 1152 1764; x_wconf 82' lang='lat' dir='ltr'>Gravitas</span> <span class='ocrx_word' id='word_1_135' title='bbox 1178 1728 1327 1780; x_wconf 82' lang='lat' dir='ltr'>poenarum</span> <span class='ocrx_word' id='word_1_136' title='bbox 1355 1710 1532 1765; x_wconf 80' lang='lat' dir='ltr'>infernalium</span> <span class='ocrx_word' id='word_1_137' title='bbox 1554 1709 1673 1766; x_wconf 87' lang='lat' dir='ltr'>anobis</span> <span class='ocrx_word' id='word_1_138' title='bbox 1699 1709 1857 1766; x_wconf 87' lang='lat' dir='ltr'>homiuibus</span> 
     </span>
    </p>

    <p class='ocr_par' dir='ltr' id='par_1_8' title="bbox 50 1795 1955 3073">
     <span class='ocr_line' id='line_1_15' title="bbox 164 1795 1955 1874; baseline -0.002 -19"><span class='ocrx_word' id='word_1_139' title='bbox 164 1803 237 1874; x_wconf 86' lang='lat' dir='ltr'>ignis</span> <span class='ocrx_word' id='word_1_140' title='bbox 256 1801 371 1855; x_wconf 88' lang='lat' dir='ltr'>materia</span> <span class='ocrx_word' id='word_1_141' title='bbox 389 1805 417 1853; x_wconf 89' lang='lat' dir='ltr'>et</span> <span class='ocrx_word' id='word_1_142' title='bbox 436 1798 634 1853; x_wconf 74' lang='lat' dir='ltr'>nutrimentum</span> <span class='ocrx_word' id='word_1_143' title='bbox 655 1804 720 1852; x_wconf 83' lang='lat' dir='ltr'>aunt</span> <span class='ocrx_word' id='word_1_144' title='bbox 738 1797 880 1853; x_wconf 87' lang='lat' dir='ltr'>hominum</span> <span class='ocrx_word' id='word_1_145' title='bbox 900 1812 996 1865; x_wconf 86' lang='lat' dir='ltr'>pecca·</span> <span class='ocrx_word' id='word_1_146' title='bbox 1022 1812 1073 1850; x_wconf 92' lang='lat' dir='ltr'>nec</span> <span class='ocrx_word' id='word_1_147' title='bbox 1091 1803 1183 1851; x_wconf 83' lang='lat' dir='ltr'>mente</span> <span class='ocrx_word' id='word_1_148' title='bbox 1201 1797 1412 1868; x_wconf 82' lang='lat' dir='ltr'>comprehendi,</span> <span class='ocrx_word' id='word_1_149' title='bbox 1439 1813 1491 1851; x_wconf 93' lang='lat' dir='ltr'>nec</span> <span class='ocrx_word' id='word_1_150' title='bbox 1511 1797 1602 1851; x_wconf 84' lang='lat' dir='ltr'>verbis</span> <span class='ocrx_word' id='word_1_151' title='bbox 1619 1798 1703 1866; x_wconf 90' lang='lat' dir='ltr'>plene</span> <span class='ocrx_word' id='word_1_152' title='bbox 1723 1795 1854 1866; x_wconf 88' lang='lat' dir='ltr'>explicari</span> <span class='ocrx_word' id='word_1_153' title='bbox 1949 1800 1955 1812; x_wconf 85' lang='grc'><strong>“</strong></span> 
     </span>
     <span class='ocr_line' id='line_1_16' title="bbox 162 1880 1857 1954; baseline -0.002 -13"><span class='ocrx_word' id='word_1_154' title='bbox 162 1893 198 1941; x_wconf 87' lang='lat' dir='ltr'>ta.</span> <span class='ocrx_word' id='word_1_155' title='bbox 237 1885 291 1942; x_wconf 89' lang='lat' dir='ltr'>Sed</span> <span class='ocrx_word' id='word_1_156' title='bbox 310 1884 480 1939; x_wconf 81' lang='lat' dir='ltr'>ostendimus</span> <span class='ocrx_word' id='word_1_157' title='bbox 494 1885 554 1954; x_wconf 91' lang='lat' dir='ltr'>jam</span> <span class='ocrx_word' id='word_1_158' title='bbox 572 1890 645 1951; x_wconf 87' lang='lat' dir='ltr'>ante,</span> <span class='ocrx_word' id='word_1_159' title='bbox 661 1901 695 1939; x_wconf 90' lang='lat' dir='ltr'>ee</span> <span class='ocrx_word' id='word_1_160' title='bbox 712 1883 813 1938; x_wconf 88' lang='lat' dir='ltr'>rectius</span> <span class='ocrx_word' id='word_1_161' title='bbox 830 1883 866 1937; x_wconf 91' lang='lat' dir='ltr'>ed</span> <span class='ocrx_word' id='word_1_162' title='bbox 882 1898 996 1935; x_wconf 84' lang='lat' dir='ltr'>causam</span> <span class='ocrx_word' id='word_1_163' title='bbox 1022 1886 1120 1950; x_wconf 82' lang='lat' dir='ltr'>potest</span> <span class='ocrx_word' id='word_1_164' title='bbox 1158 1880 1397 1946; x_wconf 67' lang='lat' dir='ltr'>Quemadmodum</span> <span class='ocrx_word' id='word_1_165' title='bbox 1418 1883 1491 1938; x_wconf 89' lang='lat' dir='ltr'>enim</span> <span class='ocrx_word' id='word_1_166' title='bbox 1517 1882 1680 1938; x_wconf 71' lang='lat' dir='ltr'>felicitatem</span> <span class='ocrx_word' id='word_1_167' title='bbox 1702 1881 1810 1952; x_wconf 86' lang='lat' dir='ltr'>piorum</span> <span class='ocrx_word' id='word_1_168' title='bbox 1828 1881 1857 1937; x_wconf 88' lang='lat' dir='ltr'>iu</span> 
     </span>
     <span class='ocr_line' id='line_1_17' title="bbox 158 1967 1857 2042; baseline -0.002 -17"><span class='ocrx_word' id='word_1_169' title='bbox 158 1979 364 2042; x_wconf 77' lang='lat' dir='ltr'>promerentem</span> <span class='ocrx_word' id='word_1_170' title='bbox 382 1979 466 2040; x_wconf 78' lang='lat' dir='ltr'>otqns</span> <span class='ocrx_word' id='word_1_171' title='bbox 483 1970 651 2039; x_wconf 77' lang='lat' dir='ltr'>sffioimtsm</span> <span class='ocrx_word' id='word_1_172' title='bbox 670 1968 781 2033; x_wconf 81' lang='lat' dir='ltr'>referri,</span> <span class='ocrx_word' id='word_1_173' title='bbox 802 1984 836 2022; x_wconf 87' lang='lat' dir='ltr'>ec</span> <span class='ocrx_word' id='word_1_174' title='bbox 861 1967 885 2021; x_wconf 90' lang='lat' dir='ltr'>si</span> <span class='ocrx_word' id='word_1_175' title='bbox 912 1975 995 2023; x_wconf 87' lang='lat' dir='ltr'>mete·</span> <span class='ocrx_word' id='word_1_176' title='bbox 1022 1967 1105 2021; x_wconf 88' lang='lat' dir='ltr'>coelis</span> <span class='ocrx_word' id='word_1_177' title='bbox 1130 1967 1198 2037; x_wconf 88' lang='lat' dir='ltr'>ipsis</span> <span class='ocrx_word' id='word_1_178' title='bbox 1225 1976 1418 2039; x_wconf 68' lang='lat' dir='ltr'>praeparatam</span> <span class='ocrx_word' id='word_1_179' title='bbox 1445 1985 1527 2024; x_wconf 89' lang='lat' dir='ltr'>nemo</span> <span class='ocrx_word' id='word_1_180' title='bbox 1552 1968 1692 2023; x_wconf 88' lang='lat' dir='ltr'>bominum</span> <span class='ocrx_word' id='word_1_181' title='bbox 1721 1967 1750 2021; x_wconf 91' lang='lat' dir='ltr'>in</span> <span class='ocrx_word' id='word_1_182' title='bbox 1776 1967 1857 2023; x_wconf 85' lang='lat' dir='ltr'>terris</span> 
     </span>
     <span class='ocr_line' id='line_1_18' title="bbox 160 2053 1857 2126; baseline -0.004 -13"><span class='ocrx_word' id='word_1_183' title='bbox 160 2057 219 2113; x_wconf 87' lang='lat' dir='ltr'>ries</span> <span class='ocrx_word' id='word_1_184' title='bbox 238 2057 326 2112; x_wconf 87' lang='lat' dir='ltr'>vicem</span> <span class='ocrx_word' id='word_1_185' title='bbox 344 2055 480 2112; x_wconf 88' lang='lat' dir='ltr'>sustinere</span> <span class='ocrx_word' id='word_1_186' title='bbox 498 2055 615 2125; x_wconf 90' lang='lat' dir='ltr'>debent,</span> <span class='ocrx_word' id='word_1_187' title='bbox 639 2055 741 2110; x_wconf 88' lang='lat' dir='ltr'>rectius</span> <span class='ocrx_word' id='word_1_188' title='bbox 759 2060 894 2109; x_wconf 77' lang='lat' dir='ltr'>vocentur</span> <span class='ocrx_word' id='word_1_189' title='bbox 910 2061 996 2107; x_wconf 86' lang='lat' dir='ltr'>mats·</span> <span class='ocrx_word' id='word_1_190' title='bbox 1023 2053 1182 2124; x_wconf 89' lang='lat' dir='ltr'>degentium</span> <span class='ocrx_word' id='word_1_191' title='bbox 1200 2055 1297 2111; x_wconf 89' lang='lat' dir='ltr'>enimo-</span> <span class='ocrx_word' id='word_1_192' title='bbox 1310 2055 1431 2125; x_wconf 89' lang='lat' dir='ltr'>perfecte</span> <span class='ocrx_word' id='word_1_193' title='bbox 1448 2056 1609 2126; x_wconf 88' lang='lat' dir='ltr'>concipere,</span> <span class='ocrx_word' id='word_1_194' title='bbox 1632 2054 1735 2109; x_wconf 88' lang='lat' dir='ltr'>nedum</span> <span class='ocrx_word' id='word_1_195' title='bbox 1760 2053 1857 2125; x_wconf 85' lang='lat' dir='ltr'>lingua</span> 
     </span>
     <span class='ocr_line' id='line_1_19' title="bbox 50 2139 1857 2212; baseline -0.001 -16"><span class='ocrx_word' id='word_1_196' title='bbox 50 2144 208 2197; x_wconf 76' lang='lat' dir='ltr'>[1.1ea.ria</span> <span class='ocrx_word' id='word_1_197' title='bbox 228 2144 307 2197; x_wconf 83' lang='lat' dir='ltr'>circa</span> <span class='ocrx_word' id='word_1_198' title='bbox 324 2159 408 2212; x_wconf 76' lang='lat' dir='ltr'>paam</span> <span class='ocrx_word' id='word_1_199' title='bbox 431 2143 489 2195; x_wconf 85' lang='lat' dir='ltr'>sios</span> <span class='ocrx_word' id='word_1_200' title='bbox 513 2142 664 2211; x_wconf 68' lang='lat' dir='ltr'>objectam,</span> <span class='ocrx_word' id='word_1_201' title='bbox 694 2146 726 2195; x_wconf 90' lang='lat' dir='ltr'>ut</span> <span class='ocrx_word' id='word_1_202' title='bbox 748 2139 863 2194; x_wconf 86' lang='lat' dir='ltr'>iuferius</span> <span class='ocrx_word' id='word_1_203' title='bbox 889 2139 994 2194; x_wconf 88' lang='lat' dir='ltr'>videbi·</span> <span class='ocrx_word' id='word_1_204' title='bbox 1023 2139 1114 2210; x_wconf 89' lang='lat' dir='ltr'>eloqui</span> <span class='ocrx_word' id='word_1_205' title='bbox 1135 2144 1242 2211; x_wconf 86' lang='lat' dir='ltr'>potest,</span> <span class='ocrx_word' id='word_1_206' title='bbox 1271 2142 1335 2197; x_wconf 80' lang='lat' dir='ltr'>Eae.</span> <span class='ocrx_word' id='word_1_207' title='bbox 1353 2147 1395 2207; x_wconf 79' lang='lat' dir='ltr'>ot,</span> <span class='ocrx_word' id='word_1_208' title='bbox 1414 2161 1440 2196; x_wconf 80' lang='lat' dir='ltr'>v.</span> <span class='ocrx_word' id='word_1_209' title='bbox 1458 2148 1484 2200; x_wconf 82' lang='lat' dir='ltr'>t.</span> <span class='ocrx_word' id='word_1_210' title='bbox 1517 2147 1538 2197; x_wconf 90' lang='lat' dir='ltr'>l.</span> <span class='ocrx_word' id='word_1_211' title='bbox 1562 2139 1624 2195; x_wconf 86' lang='lat' dir='ltr'>Cor.</span> <span class='ocrx_word' id='word_1_212' title='bbox 1644 2145 1667 2203; x_wconf 83' lang='lat'>2.</span> <span class='ocrx_word' id='word_1_213' title='bbox 1686 2157 1710 2193; x_wconf 88' lang='lat' dir='ltr'>v.</span> <span class='ocrx_word' id='word_1_214' title='bbox 1729 2147 1759 2195; x_wconf 83' lang='lat' dir='ltr'>o:</span> <span class='ocrx_word' id='word_1_215' title='bbox 1790 2141 1857 2194; x_wconf 79' lang='lat' dir='ltr'>Noa</span> 
     </span>
     <span class='ocr_line' id='line_1_20' title="bbox 161 2224 1857 2299; baseline -0.002 -15"><span class='ocrx_word' id='word_1_216' title='bbox 161 2246 230 2285; x_wconf 89' lang='lat' dir='ltr'>mus.</span> <span class='ocrx_word' id='word_1_217' title='bbox 266 2229 356 2294; x_wconf 80' lang='lat' dir='ltr'>Quem</span> <span class='ocrx_word' id='word_1_218' title='bbox 372 2245 438 2299; x_wconf 88' lang='lat' dir='ltr'>ergo</span> <span class='ocrx_word' id='word_1_219' title='bbox 457 2229 601 2284; x_wconf 84' lang='lat' dir='ltr'>materiem</span> <span class='ocrx_word' id='word_1_220' title='bbox 621 2226 730 2283; x_wconf 89' lang='lat' dir='ltr'>inferno</span> <span class='ocrx_word' id='word_1_221' title='bbox 757 2224 819 2281; x_wconf 77' lang='grc' dir='ltr'><strong><em>κατ’</em></strong></span> <span class='ocrx_word' id='word_1_222' title='bbox 840 2225 996 2298; x_wconf 68' lang='grc' dir='ltr'><strong><em>ἀναλογίαν</em></strong></span> <span class='ocrx_word' id='word_1_223' title='bbox 1023 2227 1171 2281; x_wconf 83' lang='lat' dir='ltr'>adscendit</span> <span class='ocrx_word' id='word_1_224' title='bbox 1190 2228 1220 2281; x_wconf 83' lang='lat' dir='ltr'>in</span> <span class='ocrx_word' id='word_1_225' title='bbox 1238 2245 1289 2284; x_wconf 87' lang='lat' dir='ltr'>cor</span> <span class='ocrx_word' id='word_1_226' title='bbox 1305 2229 1434 2294; x_wconf 75' lang='lat' dir='ltr'>hominia,</span> <span class='ocrx_word' id='word_1_227' title='bbox 1451 2228 1522 2296; x_wconf 74' lang='lat' dir='ltr'>aeid</span> <span class='ocrx_word' id='word_1_228' title='bbox 1535 2227 1757 2297; x_wconf 78' lang='lat' dir='ltr'>praeparaverit</span> <span class='ocrx_word' id='word_1_229' title='bbox 1776 2228 1857 2281; x_wconf 81' lang='lat' dir='ltr'>Dsas</span> 
     </span>
     <span class='ocr_line' id='line_1_21' title="bbox 160 2311 1856 2387; baseline -0.002 -16"><span class='ocrx_word' id='word_1_230' title='bbox 160 2312 384 2387; x_wconf 63' lang='lat' dir='ltr'>assignabimus?</span> <span class='ocrx_word' id='word_1_231' title='bbox 420 2313 450 2367; x_wconf 85' lang='lat' dir='ltr'>si</span> <span class='ocrx_word' id='word_1_232' title='bbox 472 2312 597 2368; x_wconf 82' lang='lat' dir='ltr'>infernus</span> <span class='ocrx_word' id='word_1_233' title='bbox 623 2313 777 2383; x_wconf 81' lang='lat' dir='ltr'>accipietur</span> <span class='ocrx_word' id='word_1_234' title='bbox 804 2312 833 2367; x_wconf 90' lang='lat' dir='ltr'>ia</span> <span class='ocrx_word' id='word_1_235' title='bbox 856 2311 995 2383; x_wconf 86' lang='lat' dir='ltr'>significa·</span> <span class='ocrx_word' id='word_1_236' title='bbox 1022 2313 1274 2381; x_wconf 58' lang='lat' dir='ltr'>aestimentiam</span> <span class='ocrx_word' id='word_1_237' title='bbox 1299 2313 1339 2368; x_wconf 85' lang='lat' dir='ltr'>ite</span> <span class='ocrx_word' id='word_1_238' title='bbox 1358 2329 1469 2384; x_wconf 81' lang='lat' dir='ltr'>quoque</span> <span class='ocrx_word' id='word_1_239' title='bbox 1487 2319 1637 2367; x_wconf 85' lang='lat' dir='ltr'>extremam</span> <span class='ocrx_word' id='word_1_240' title='bbox 1653 2311 1791 2366; x_wconf 70' lang='lat' dir='ltr'>misenam</span> <span class='ocrx_word' id='word_1_241' title='bbox 1815 2317 1856 2367; x_wconf 89' lang='lat' dir='ltr'>at·</span> 
     </span>
     <span class='ocr_line' id='line_1_22' title="bbox 161 2396 1857 2470; baseline -0.002 -14"><span class='ocrx_word' id='word_1_242' title='bbox 161 2401 239 2456; x_wconf 86' lang='lat' dir='ltr'>tione</span> <span class='ocrx_word' id='word_1_243' title='bbox 257 2399 347 2470; x_wconf 89' lang='lat' dir='ltr'>priore</span> <span class='ocrx_word' id='word_1_244' title='bbox 362 2416 419 2469; x_wconf 84' lang='lat' dir='ltr'>pro</span> <span class='ocrx_word' id='word_1_245' title='bbox 439 2407 526 2453; x_wconf 84' lang='lat' dir='ltr'>morte</span> <span class='ocrx_word' id='word_1_246' title='bbox 543 2406 660 2453; x_wconf 75' lang='lat' dir='ltr'>asterm</span> <span class='ocrx_word' id='word_1_247' title='bbox 675 2414 708 2452; x_wconf 88' lang='lat' dir='ltr'>ec</span> <span class='ocrx_word' id='word_1_248' title='bbox 727 2396 851 2452; x_wconf 87' lang='lat' dir='ltr'>horribili</span> <span class='ocrx_word' id='word_1_249' title='bbox 868 2397 920 2452; x_wconf 90' lang='lat' dir='ltr'>illa</span> <span class='ocrx_word' id='word_1_250' title='bbox 931 2414 996 2467; x_wconf 89' lang='lat' dir='ltr'>poe·</span> <span class='ocrx_word' id='word_1_251' title='bbox 1023 2415 1077 2469; x_wconf 83' lang='lat' dir='ltr'>qao</span> <span class='ocrx_word' id='word_1_252' title='bbox 1094 2398 1286 2455; x_wconf 85' lang='lat' dir='ltr'>infelicitatem</span> <span class='ocrx_word' id='word_1_253' title='bbox 1305 2399 1496 2454; x_wconf 77' lang='lat' dir='ltr'>damnmmum</span> <span class='ocrx_word' id='word_1_254' title='bbox 1515 2399 1544 2453; x_wconf 90' lang='lat' dir='ltr'>ln</span> <span class='ocrx_word' id='word_1_255' title='bbox 1563 2398 1670 2453; x_wconf 85' lang='lat' dir='ltr'>inferno</span> <span class='ocrx_word' id='word_1_256' title='bbox 1680 2397 1774 2451; x_wconf 87' lang='lat' dir='ltr'>nullus</span> <span class='ocrx_word' id='word_1_257' title='bbox 1786 2413 1857 2452; x_wconf 89' lang='lat' dir='ltr'>mor·</span> 
     </span>
     <span class='ocr_line' id='line_1_23' title="bbox 163 2483 1855 2557; baseline -0.001 -16"><span class='ocrx_word' id='word_1_258' title='bbox 163 2504 214 2549; x_wconf 86' lang='lat' dir='ltr'>na,</span> <span class='ocrx_word' id='word_1_259' title='bbox 243 2503 326 2557; x_wconf 86' lang='lat' dir='ltr'>quem</span> <span class='ocrx_word' id='word_1_260' title='bbox 350 2485 474 2540; x_wconf 88' lang='lat' dir='ltr'>damnati</span> <span class='ocrx_word' id='word_1_261' title='bbox 496 2485 526 2538; x_wconf 89' lang='lat' dir='ltr'>in</span> <span class='ocrx_word' id='word_1_262' title='bbox 551 2490 694 2539; x_wconf 75' lang='lat' dir='ltr'>aeterum</span> <span class='ocrx_word' id='word_1_263' title='bbox 718 2483 908 2549; x_wconf 86' lang='lat' dir='ltr'>sustinebunt,</span> <span class='ocrx_word' id='word_1_264' title='bbox 937 2489 996 2538; x_wconf 88' lang='lat' dir='ltr'>turn</span> <span class='ocrx_word' id='word_1_265' title='bbox 1021 2485 1120 2539; x_wconf 85' lang='lat' dir='ltr'>talium</span> <span class='ocrx_word' id='word_1_266' title='bbox 1145 2485 1213 2540; x_wconf 88' lang='lat' dir='ltr'>satis</span> <span class='ocrx_word' id='word_1_267' title='bbox 1240 2485 1324 2557; x_wconf 88' lang='lat' dir='ltr'>digne</span> <span class='ocrx_word' id='word_1_268' title='bbox 1349 2487 1495 2541; x_wconf 89' lang='lat' dir='ltr'>aestimare</span> <span class='ocrx_word' id='word_1_269' title='bbox 1523 2491 1553 2540; x_wconf 92' lang='lat' dir='ltr'>et</span> <span class='ocrx_word' id='word_1_270' title='bbox 1576 2483 1731 2554; x_wconf 83' lang='lat' dir='ltr'>expendere</span> <span class='ocrx_word' id='word_1_271' title='bbox 1757 2488 1855 2552; x_wconf 79' lang='lat' dir='ltr'>potest</span> 
     </span>
     <span class='ocr_line' id='line_1_24' title="bbox 162 2567 1856 2642; baseline -0.002 -15"><span class='ocrx_word' id='word_1_272' title='bbox 162 2572 265 2627; x_wconf 84' lang='lat' dir='ltr'>frustra</span> <span class='ocrx_word' id='word_1_273' title='bbox 289 2571 433 2642; x_wconf 84' lang='lat' dir='ltr'>quaeritur</span> <span class='ocrx_word' id='word_1_274' title='bbox 451 2572 513 2641; x_wconf 87' lang='lat' dir='ltr'>ejus</span> <span class='ocrx_word' id='word_1_275' title='bbox 531 2571 652 2625; x_wconf 82' lang='lat' dir='ltr'>materia</span> <span class='ocrx_word' id='word_1_276' title='bbox 676 2586 709 2624; x_wconf 82' lang='lat' dir='ltr'>sc</span> <span class='ocrx_word' id='word_1_277' title='bbox 726 2587 797 2639; x_wconf 70' lang='lat' dir='ltr'>aaa,</span> <span class='ocrx_word' id='word_1_278' title='bbox 828 2570 896 2641; x_wconf 89' lang='lat' dir='ltr'>quia</span> <span class='ocrx_word' id='word_1_279' title='bbox 922 2569 996 2625; x_wconf 86' lang='lat' dir='ltr'>ecci·</span> <span class='ocrx_word' id='word_1_280' title='bbox 1022 2570 1142 2625; x_wconf 75' lang='lat' dir='ltr'>Faustus</span> <span class='ocrx_word' id='word_1_281' title='bbox 1158 2570 1305 2640; x_wconf 74' lang='lat' dir='ltr'>Regiensis</span> <span class='ocrx_word' id='word_1_282' title='bbox 1322 2571 1351 2625; x_wconf 91' lang='lat' dir='ltr'>in</span> <span class='ocrx_word' id='word_1_283' title='bbox 1370 2571 1452 2641; x_wconf 86' lang='lat' dir='ltr'>epist.</span> <span class='ocrx_word' id='word_1_284' title='bbox 1475 2577 1496 2626; x_wconf 88' lang='lat' dir='ltr'>l.</span> <span class='ocrx_word' id='word_1_285' title='bbox 1516 2569 1552 2624; x_wconf 89' lang='lat' dir='ltr'>ed</span> <span class='ocrx_word' id='word_1_286' title='bbox 1572 2568 1693 2625; x_wconf 81' lang='lat' dir='ltr'>Pauliu:</span> <span class='ocrx_word' id='word_1_287' title='bbox 1725 2567 1804 2623; x_wconf 73' lang='lat' dir='ltr'>Siout</span> <span class='ocrx_word' id='word_1_288' title='bbox 1822 2568 1856 2623; x_wconf 85' lang='lat' dir='ltr'>ii·</span> 
     </span>
     <span class='ocr_line' id='line_1_25' title="bbox 162 2653 1857 2727; baseline -0.003 -15"><span class='ocrx_word' id='word_1_289' title='bbox 162 2657 258 2712; x_wconf 86' lang='lat' dir='ltr'>dentia</span> <span class='ocrx_word' id='word_1_290' title='bbox 284 2674 339 2713; x_wconf 90' lang='lat' dir='ltr'>non</span> <span class='ocrx_word' id='word_1_291' title='bbox 368 2656 472 2712; x_wconf 90' lang='lat' dir='ltr'>babent</span> <span class='ocrx_word' id='word_1_292' title='bbox 489 2655 633 2711; x_wconf 85' lang='lat' dir='ltr'>materiem</span> <span class='ocrx_word' id='word_1_293' title='bbox 659 2672 693 2710; x_wconf 85' lang='lat' dir='ltr'>sc</span> <span class='ocrx_word' id='word_1_294' title='bbox 712 2674 783 2726; x_wconf 77' lang='lat' dir='ltr'>prro,</span> <span class='ocrx_word' id='word_1_295' title='bbox 809 2656 859 2711; x_wconf 92' lang='lat' dir='ltr'>sed</span> <span class='ocrx_word' id='word_1_296' title='bbox 883 2657 914 2709; x_wconf 85' lang='lat' dir='ltr'>ia</span> <span class='ocrx_word' id='word_1_297' title='bbox 938 2674 995 2727; x_wconf 77' lang='lat' dir='ltr'>qna</span> <span class='ocrx_word' id='word_1_298' title='bbox 1021 2658 1082 2725; x_wconf 82' lang='lat' dir='ltr'>iad,</span> <span class='ocrx_word' id='word_1_299' title='bbox 1102 2659 1179 2726; x_wconf 76' lang='lat' dir='ltr'>qood</span> <span class='ocrx_word' id='word_1_300' title='bbox 1190 2658 1326 2725; x_wconf 83' lang='lat' dir='ltr'>promisit</span> <span class='ocrx_word' id='word_1_301' title='bbox 1344 2656 1485 2711; x_wconf 74' lang='lat' dir='ltr'>Dominus</span> <span class='ocrx_word' id='word_1_302' title='bbox 1504 2655 1685 2724; x_wconf 75' lang='lat' dir='ltr'>diligentibus</span> <span class='ocrx_word' id='word_1_303' title='bbox 1701 2669 1746 2721; x_wconf 82' lang='lat' dir='ltr'>ss,</span> <span class='ocrx_word' id='word_1_304' title='bbox 1772 2653 1857 2708; x_wconf 64' lang='lat' dir='ltr'>stam</span> 
     </span>
     <span class='ocr_line' id='line_1_26' title="bbox 161 2738 1857 2814; baseline -0.001 -17"><span class='ocrx_word' id='word_1_305' title='bbox 161 2743 222 2797; x_wconf 85' lang='lat' dir='ltr'>sive</span> <span class='ocrx_word' id='word_1_306' title='bbox 241 2742 398 2814; x_wconf 89' lang='lat' dir='ltr'>subjectum</span> <span class='ocrx_word' id='word_1_307' title='bbox 415 2748 444 2796; x_wconf 92' lang='lat' dir='ltr'>et</span> <span class='ocrx_word' id='word_1_308' title='bbox 460 2743 539 2796; x_wconf 71' lang='grc' dir='ltr'><strong><em>οιαοο</em></strong></span> <span class='ocrx_word' id='word_1_309' title='bbox 557 2760 641 2812; x_wconf 73' lang='lat' dir='ltr'>orsam</span> <span class='ocrx_word' id='word_1_310' title='bbox 660 2742 720 2797; x_wconf 78' lang='lat' dir='ltr'>sive</span> <span class='ocrx_word' id='word_1_311' title='bbox 736 2740 885 2814; x_wconf 84' lang='lat' dir='ltr'>objectum.</span> <span class='ocrx_word' id='word_1_312' title='bbox 917 2740 996 2799; x_wconf 87' lang='lat' dir='ltr'>Sicut</span> <span class='ocrx_word' id='word_1_313' title='bbox 1021 2743 1176 2797; x_wconf 74' lang='lat' dir='ltr'>testimomo</span> <span class='ocrx_word' id='word_1_314' title='bbox 1197 2743 1321 2812; x_wconf 80' lang='lat' dir='ltr'>apostoli</span> <span class='ocrx_word' id='word_1_315' title='bbox 1342 2759 1397 2812; x_wconf 83' lang='lat' dir='ltr'>pro</span> <span class='ocrx_word' id='word_1_316' title='bbox 1416 2743 1461 2797; x_wconf 88' lang='lat' dir='ltr'>rsi</span> <span class='ocrx_word' id='word_1_317' title='bbox 1477 2741 1670 2809; x_wconf 61' lang='lat' dir='ltr'>mariandina</span> <span class='ocrx_word' id='word_1_318' title='bbox 1694 2740 1725 2793; x_wconf 83' lang='lat' dir='ltr'>ia</span> <span class='ocrx_word' id='word_1_319' title='bbox 1739 2756 1790 2794; x_wconf 86' lang='lat' dir='ltr'>cor</span> <span class='ocrx_word' id='word_1_320' title='bbox 1809 2738 1857 2795; x_wconf 81' lang='lat' dir='ltr'>iso·</span> 
     </span>
     <span class='ocr_line' id='line_1_27' title="bbox 163 2826 1856 2900; baseline -0.004 -16"><span class='ocrx_word' id='word_1_321' title='bbox 163 2831 416 2899; x_wconf 84' lang='lat' dir='ltr'>mors.tsmporelis</span> <span class='ocrx_word' id='word_1_322' title='bbox 434 2835 531 2898; x_wconf 89' lang='lat' dir='ltr'>utpote</span> <span class='ocrx_word' id='word_1_323' title='bbox 551 2829 668 2900; x_wconf 84' lang='lat' dir='ltr'>privatio</span> <span class='ocrx_word' id='word_1_324' title='bbox 685 2847 741 2884; x_wconf 91' lang='lat' dir='ltr'>non</span> <span class='ocrx_word' id='word_1_325' title='bbox 754 2828 839 2882; x_wconf 85' lang='lat' dir='ltr'>babet</span> <span class='ocrx_word' id='word_1_326' title='bbox 852 2830 995 2883; x_wconf 86' lang='lat' dir='ltr'>materiam</span> <span class='ocrx_word' id='word_1_327' title='bbox 1022 2829 1105 2882; x_wconf 84' lang='lat' dir='ltr'>minis</span> <span class='ocrx_word' id='word_1_328' title='bbox 1121 2846 1177 2882; x_wconf 84' lang='lat' dir='ltr'>non</span> <span class='ocrx_word' id='word_1_329' title='bbox 1195 2828 1361 2894; x_wconf 67' lang='lat' dir='ltr'>adscendit,</span> <span class='ocrx_word' id='word_1_330' title='bbox 1380 2828 1423 2882; x_wconf 83' lang='lat' dir='ltr'>ita</span> <span class='ocrx_word' id='word_1_331' title='bbox 1435 2828 1598 2892; x_wconf 74' lang='lat' dir='ltr'>frstarornm</span> <span class='ocrx_word' id='word_1_332' title='bbox 1610 2826 1784 2879; x_wconf 78' lang='lat' dir='ltr'>siramsnsitas</span> <span class='ocrx_word' id='word_1_333' title='bbox 1795 2841 1856 2878; x_wconf 76' lang='lat' dir='ltr'>ora·</span> 
     </span>
     <span class='ocr_line' id='line_1_28' title="bbox 162 2909 1858 2987; baseline -0.004 -16"><span class='ocrx_word' id='word_1_334' title='bbox 162 2933 277 2987; x_wconf 90' lang='lat' dir='ltr'>exque,</span> <span class='ocrx_word' id='word_1_335' title='bbox 295 2916 335 2970; x_wconf 88' lang='lat' dir='ltr'>ita</span> <span class='ocrx_word' id='word_1_336' title='bbox 353 2932 463 2987; x_wconf 86' lang='lat' dir='ltr'>quoqne</span> <span class='ocrx_word' id='word_1_337' title='bbox 483 2933 555 2970; x_wconf 88' lang='lat' dir='ltr'>mors</span> <span class='ocrx_word' id='word_1_338' title='bbox 575 2921 689 2970; x_wconf 84' lang='lat' dir='ltr'>esterna</span> <span class='ocrx_word' id='word_1_339' title='bbox 708 2915 852 2969; x_wconf 87' lang='lat' dir='ltr'>materiem</span> <span class='ocrx_word' id='word_1_340' title='bbox 872 2915 994 2986; x_wconf 88' lang='lat' dir='ltr'>aliquam</span> <span class='ocrx_word' id='word_1_341' title='bbox 1023 2915 1148 2968; x_wconf 82' lang='lat' dir='ltr'>ciatoam</span> <span class='ocrx_word' id='word_1_342' title='bbox 1165 2915 1313 2983; x_wconf 74' lang='lat' dir='ltr'>onpoaios</span> <span class='ocrx_word' id='word_1_343' title='bbox 1340 2915 1477 2968; x_wconf 77' lang='lat' dir='ltr'>iomanes</span> <span class='ocrx_word' id='word_1_344' title='bbox 1497 2913 1596 2967; x_wconf 83' lang='lat' dir='ltr'>mostis</span> <span class='ocrx_word' id='word_1_345' title='bbox 1626 2913 1742 2967; x_wconf 78' lang='lat' dir='ltr'>secedit.</span> <span class='ocrx_word' id='word_1_346' title='bbox 1778 2909 1858 2966; x_wconf 86' lang='lat' dir='ltr'>Sicut</span> 
     </span>
     <span class='ocr_line' id='line_1_29' title="bbox 162 2998 1855 3073; baseline -0.003 -17"><span class='ocrx_word' id='word_1_347' title='bbox 162 3003 273 3073; x_wconf 89' lang='lat' dir='ltr'>proprie</span> <span class='ocrx_word' id='word_1_348' title='bbox 290 3003 330 3055; x_wconf 87' lang='lat' dir='ltr'>sic</span> <span class='ocrx_word' id='word_1_349' title='bbox 349 3003 452 3056; x_wconf 89' lang='lat' dir='ltr'>dictam</span> <span class='ocrx_word' id='word_1_350' title='bbox 471 3002 637 3056; x_wconf 89' lang='lat' dir='ltr'>nonhabet.</span> <span class='ocrx_word' id='word_1_351' title='bbox 672 3001 702 3058; x_wconf 83' lang='lat' dir='ltr'>si</span> <span class='ocrx_word' id='word_1_352' title='bbox 722 3017 790 3056; x_wconf 85' lang='lat' dir='ltr'>sero</span> <span class='ocrx_word' id='word_1_353' title='bbox 807 3000 931 3057; x_wconf 83' lang='lat' dir='ltr'>infernus</span> <span class='ocrx_word' id='word_1_354' title='bbox 949 3019 994 3056; x_wconf 92' lang='lat' dir='ltr'>ac·</span> <span class='ocrx_word' id='word_1_355' title='bbox 1022 3001 1174 3071; x_wconf 85' lang='lat' dir='ltr'>praemium</span> <span class='ocrx_word' id='word_1_356' title='bbox 1193 3000 1246 3071; x_wconf 92' lang='lat' dir='ltr'>piis</span> <span class='ocrx_word' id='word_1_357' title='bbox 1264 3001 1429 3071; x_wconf 87' lang='lat' dir='ltr'>promissum</span> <span class='ocrx_word' id='word_1_358' title='bbox 1450 3006 1492 3056; x_wconf 86' lang='lat' dir='ltr'>est</span> <span class='ocrx_word' id='word_1_359' title='bbox 1509 3000 1609 3054; x_wconf 77' lang='lat' dir='ltr'>tonum</span> <span class='ocrx_word' id='word_1_360' title='bbox 1621 2998 1782 3053; x_wconf 78' lang='lat' dir='ltr'>oniomois</span> <span class='ocrx_word' id='word_1_361' title='bbox 1799 3012 1855 3052; x_wconf 87' lang='lat' dir='ltr'>om·</span> 
     </span>
    </p>

    <p class='ocr_par' dir='ltr' id='par_1_9' title="bbox 161 3082 1974 3158">
     <span class='ocr_line' id='line_1_30' title="bbox 161 3082 1974 3158; baseline -0.001 -16"><span class='ocrx_word' id='word_1_362' title='bbox 161 3087 282 3158; x_wconf 89' lang='lat' dir='ltr'>cipiatur</span> <span class='ocrx_word' id='word_1_363' title='bbox 300 3087 329 3140; x_wconf 90' lang='lat' dir='ltr'>in</span> <span class='ocrx_word' id='word_1_364' title='bbox 346 3085 551 3158; x_wconf 84' lang='lat' dir='ltr'>significatione</span> <span class='ocrx_word' id='word_1_365' title='bbox 570 3087 722 3156; x_wconf 87' lang='lat' dir='ltr'>posteriore</span> <span class='ocrx_word' id='word_1_366' title='bbox 745 3089 782 3141; x_wconf 79' lang='lat' dir='ltr'>de</span> <span class='ocrx_word' id='word_1_367' title='bbox 799 3087 851 3141; x_wconf 78' lang='lat' dir='ltr'>illo</span> <span class='ocrx_word' id='word_1_368' title='bbox 869 3083 942 3156; x_wconf 81' lang='grc' dir='ltr'><strong><em>πού,</em></strong></span> <span class='ocrx_word' id='word_1_369' title='bbox 967 3087 995 3141; x_wconf 89' lang='lat' dir='ltr'>in</span> <span class='ocrx_word' id='word_1_370' title='bbox 1021 3086 1097 3141; x_wconf 88' lang='lat' dir='ltr'>niam</span> <span class='ocrx_word' id='word_1_371' title='bbox 1115 3087 1250 3141; x_wconf 90' lang='lat' dir='ltr'>bonorum</span> <span class='ocrx_word' id='word_1_372' title='bbox 1275 3103 1379 3157; x_wconf 86' lang='lat' dir='ltr'>genera</span> <span class='ocrx_word' id='word_1_373' title='bbox 1403 3093 1432 3142; x_wconf 91' lang='lat' dir='ltr'>et</span> <span class='ocrx_word' id='word_1_374' title='bbox 1456 3086 1564 3156; x_wconf 86' lang='lat' dir='ltr'>speeies</span> <span class='ocrx_word' id='word_1_375' title='bbox 1589 3084 1790 3155; x_wconf 75' lang='lat' dir='ltr'>complectens3</span> <span class='ocrx_word' id='word_1_376' title='bbox 1815 3082 1913 3144; x_wconf 76' lang='lat' dir='ltr'>dcxx</span> <span class='ocrx_word' id='word_1_377' title='bbox 1927 3099 1974 3142; x_wconf 85' lang='lat' dir='ltr'>rsa.</span> 
     </span>
    </p>

    <p class='ocr_par' dir='ltr' id='par_1_10' title="bbox 161 3170 1909 3245">
     <span class='ocr_line' id='line_1_31' title="bbox 161 3170 1909 3245; baseline -0.002 -18"><span class='ocrx_word' id='word_1_378' title='bbox 161 3189 218 3245; x_wconf 90' lang='lat' dir='ltr'>quo</span> <span class='ocrx_word' id='word_1_379' title='bbox 246 3174 370 3228; x_wconf 87' lang='lat' dir='ltr'>damnati</span> <span class='ocrx_word' id='word_1_380' title='bbox 402 3174 479 3229; x_wconf 88' lang='lat' dir='ltr'>velut</span> <span class='ocrx_word' id='word_1_381' title='bbox 504 3174 534 3227; x_wconf 91' lang='lat' dir='ltr'>in</span> <span class='ocrx_word' id='word_1_382' title='bbox 562 3173 714 3244; x_wconf 89' lang='lat' dir='ltr'>caliginoso</span> <span class='ocrx_word' id='word_1_383' title='bbox 738 3173 859 3243; x_wconf 85' lang='lat' dir='ltr'>quodem</span> <span class='ocrx_word' id='word_1_384' title='bbox 884 3189 996 3228; x_wconf 79' lang='lat' dir='ltr'>carcere</span> <span class='ocrx_word' id='word_1_385' title='bbox 1021 3171 1187 3242; x_wconf 88' lang='lat' dir='ltr'>supplicium</span> <span class='ocrx_word' id='word_1_386' title='bbox 1217 3172 1410 3242; x_wconf 87' lang='lat' dir='ltr'>peccatoribus</span> <span class='ocrx_word' id='word_1_387' title='bbox 1440 3178 1635 3242; x_wconf 85' lang='lat' dir='ltr'>praeparatum</span> <span class='ocrx_word' id='word_1_388' title='bbox 1674 3177 1718 3226; x_wconf 89' lang='lat' dir='ltr'>eat</span> <span class='ocrx_word' id='word_1_389' title='bbox 1749 3170 1856 3224; x_wconf 75' lang='lat' dir='ltr'>naam</span> <span class='ocrx_word' id='word_1_390' title='bbox 1906 3186 1909 3192; x_wconf 22' lang='grc' dir='ltr'><strong>Δ</strong></span> 
     </span>
    </p>

    <p class='ocr_par' dir='ltr' id='par_1_11' title="bbox 157 3255 1857 5221">
     <span class='ocr_line' id='line_1_32' title="bbox 161 3255 1856 3329; baseline -0.002 -15"><span class='ocrx_word' id='word_1_391' title='bbox 161 3277 224 3315; x_wconf 88' lang='lat' dir='ltr'>cum</span> <span class='ocrx_word' id='word_1_392' title='bbox 240 3260 359 3315; x_wconf 88' lang='lat' dir='ltr'>diabolis</span> <span class='ocrx_word' id='word_1_393' title='bbox 377 3260 501 3314; x_wconf 86' lang='lat' dir='ltr'>conclusi</span> <span class='ocrx_word' id='word_1_394' title='bbox 517 3259 694 3325; x_wconf 87' lang='lat' dir='ltr'>tenebantur,</span> <span class='ocrx_word' id='word_1_395' title='bbox 709 3261 768 3329; x_wconf 86' lang='lat' dir='ltr'>jam</span> <span class='ocrx_word' id='word_1_396' title='bbox 787 3266 853 3314; x_wconf 90' lang='lat' dir='ltr'>aute</span> <span class='ocrx_word' id='word_1_397' title='bbox 868 3259 995 3328; x_wconf 77' lang='lat' dir='ltr'>diximus,</span> <span class='ocrx_word' id='word_1_398' title='bbox 1022 3258 1197 3326; x_wconf 79' lang='lat' dir='ltr'>antemnis,</span> <span class='ocrx_word' id='word_1_399' title='bbox 1221 3259 1250 3312; x_wconf 91' lang='lat' dir='ltr'>in</span> <span class='ocrx_word' id='word_1_400' title='bbox 1268 3275 1323 3328; x_wconf 88' lang='lat' dir='ltr'>quo</span> <span class='ocrx_word' id='word_1_401' title='bbox 1341 3259 1434 3314; x_wconf 91' lang='lat' dir='ltr'>omnia</span> <span class='ocrx_word' id='word_1_402' title='bbox 1453 3259 1586 3314; x_wconf 86' lang='lat' dir='ltr'>malorum</span> <span class='ocrx_word' id='word_1_403' title='bbox 1608 3266 1636 3314; x_wconf 89' lang='lat' dir='ltr'>et</span> <span class='ocrx_word' id='word_1_404' title='bbox 1654 3255 1856 3327; x_wconf 85' lang='lat' dir='ltr'>suppliciorum</span> 
     </span>
     <span class='ocr_line' id='line_1_33' title="bbox 162 3341 1857 3417; baseline -0.003 -17"><span class='ocrx_word' id='word_1_405' title='bbox 162 3365 217 3402; x_wconf 89' lang='lat' dir='ltr'>non</span> <span class='ocrx_word' id='word_1_406' title='bbox 237 3352 345 3402; x_wconf 72' lang='lat' dir='ltr'>exsmre</span> <span class='ocrx_word' id='word_1_407' title='bbox 366 3346 395 3400; x_wconf 90' lang='lat' dir='ltr'>in</span> <span class='ocrx_word' id='word_1_408' title='bbox 408 3345 560 3417; x_wconf 83' lang='lat' dir='ltr'>Scripturis</span> <span class='ocrx_word' id='word_1_409' title='bbox 574 3345 721 3401; x_wconf 85' lang='lat' dir='ltr'>manifeste</span> <span class='ocrx_word' id='word_1_410' title='bbox 734 3346 894 3413; x_wconf 82' lang='lat' dir='ltr'>revelatum,</span> <span class='ocrx_word' id='word_1_411' title='bbox 913 3347 995 3417; x_wconf 89' lang='lat' dir='ltr'>quale</span> <span class='ocrx_word' id='word_1_412' title='bbox 1021 3360 1126 3415; x_wconf 85' lang='lat' dir='ltr'>genere</span> <span class='ocrx_word' id='word_1_413' title='bbox 1141 3344 1171 3398; x_wconf 90' lang='lat' dir='ltr'>in</span> <span class='ocrx_word' id='word_1_414' title='bbox 1191 3360 1276 3398; x_wconf 90' lang='lat' dir='ltr'>unum</span> <span class='ocrx_word' id='word_1_415' title='bbox 1294 3349 1457 3401; x_wconf 74' lang='lat' dir='ltr'>concertata</span> <span class='ocrx_word' id='word_1_416' title='bbox 1475 3342 1728 3414; x_wconf 86' lang='lat' dir='ltr'>deprehenduntur.</span> <span class='ocrx_word' id='word_1_417' title='bbox 1759 3341 1857 3395; x_wconf 88' lang='lat' dir='ltr'>Poena</span> 
     </span>
     <span class='ocr_line' id='line_1_34' title="bbox 161 3428 1856 3503; baseline -0.002 -18"><span class='ocrx_word' id='word_1_418' title='bbox 161 3433 198 3486; x_wconf 90' lang='lat' dir='ltr'>sit</span> <span class='ocrx_word' id='word_1_419' title='bbox 215 3433 285 3487; x_wconf 92' lang='lat' dir='ltr'>illud</span> <span class='ocrx_word' id='word_1_420' title='bbox 304 3429 367 3495; x_wconf 81' lang='lat' dir='ltr'>aori,</span> <span class='ocrx_word' id='word_1_421' title='bbox 386 3448 548 3502; x_wconf 90' lang='lat' dir='ltr'>corporeum</span> <span class='ocrx_word' id='word_1_422' title='bbox 567 3432 611 3486; x_wconf 85' lang='lat' dir='ltr'>vel</span> <span class='ocrx_word' id='word_1_423' title='bbox 629 3433 835 3503; x_wconf 89' lang='lat' dir='ltr'>incorporeum,</span> <span class='ocrx_word' id='word_1_424' title='bbox 860 3434 934 3486; x_wconf 90' lang='lat' dir='ltr'>intre</span> <span class='ocrx_word' id='word_1_425' title='bbox 951 3435 994 3488; x_wconf 81' lang='lat' dir='ltr'>rel</span> <span class='ocrx_word' id='word_1_426' title='bbox 1021 3431 1163 3486; x_wconf 83' lang='lat' dir='ltr'>infernalis</span> <span class='ocrx_word' id='word_1_427' title='bbox 1181 3439 1223 3486; x_wconf 87' lang='lat' dir='ltr'>est</span> <span class='ocrx_word' id='word_1_428' title='bbox 1242 3431 1362 3500; x_wconf 78' lang='lat' dir='ltr'>infinita,</span> <span class='ocrx_word' id='word_1_429' title='bbox 1380 3430 1447 3500; x_wconf 88' lang='lat' dir='ltr'>quia</span> <span class='ocrx_word' id='word_1_430' title='bbox 1465 3437 1580 3484; x_wconf 85' lang='lat' dir='ltr'>aeterna</span> <span class='ocrx_word' id='word_1_431' title='bbox 1608 3436 1636 3483; x_wconf 90' lang='lat' dir='ltr'>et</span> <span class='ocrx_word' id='word_1_432' title='bbox 1662 3428 1730 3499; x_wconf 81' lang='lat' dir='ltr'>quie</span> <span class='ocrx_word' id='word_1_433' title='bbox 1745 3431 1856 3496; x_wconf 87' lang='lat' dir='ltr'>separat</span> 
     </span>
     <span class='ocr_line' id='line_1_35' title="bbox 161 3511 1856 3587; baseline -0.003 -14"><span class='ocrx_word' id='word_1_434' title='bbox 161 3523 238 3573; x_wconf 87' lang='lat' dir='ltr'>extra</span> <span class='ocrx_word' id='word_1_435' title='bbox 268 3517 340 3572; x_wconf 89' lang='lat' dir='ltr'>bunc</span> <span class='ocrx_word' id='word_1_436' title='bbox 371 3517 513 3572; x_wconf 86' lang='lat' dir='ltr'>mundum.</span> <span class='ocrx_word' id='word_1_437' title='bbox 547 3517 602 3582; x_wconf 81' lang='lat' dir='ltr'>Qui</span> <span class='ocrx_word' id='word_1_438' title='bbox 634 3516 771 3572; x_wconf 86' lang='lat' dir='ltr'>infernum</span> <span class='ocrx_word' id='word_1_439' title='bbox 802 3517 937 3573; x_wconf 88' lang='lat' dir='ltr'>collocant</span> <span class='ocrx_word' id='word_1_440' title='bbox 966 3521 995 3571; x_wconf 79' lang='lat' dir='ltr'>in</span> <span class='ocrx_word' id='word_1_441' title='bbox 1022 3517 1132 3580; x_wconf 90' lang='lat' dir='ltr'>aDeo,</span> <span class='ocrx_word' id='word_1_442' title='bbox 1155 3518 1201 3587; x_wconf 90' lang='lat' dir='ltr'>qui</span> <span class='ocrx_word' id='word_1_443' title='bbox 1223 3522 1265 3570; x_wconf 86' lang='lat' dir='ltr'>est</span> <span class='ocrx_word' id='word_1_444' title='bbox 1283 3514 1421 3570; x_wconf 86' lang='lat' dir='ltr'>inlinitum</span> <span class='ocrx_word' id='word_1_445' title='bbox 1441 3517 1552 3570; x_wconf 91' lang='lat' dir='ltr'>bouum.</span> <span class='ocrx_word' id='word_1_446' title='bbox 1588 3515 1653 3570; x_wconf 85' lang='lat' dir='ltr'>Jam</span> <span class='ocrx_word' id='word_1_447' title='bbox 1669 3529 1734 3568; x_wconf 89' lang='lat' dir='ltr'>vero</span> <span class='ocrx_word' id='word_1_448' title='bbox 1760 3511 1856 3568; x_wconf 83' lang='lat' dir='ltr'>finitus</span> 
     </span>
     <span class='ocr_line' id='line_1_36' title="bbox 161 3599 1857 3674; baseline -0.004 -16"><span class='ocrx_word' id='word_1_449' title='bbox 161 3612 257 3659; x_wconf 83' lang='lat' dir='ltr'>centro</span> <span class='ocrx_word' id='word_1_450' title='bbox 274 3611 369 3659; x_wconf 83' lang='lat' dir='ltr'>terras</span> <span class='ocrx_word' id='word_1_451' title='bbox 387 3619 506 3674; x_wconf 87' lang='lat' dir='ltr'>eumque</span> <span class='ocrx_word' id='word_1_452' title='bbox 526 3608 654 3658; x_wconf 89' lang='lat' dir='ltr'>statuunt</span> <span class='ocrx_word' id='word_1_453' title='bbox 670 3620 731 3657; x_wconf 85' lang='lat' dir='ltr'>esse</span> <span class='ocrx_word' id='word_1_454' title='bbox 754 3605 848 3658; x_wconf 76' lang='lat' dir='ltr'>torem</span> <span class='ocrx_word' id='word_1_455' title='bbox 871 3605 995 3674; x_wconf 75' lang='lat' dir='ltr'>aliquem</span> <span class='ocrx_word' id='word_1_456' title='bbox 1021 3601 1179 3657; x_wconf 86' lang='lat' dir='ltr'>intellectus</span> <span class='ocrx_word' id='word_1_457' title='bbox 1198 3618 1253 3655; x_wconf 89' lang='lat' dir='ltr'>nou</span> <span class='ocrx_word' id='word_1_458' title='bbox 1274 3606 1366 3670; x_wconf 87' lang='lat' dir='ltr'>potest</span> <span class='ocrx_word' id='word_1_459' title='bbox 1383 3600 1521 3655; x_wconf 89' lang='lat' dir='ltr'>inlinitum</span> <span class='ocrx_word' id='word_1_460' title='bbox 1540 3599 1663 3670; x_wconf 86' lang='lat' dir='ltr'>perfecte</span> <span class='ocrx_word' id='word_1_461' title='bbox 1681 3614 1857 3670; x_wconf 74' lang='lat' dir='ltr'>cognoscere.</span> 
     </span>
     <span class='ocr_line' id='line_1_37' title="bbox 161 3685 1855 3762; baseline -0.003 -17"><span class='ocrx_word' id='word_1_462' title='bbox 161 3707 339 3762; x_wconf 76' lang='lat' dir='ltr'>coporeum,</span> <span class='ocrx_word' id='word_1_463' title='bbox 368 3691 587 3756; x_wconf 73' lang='lat' dir='ltr'>tenebricosam,</span> <span class='ocrx_word' id='word_1_464' title='bbox 612 3690 676 3755; x_wconf 73' lang='lat' dir='ltr'>ipae</span> <span class='ocrx_word' id='word_1_465' title='bbox 701 3691 846 3744; x_wconf 67' lang='lat' dir='ltr'>mammeti</span> <span class='ocrx_word' id='word_1_466' title='bbox 868 3692 993 3759; x_wconf 74' lang='lat' dir='ltr'>plenam,</span> <span class='ocrx_word' id='word_1_467' title='bbox 1021 3687 1096 3758; x_wconf 84' lang='lat' dir='ltr'>Ergo</span> <span class='ocrx_word' id='word_1_468' title='bbox 1113 3687 1196 3741; x_wconf 90' lang='lat' dir='ltr'>etiarn</span> <span class='ocrx_word' id='word_1_469' title='bbox 1214 3703 1331 3757; x_wconf 87' lang='lat' dir='ltr'>poenam</span> <span class='ocrx_word' id='word_1_470' title='bbox 1350 3685 1451 3741; x_wconf 82' lang='lat' dir='ltr'>inferni</span> <span class='ocrx_word' id='word_1_471' title='bbox 1475 3686 1597 3755; x_wconf 84' lang='lat' dir='ltr'>periente</span> <span class='ocrx_word' id='word_1_472' title='bbox 1620 3701 1787 3756; x_wconf 87' lang='lat' dir='ltr'>cognoscere</span> <span class='ocrx_word' id='word_1_473' title='bbox 1808 3701 1855 3740; x_wconf 88' lang='lat' dir='ltr'>ue·</span> 
     </span>
     <span class='ocr_line' id='line_1_38' title="bbox 162 3771 1855 3846; baseline -0.001 -18"><span class='ocrx_word' id='word_1_474' title='bbox 162 3774 202 3829; x_wconf 91' lang='lat' dir='ltr'>illi</span> <span class='ocrx_word' id='word_1_475' title='bbox 220 3775 426 3846; x_wconf 88' lang='lat' dir='ltr'>distinguerent</span> <span class='ocrx_word' id='word_1_476' title='bbox 442 3775 515 3829; x_wconf 88' lang='lat' dir='ltr'>inter</span> <span class='ocrx_word' id='word_1_477' title='bbox 531 3776 680 3829; x_wconf 82' lang='lat' dir='ltr'>materiam</span> <span class='ocrx_word' id='word_1_478' title='bbox 698 3777 944 3844; x_wconf 62' lang='lat' dir='ltr'>momenmentsm</span> <span class='ocrx_word' id='word_1_479' title='bbox 968 3787 994 3831; x_wconf 82' lang='lat' dir='ltr'>st</span> <span class='ocrx_word' id='word_1_480' title='bbox 1021 3773 1089 3845; x_wconf 89' lang='lat' dir='ltr'>quit.</span> <span class='ocrx_word' id='word_1_481' title='bbox 1125 3772 1300 3843; x_wconf 82' lang='lat' dir='ltr'>Augustinus</span> <span class='ocrx_word' id='word_1_482' title='bbox 1320 3788 1401 3829; x_wconf 89' lang='lat' dir='ltr'>serm.</span> <span class='ocrx_word' id='word_1_483' title='bbox 1422 3777 1479 3829; x_wconf 76' lang='grc' dir='ltr'>ιιι.</span> <span class='ocrx_word' id='word_1_484' title='bbox 1498 3771 1533 3826; x_wconf 89' lang='lat' dir='ltr'>de</span> <span class='ocrx_word' id='word_1_485' title='bbox 1550 3776 1647 3842; x_wconf 82' lang='lat' dir='ltr'>temp:</span> <span class='ocrx_word' id='word_1_486' title='bbox 1675 3771 1772 3840; x_wconf 75' lang='lat' dir='ltr'>Hojos</span> <span class='ocrx_word' id='word_1_487' title='bbox 1787 3787 1855 3840; x_wconf 87' lang='lat' dir='ltr'>pos·</span> 
     </span>
     <span class='ocr_line' id='line_1_39' title="bbox 161 3857 1855 3932; baseline -0.001 -18"><span class='ocrx_word' id='word_1_488' title='bbox 161 3862 376 3929; x_wconf 62' lang='lat' dir='ltr'>romanoram,</span> <span class='ocrx_word' id='word_1_489' title='bbox 393 3860 451 3915; x_wconf 80' lang='lat' dir='ltr'>sive</span> <span class='ocrx_word' id='word_1_490' title='bbox 468 3861 615 3913; x_wconf 83' lang='lat' dir='ltr'>materiam</span> <span class='ocrx_word' id='word_1_491' title='bbox 631 3861 836 3916; x_wconf 65' lang='lat' dir='ltr'>contitutionis</span> <span class='ocrx_word' id='word_1_492' title='bbox 848 3869 875 3915; x_wconf 83' lang='lat' dir='ltr'>et</span> <span class='ocrx_word' id='word_1_493' title='bbox 886 3880 994 3932; x_wconf 85' lang='lat' dir='ltr'>compo·</span> <span class='ocrx_word' id='word_1_494' title='bbox 1021 3877 1074 3915; x_wconf 82' lang='lat' dir='ltr'>nac</span> <span class='ocrx_word' id='word_1_495' title='bbox 1100 3868 1127 3914; x_wconf 91' lang='lat' dir='ltr'>st</span> <span class='ocrx_word' id='word_1_496' title='bbox 1149 3859 1224 3927; x_wconf 71' lang='lat' dir='ltr'>ionis</span> <span class='ocrx_word' id='word_1_497' title='bbox 1250 3859 1330 3914; x_wconf 81' lang='lat' dir='ltr'>iiiios</span> <span class='ocrx_word' id='word_1_498' title='bbox 1352 3859 1506 3927; x_wconf 82' lang='lat' dir='ltr'>potentiam</span> <span class='ocrx_word' id='word_1_499' title='bbox 1533 3857 1616 3911; x_wconf 69' lang='lat' dir='ltr'>realia</span> <span class='ocrx_word' id='word_1_500' title='bbox 1634 3874 1687 3911; x_wconf 80' lang='lat' dir='ltr'>oon</span> <span class='ocrx_word' id='word_1_501' title='bbox 1709 3873 1855 3927; x_wconf 62' lang='lat' dir='ltr'>seponas,</span> 
     </span>
     <span class='ocr_line' id='line_1_40' title="bbox 160 3943 1856 4019; baseline -0.002 -19"><span class='ocrx_word' id='word_1_502' title='bbox 160 3947 279 4002; x_wconf 74' lang='grc' dir='ltr'>αἰιοαια.</span> <span class='ocrx_word' id='word_1_503' title='bbox 315 3947 459 4002; x_wconf 84' lang='lat' dir='ltr'>Materiam</span> <span class='ocrx_word' id='word_1_504' title='bbox 474 3949 720 4017; x_wconf 72' lang='lat' dir='ltr'>promaristsatem</span> <span class='ocrx_word' id='word_1_505' title='bbox 743 3948 844 4004; x_wconf 85' lang='lat' dir='ltr'>inferni</span> <span class='ocrx_word' id='word_1_506' title='bbox 870 3949 995 4004; x_wconf 85' lang='lat' dir='ltr'>dicerent</span> <span class='ocrx_word' id='word_1_507' title='bbox 1021 3946 1116 4000; x_wconf 80' lang='lat' dir='ltr'>salina</span> <span class='ocrx_word' id='word_1_508' title='bbox 1138 3946 1244 4019; x_wconf 83' lang='lat' dir='ltr'>poterit</span> <span class='ocrx_word' id='word_1_509' title='bbox 1268 3961 1358 4000; x_wconf 80' lang='lat' dir='ltr'>sermo</span> <span class='ocrx_word' id='word_1_510' title='bbox 1377 3945 1538 4013; x_wconf 78' lang='lat' dir='ltr'>saplaaors.</span> <span class='ocrx_word' id='word_1_511' title='bbox 1572 3943 1714 3998; x_wconf 71' lang='lat' dir='ltr'>Nisaeos</span> <span class='ocrx_word' id='word_1_512' title='bbox 1734 3943 1856 3997; x_wconf 75' lang='lat' dir='ltr'>enimin</span> 
     </span>
     <span class='ocr_line' id='line_1_41' title="bbox 162 4030 1855 4103; baseline -0.004 -16"><span class='ocrx_word' id='word_1_513' title='bbox 162 4049 217 4087; x_wconf 91' lang='lat' dir='ltr'>non</span> <span class='ocrx_word' id='word_1_514' title='bbox 236 4048 317 4103; x_wconf 91' lang='lat' dir='ltr'>posse</span> <span class='ocrx_word' id='word_1_515' title='bbox 337 4033 406 4101; x_wconf 90' lang='lat' dir='ltr'>deri,</span> <span class='ocrx_word' id='word_1_516' title='bbox 432 4034 485 4087; x_wconf 80' lang='lat' dir='ltr'>nisi</span> <span class='ocrx_word' id='word_1_517' title='bbox 504 4034 576 4089; x_wconf 85' lang='lat' dir='ltr'>forte</span> <span class='ocrx_word' id='word_1_518' title='bbox 595 4049 627 4088; x_wconf 87' lang='lat' dir='ltr'>ex</span> <span class='ocrx_word' id='word_1_519' title='bbox 647 4034 709 4088; x_wconf 88' lang='lat' dir='ltr'>rudi</span> <span class='ocrx_word' id='word_1_520' title='bbox 729 4040 757 4088; x_wconf 89' lang='lat' dir='ltr'>et</span> <span class='ocrx_word' id='word_1_521' title='bbox 776 4034 886 4089; x_wconf 87' lang='lat' dir='ltr'>informi</span> <span class='ocrx_word' id='word_1_522' title='bbox 905 4054 996 4091; x_wconf 85' lang='lat' dir='ltr'>masse</span> <span class='ocrx_word' id='word_1_523' title='bbox 1020 4033 1103 4087; x_wconf 81' lang='lat' dir='ltr'>robes</span> <span class='ocrx_word' id='word_1_524' title='bbox 1119 4032 1357 4101; x_wconf 78' lang='lat' dir='ltr'>corruptibilitas,</span> <span class='ocrx_word' id='word_1_525' title='bbox 1377 4032 1454 4101; x_wconf 81' lang='lat' dir='ltr'>qood</span> <span class='ocrx_word' id='word_1_526' title='bbox 1470 4031 1600 4096; x_wconf 73' lang='lat' dir='ltr'>conferri</span> <span class='ocrx_word' id='word_1_527' title='bbox 1612 4030 1707 4100; x_wconf 81' lang='lat' dir='ltr'>possit</span> <span class='ocrx_word' id='word_1_528' title='bbox 1728 4030 1855 4083; x_wconf 79' lang='lat' dir='ltr'>incorra-</span> 
     </span>
     <span class='ocr_line' id='line_1_42' title="bbox 162 4115 1856 4192; baseline -0.002 -20"><span class='ocrx_word' id='word_1_529' title='bbox 162 4118 251 4188; x_wconf 91' lang='lat' dir='ltr'>primo</span> <span class='ocrx_word' id='word_1_530' title='bbox 269 4118 315 4174; x_wconf 92' lang='lat' dir='ltr'>die</span> <span class='ocrx_word' id='word_1_531' title='bbox 335 4127 430 4175; x_wconf 84' lang='lat' dir='ltr'>creata</span> <span class='ocrx_word' id='word_1_532' title='bbox 450 4136 512 4175; x_wconf 91' lang='lat' dir='ltr'>enm</span> <span class='ocrx_word' id='word_1_533' title='bbox 531 4119 578 4176; x_wconf 87' lang='lat' dir='ltr'>die</span> <span class='ocrx_word' id='word_1_534' title='bbox 599 4120 682 4176; x_wconf 89' lang='lat' dir='ltr'>tertio</span> <span class='ocrx_word' id='word_1_535' title='bbox 700 4138 757 4175; x_wconf 88' lang='lat' dir='ltr'>nna</span> <span class='ocrx_word' id='word_1_536' title='bbox 778 4139 839 4177; x_wconf 86' lang='lat' dir='ltr'>cum</span> <span class='ocrx_word' id='word_1_537' title='bbox 859 4129 933 4178; x_wconf 83' lang='lat' dir='ltr'>terra</span> <span class='ocrx_word' id='word_1_538' title='bbox 955 4125 996 4178; x_wconf 88' lang='lat' dir='ltr'>di·</span> <span class='ocrx_word' id='word_1_539' title='bbox 1021 4119 1168 4192; x_wconf 79' lang='lat' dir='ltr'>ptititibos</span> <span class='ocrx_word' id='word_1_540' title='bbox 1185 4119 1245 4173; x_wconf 82' lang='lat' dir='ltr'>aios</span> <span class='ocrx_word' id='word_1_541' title='bbox 1263 4119 1343 4172; x_wconf 79' lang='lat' dir='ltr'>tonia</span> <span class='ocrx_word' id='word_1_542' title='bbox 1361 4120 1419 4172; x_wconf 82' lang='lat' dir='ltr'>rios</span> <span class='ocrx_word' id='word_1_543' title='bbox 1444 4118 1535 4173; x_wconf 78' lang='lat' dir='ltr'>maiia</span> <span class='ocrx_word' id='word_1_544' title='bbox 1570 4119 1637 4171; x_wconf 81' lang='lat' dir='ltr'>Noa</span> <span class='ocrx_word' id='word_1_545' title='bbox 1662 4125 1703 4170; x_wconf 82' lang='lat' dir='ltr'>art</span> <span class='ocrx_word' id='word_1_546' title='bbox 1731 4115 1856 4184; x_wconf 73' lang='lat' dir='ltr'>maiam,</span> 
     </span>
     <span class='ocr_line' id='line_1_43' title="bbox 161 4200 1854 4275; baseline -0.003 -15"><span class='ocrx_word' id='word_1_547' title='bbox 161 4212 256 4260; x_wconf 91' lang='lat' dir='ltr'>osrent</span> <span class='ocrx_word' id='word_1_548' title='bbox 280 4204 443 4275; x_wconf 70' lang='lat' dir='ltr'>formatum,</span> <span class='ocrx_word' id='word_1_549' title='bbox 473 4206 617 4261; x_wconf 84' lang='lat' dir='ltr'>materiem</span> <span class='ocrx_word' id='word_1_550' title='bbox 641 4209 847 4263; x_wconf 59' lang='lat' dir='ltr'>sacramentam</span> <span class='ocrx_word' id='word_1_551' title='bbox 871 4210 997 4266; x_wconf 90' lang='lat' dir='ltr'>dicerent</span> <span class='ocrx_word' id='word_1_552' title='bbox 1023 4207 1090 4274; x_wconf 77' lang='lat' dir='ltr'>osio</span> <span class='ocrx_word' id='word_1_553' title='bbox 1109 4207 1143 4258; x_wconf 80' lang='lat' dir='ltr'>id</span> <span class='ocrx_word' id='word_1_554' title='bbox 1160 4207 1236 4273; x_wconf 73' lang='lat' dir='ltr'>qood</span> <span class='ocrx_word' id='word_1_555' title='bbox 1253 4206 1335 4260; x_wconf 81' lang='grc' dir='ltr'>ααιιο</span> <span class='ocrx_word' id='word_1_556' title='bbox 1352 4204 1486 4274; x_wconf 84' lang='lat' dir='ltr'>temporis</span> <span class='ocrx_word' id='word_1_557' title='bbox 1504 4218 1637 4256; x_wconf 76' lang='lat' dir='ltr'>maerere</span> <span class='ocrx_word' id='word_1_558' title='bbox 1647 4200 1854 4255; x_wconf 67' lang='lat' dir='ltr'>assamerot-</span> 
     </span>
     <span class='ocr_line' id='line_1_44' title="bbox 161 4286 1853 4366; baseline -0.002 -19"><span class='ocrx_word' id='word_1_559' title='bbox 161 4308 222 4347; x_wconf 87' lang='lat' dir='ltr'>esse</span> <span class='ocrx_word' id='word_1_560' title='bbox 246 4291 425 4362; x_wconf 79' lang='lat' dir='ltr'>caliginosam</span> <span class='ocrx_word' id='word_1_561' title='bbox 450 4298 479 4348; x_wconf 89' lang='lat' dir='ltr'>ot</span> <span class='ocrx_word' id='word_1_562' title='bbox 504 4292 650 4348; x_wconf 84' lang='lat' dir='ltr'>obscuram</span> <span class='ocrx_word' id='word_1_563' title='bbox 675 4295 750 4349; x_wconf 87' lang='lat' dir='ltr'>illam</span> <span class='ocrx_word' id='word_1_564' title='bbox 774 4301 864 4350; x_wconf 84' lang='lat' dir='ltr'>terrae</span> <span class='ocrx_word' id='word_1_565' title='bbox 881 4303 995 4366; x_wconf 80' lang='lat' dir='ltr'>partem,</span> <span class='ocrx_word' id='word_1_566' title='bbox 1021 4300 1081 4356; x_wconf 77' lang='lat' dir='ltr'>tor,</span> <span class='ocrx_word' id='word_1_567' title='bbox 1120 4291 1203 4346; x_wconf 77' lang='lat' dir='ltr'>aella</span> <span class='ocrx_word' id='word_1_568' title='bbox 1235 4291 1320 4344; x_wconf 85' lang='lat' dir='ltr'>stiam</span> <span class='ocrx_word' id='word_1_569' title='bbox 1349 4298 1445 4344; x_wconf 82' lang='lat' dir='ltr'>creata</span> <span class='ocrx_word' id='word_1_570' title='bbox 1474 4297 1562 4342; x_wconf 85' lang='lat' dir='ltr'>ments</span> <span class='ocrx_word' id='word_1_571' title='bbox 1593 4286 1853 4355; x_wconf 77' lang='lat' dir='ltr'>comprehendatur.</span> 
     </span>
     <span class='ocr_line' id='line_1_45' title="bbox 160 4373 1854 4448; baseline -0.002 -18"><span class='ocrx_word' id='word_1_572' title='bbox 160 4392 233 4448; x_wconf 78' lang='lat' dir='ltr'>quae</span> <span class='ocrx_word' id='word_1_573' title='bbox 250 4376 414 4431; x_wconf 74' lang='lat' dir='ltr'>infernalem</span> <span class='ocrx_word' id='word_1_574' title='bbox 432 4395 578 4434; x_wconf 79' lang='lat' dir='ltr'>cavernam</span> <span class='ocrx_word' id='word_1_575' title='bbox 593 4379 681 4434; x_wconf 87' lang='lat' dir='ltr'>ambit</span> <span class='ocrx_word' id='word_1_576' title='bbox 698 4386 728 4434; x_wconf 91' lang='lat' dir='ltr'>et</span> <span class='ocrx_word' id='word_1_577' title='bbox 743 4381 890 4437; x_wconf 83' lang='lat' dir='ltr'>concludit</span> <span class='ocrx_word' id='word_1_578' title='bbox 928 4383 996 4438; x_wconf 83' lang='lat' dir='ltr'>San·</span> <span class='ocrx_word' id='word_1_579' title='bbox 1021 4378 1178 4433; x_wconf 71' lang='lat' dir='ltr'>landericus</span> <span class='ocrx_word' id='word_1_580' title='bbox 1208 4376 1390 4432; x_wconf 84' lang='lat' dir='ltr'>Granatensis</span> <span class='ocrx_word' id='word_1_581' title='bbox 1421 4383 1460 4433; x_wconf 87' lang='lat'>11.</span> <span class='ocrx_word' id='word_1_582' title='bbox 1492 4379 1556 4444; x_wconf 88' lang='lat' dir='ltr'>post</span> <span class='ocrx_word' id='word_1_583' title='bbox 1584 4373 1698 4430; x_wconf 88' lang='lat' dir='ltr'>Pentec.</span> <span class='ocrx_word' id='word_1_584' title='bbox 1727 4390 1803 4429; x_wconf 89' lang='lat' dir='ltr'>conc.</span> <span class='ocrx_word' id='word_1_585' title='bbox 1832 4380 1854 4430; x_wconf 90' lang='lat'>1.</span> 
     </span>
     <span class='ocr_line' id='line_1_46' title="bbox 160 4459 1854 4536; baseline -0.002 -19"><span class='ocrx_word' id='word_1_586' title='bbox 160 4462 233 4517; x_wconf 85' lang='lat' dir='ltr'>otius</span> <span class='ocrx_word' id='word_1_587' title='bbox 258 4462 287 4515; x_wconf 93' lang='lat' dir='ltr'>in</span> <span class='ocrx_word' id='word_1_588' title='bbox 304 4479 366 4534; x_wconf 91' lang='lat' dir='ltr'>cap.</span> <span class='ocrx_word' id='word_1_589' title='bbox 387 4469 428 4521; x_wconf 84' lang='lat' dir='ltr'>so.</span> <span class='ocrx_word' id='word_1_590' title='bbox 458 4464 522 4518; x_wconf 75' lang='lat' dir='ltr'>Pae</span> <span class='ocrx_word' id='word_1_591' title='bbox 549 4481 611 4536; x_wconf 89' lang='lat' dir='ltr'>peg.</span> <span class='ocrx_word' id='word_1_592' title='bbox 638 4469 703 4520; x_wconf 81' lang='lat'>³34:</span> <span class='ocrx_word' id='word_1_593' title='bbox 734 4467 860 4534; x_wconf 80' lang='lat' dir='ltr'>Toplrstls</span> <span class='ocrx_word' id='word_1_594' title='bbox 888 4469 994 4522; x_wconf 74' lang='grc' dir='ltr'>ἀνόνιαν</span> <span class='ocrx_word' id='word_1_595' title='bbox 1021 4464 1150 4521; x_wconf 79' lang='lat' dir='ltr'>Gravitas</span> <span class='ocrx_word' id='word_1_596' title='bbox 1184 4462 1234 4518; x_wconf 87' lang='lat' dir='ltr'>illa</span> <span class='ocrx_word' id='word_1_597' title='bbox 1262 4462 1437 4517; x_wconf 83' lang='lat' dir='ltr'>infernalium</span> <span class='ocrx_word' id='word_1_598' title='bbox 1466 4476 1617 4533; x_wconf 81' lang='lat' dir='ltr'>poenarum</span> <span class='ocrx_word' id='word_1_599' title='bbox 1649 4459 1854 4531; x_wconf 86' lang='lat' dir='ltr'>quodammodo</span> 
     </span>
     <span class='ocr_line' id='line_1_47' title="bbox 157 4545 1854 4620; baseline -0.001 -19"><span class='ocrx_word' id='word_1_600' title='bbox 157 4556 337 4619; x_wconf 83' lang='lat' dir='ltr'>praeparata</span> <span class='ocrx_word' id='word_1_601' title='bbox 355 4551 392 4602; x_wconf 84' lang='lat' dir='ltr'>ab</span> <span class='ocrx_word' id='word_1_602' title='bbox 412 4551 486 4615; x_wconf 77' lang='lat' dir='ltr'>tori,</span> <span class='ocrx_word' id='word_1_603' title='bbox 511 4551 531 4603; x_wconf 86' lang='lat' dir='ltr'>i.</span> <span class='ocrx_word' id='word_1_604' title='bbox 552 4566 575 4605; x_wconf 84' lang='lat' dir='ltr'>s.</span> <span class='ocrx_word' id='word_1_605' title='bbox 594 4551 787 4605; x_wconf 78' lang='lat' dir='ltr'>ematitotions</span> <span class='ocrx_word' id='word_1_606' title='bbox 805 4553 911 4616; x_wconf 80' lang='lat' dir='ltr'>maadi,</span> <span class='ocrx_word' id='word_1_607' title='bbox 929 4561 995 4607; x_wconf 86' lang='lat' dir='ltr'>trme</span> <span class='ocrx_word' id='word_1_608' title='bbox 1021 4551 1143 4620; x_wconf 89' lang='lat' dir='ltr'>conspici</span> <span class='ocrx_word' id='word_1_609' title='bbox 1163 4554 1263 4619; x_wconf 87' lang='lat' dir='ltr'>potest,</span> <span class='ocrx_word' id='word_1_610' title='bbox 1282 4548 1305 4601; x_wconf 86' lang='lat' dir='ltr'>ai</span> <span class='ocrx_word' id='word_1_611' title='bbox 1325 4545 1456 4601; x_wconf 88' lang='lat' dir='ltr'>distincte</span> <span class='ocrx_word' id='word_1_612' title='bbox 1473 4545 1678 4601; x_wconf 88' lang='lat' dir='ltr'>consideremus</span> <span class='ocrx_word' id='word_1_613' title='bbox 1700 4552 1723 4602; x_wconf 88' lang='lat' dir='ltr'>l.</span> <span class='ocrx_word' id='word_1_614' title='bbox 1738 4546 1854 4600; x_wconf 75' lang='lat' dir='ltr'>intensi·</span> 
     </span>
     <span class='ocr_line' id='line_1_48' title="bbox 161 4633 1854 4705; baseline 0 -18"><span class='ocrx_word' id='word_1_615' title='bbox 161 4634 233 4687; x_wconf 85' lang='lat' dir='ltr'>saim</span> <span class='ocrx_word' id='word_1_616' title='bbox 247 4635 326 4688; x_wconf 75' lang='grc' dir='ltr'>αἀαι</span> <span class='ocrx_word' id='word_1_617' title='bbox 348 4635 398 4688; x_wconf 79' lang='lat' dir='ltr'>ille</span> <span class='ocrx_word' id='word_1_618' title='bbox 418 4635 448 4687; x_wconf 86' lang='lat' dir='ltr'>in</span> <span class='ocrx_word' id='word_1_619' title='bbox 468 4636 620 4689; x_wconf 61' lang='lat' dir='ltr'>obser-itas</span> <span class='ocrx_word' id='word_1_620' title='bbox 637 4644 746 4705; x_wconf 85' lang='lat' dir='ltr'>terroe,</span> <span class='ocrx_word' id='word_1_621' title='bbox 771 4638 790 4693; x_wconf 86' lang='lat' dir='ltr'>i.</span> <span class='ocrx_word' id='word_1_622' title='bbox 811 4653 832 4694; x_wconf 85' lang='lat' dir='ltr'>s.</span> <span class='ocrx_word' id='word_1_623' title='bbox 850 4638 881 4691; x_wconf 83' lang='lat' dir='ltr'>in</span> <span class='ocrx_word' id='word_1_624' title='bbox 899 4646 993 4693; x_wconf 83' lang='lat' dir='ltr'>centro</span> <span class='ocrx_word' id='word_1_625' title='bbox 1020 4654 1083 4690; x_wconf 85' lang='lat' dir='ltr'>cam</span> <span class='ocrx_word' id='word_1_626' title='bbox 1101 4653 1197 4689; x_wconf 72' lang='lat' dir='ltr'>samm</span> <span class='ocrx_word' id='word_1_627' title='bbox 1215 4635 1398 4702; x_wconf 71' lang='lat' dir='ltr'>atrocitates,</span> <span class='ocrx_word' id='word_1_628' title='bbox 1423 4639 1447 4689; x_wconf 81' lang='grc'>2.</span> <span class='ocrx_word' id='word_1_629' title='bbox 1466 4633 1632 4687; x_wconf 60' lang='lat' dir='ltr'>mammeam</span> <span class='ocrx_word' id='word_1_630' title='bbox 1652 4649 1749 4687; x_wconf 82' lang='lat' dir='ltr'>caram</span> <span class='ocrx_word' id='word_1_631' title='bbox 1767 4639 1854 4687; x_wconf 82' lang='lat' dir='ltr'>astar·</span> 
     </span>
     <span class='ocr_line' id='line_1_49' title="bbox 160 4717 1853 4791; baseline 0 -18"><span class='ocrx_word' id='word_1_632' title='bbox 160 4728 262 4791; x_wconf 87' lang='lat' dir='ltr'>terras,</span> <span class='ocrx_word' id='word_1_633' title='bbox 280 4720 405 4788; x_wconf 79' lang='lat' dir='ltr'>relictae,</span> <span class='ocrx_word' id='word_1_634' title='bbox 423 4723 473 4790; x_wconf 76' lang='lat' dir='ltr'>pai</span> <span class='ocrx_word' id='word_1_635' title='bbox 490 4724 688 4777; x_wconf 70' lang='lat' dir='ltr'>dommorom</span> <span class='ocrx_word' id='word_1_636' title='bbox 706 4725 822 4786; x_wconf 65' lang='lat' dir='ltr'>fictores</span> <span class='ocrx_word' id='word_1_637' title='bbox 839 4733 910 4780; x_wconf 73' lang='lat' dir='ltr'>mest</span> <span class='ocrx_word' id='word_1_638' title='bbox 930 4743 993 4779; x_wconf 85' lang='lat' dir='ltr'>ear·</span> <span class='ocrx_word' id='word_1_639' title='bbox 1019 4723 1141 4776; x_wconf 75' lang='grc' dir='ltr'>αιιοιαιιι.</span> <span class='ocrx_word' id='word_1_640' title='bbox 1188 4719 1345 4790; x_wconf 87' lang='lat' dir='ltr'>Utrumque</span> <span class='ocrx_word' id='word_1_641' title='bbox 1381 4717 1536 4772; x_wconf 86' lang='lat' dir='ltr'>membrum</span> <span class='ocrx_word' id='word_1_642' title='bbox 1565 4717 1729 4790; x_wconf 85' lang='lat' dir='ltr'>emphatieis</span> <span class='ocrx_word' id='word_1_643' title='bbox 1761 4717 1853 4773; x_wconf 86' lang='lat' dir='ltr'>verbis</span> 
     </span>
     <span class='ocr_line' id='line_1_50' title="bbox 160 4801 1853 4881; baseline 0 -22"><span class='ocrx_word' id='word_1_644' title='bbox 160 4822 216 4860; x_wconf 85' lang='lat' dir='ltr'>csr.</span> <span class='ocrx_word' id='word_1_645' title='bbox 252 4806 308 4863; x_wconf 84' lang='lat' dir='ltr'>Sed</span> <span class='ocrx_word' id='word_1_646' title='bbox 327 4806 395 4878; x_wconf 89' lang='lat' dir='ltr'>quid</span> <span class='ocrx_word' id='word_1_647' title='bbox 414 4806 449 4861; x_wconf 90' lang='lat' dir='ltr'>de</span> <span class='ocrx_word' id='word_1_648' title='bbox 468 4807 521 4861; x_wconf 90' lang='lat' dir='ltr'>bac</span> <span class='ocrx_word' id='word_1_649' title='bbox 540 4809 681 4877; x_wconf 90' lang='lat' dir='ltr'>opinions,</span> <span class='ocrx_word' id='word_1_650' title='bbox 707 4826 779 4881; x_wconf 83' lang='lat' dir='ltr'>quae</span> <span class='ocrx_word' id='word_1_651' title='bbox 803 4810 941 4866; x_wconf 85' lang='lat' dir='ltr'>infernum</span> <span class='ocrx_word' id='word_1_652' title='bbox 965 4811 992 4864; x_wconf 92' lang='lat' dir='ltr'>in</span> <span class='ocrx_word' id='word_1_653' title='bbox 1020 4809 1058 4879; x_wconf 92' lang='lat' dir='ltr'>pii</span> <span class='ocrx_word' id='word_1_654' title='bbox 1077 4814 1183 4863; x_wconf 86' lang='lat' dir='ltr'>veteres</span> <span class='ocrx_word' id='word_1_655' title='bbox 1201 4804 1362 4861; x_wconf 85' lang='lat' dir='ltr'>describunt</span> <span class='ocrx_word' id='word_1_656' title='bbox 1381 4822 1415 4859; x_wconf 90' lang='lat' dir='ltr'>ac</span> <span class='ocrx_word' id='word_1_657' title='bbox 1438 4822 1488 4876; x_wconf 91' lang='lat' dir='ltr'>per</span> <span class='ocrx_word' id='word_1_658' title='bbox 1513 4801 1727 4879; x_wconf 64' lang='lat' dir='ltr'>novocomensis»</span> <span class='ocrx_word' id='word_1_659' title='bbox 1750 4820 1853 4874; x_wconf 82' lang='lat' dir='ltr'>poena·</span> 
     </span>
     <span class='ocr_line' id='line_1_51' title="bbox 160 4888 1854 4967; baseline -0.001 -21"><span class='ocrx_word' id='word_1_660' title='bbox 160 4898 255 4946; x_wconf 90' lang='lat' dir='ltr'>centro</span> <span class='ocrx_word' id='word_1_661' title='bbox 273 4898 363 4947; x_wconf 88' lang='lat' dir='ltr'>terrae</span> <span class='ocrx_word' id='word_1_662' title='bbox 381 4891 508 4960; x_wconf 85' lang='lat' dir='ltr'>collocat,</span> <span class='ocrx_word' id='word_1_663' title='bbox 524 4896 700 4951; x_wconf 89' lang='lat' dir='ltr'>statuendum</span> <span class='ocrx_word' id='word_1_664' title='bbox 720 4897 764 4962; x_wconf 92' lang='lat' dir='ltr'>sit,</span> <span class='ocrx_word' id='word_1_665' title='bbox 783 4897 811 4950; x_wconf 93' lang='lat' dir='ltr'>in</span> <span class='ocrx_word' id='word_1_666' title='bbox 831 4897 994 4967; x_wconf 69' lang='lat' dir='ltr'>quemfione</span> <span class='ocrx_word' id='word_1_667' title='bbox 1019 4910 1080 4947; x_wconf 92' lang='lat' dir='ltr'>rum</span> <span class='ocrx_word' id='word_1_668' title='bbox 1100 4893 1217 4948; x_wconf 87' lang='lat' dir='ltr'>istarum</span> <span class='ocrx_word' id='word_1_669' title='bbox 1234 4892 1407 4947; x_wconf 86' lang='lat' dir='ltr'>atrocitatem</span> <span class='ocrx_word' id='word_1_670' title='bbox 1427 4890 1464 4946; x_wconf 86' lang='lat' dir='ltr'>ob</span> <span class='ocrx_word' id='word_1_671' title='bbox 1481 4891 1576 4946; x_wconf 87' lang='lat' dir='ltr'>oculos</span> <span class='ocrx_word' id='word_1_672' title='bbox 1593 4888 1674 4944; x_wconf 89' lang='lat' dir='ltr'>nobis</span> <span class='ocrx_word' id='word_1_673' title='bbox 1701 4904 1854 4959; x_wconf 79' lang='lat' dir='ltr'>proponere</span> 
     </span>
     <span class='ocr_line' id='line_1_52' title="bbox 161 4974 1855 5050; baseline 0.001 -20"><span class='ocrx_word' id='word_1_674' title='bbox 161 4976 197 5032; x_wconf 87' lang='lat' dir='ltr'>de</span> <span class='ocrx_word' id='word_1_675' title='bbox 216 4976 316 5033; x_wconf 82' lang='lat' dir='ltr'>inferni</span> <span class='ocrx_word' id='word_1_676' title='bbox 333 4979 393 5033; x_wconf 90' lang='lat' dir='ltr'>loco</span> <span class='ocrx_word' id='word_1_677' title='bbox 412 4978 582 5048; x_wconf 79' lang='lat' dir='ltr'>dispiciatur.</span> <span class='ocrx_word' id='word_1_678' title='bbox 1019 4986 1163 5050; x_wconf 80' lang='lat' dir='ltr'>satagunt,</span> <span class='ocrx_word' id='word_1_679' title='bbox 1194 4996 1312 5050; x_wconf 87' lang='lat' dir='ltr'>quorum</span> <span class='ocrx_word' id='word_1_680' title='bbox 1335 4978 1410 5034; x_wconf 87' lang='lat' dir='ltr'>dicta</span> <span class='ocrx_word' id='word_1_681' title='bbox 1431 4977 1585 5049; x_wconf 87' lang='lat' dir='ltr'>insigniora</span> <span class='ocrx_word' id='word_1_682' title='bbox 1602 4976 1690 5047; x_wconf 90' lang='lat' dir='ltr'>primo</span> <span class='ocrx_word' id='word_1_683' title='bbox 1708 4974 1769 5031; x_wconf 92' lang='lat' dir='ltr'>loco</span> <span class='ocrx_word' id='word_1_684' title='bbox 1786 4974 1855 5031; x_wconf 85' lang='lat' dir='ltr'>reci·</span> 
     </span>
     <span class='ocr_line' id='line_1_53' title="bbox 1019 5061 1853 5135; baseline -0.004 -15"><span class='ocrx_word' id='word_1_685' title='bbox 1019 5065 1154 5128; x_wconf 88' lang='lat' dir='ltr'>tabimus,</span> <span class='ocrx_word' id='word_1_686' title='bbox 1176 5070 1272 5135; x_wconf 84' lang='lat' dir='ltr'>postea</span> <span class='ocrx_word' id='word_1_687' title='bbox 1295 5065 1380 5119; x_wconf 88' lang='lat' dir='ltr'>etiam</span> <span class='ocrx_word' id='word_1_688' title='bbox 1404 5069 1527 5118; x_wconf 79' lang='lat' dir='ltr'>nostmm</span> <span class='ocrx_word' id='word_1_689' title='bbox 1548 5062 1584 5117; x_wconf 93' lang='lat' dir='ltr'>de</span> <span class='ocrx_word' id='word_1_690' title='bbox 1610 5061 1664 5115; x_wconf 91' lang='lat' dir='ltr'>illis</span> <span class='ocrx_word' id='word_1_691' title='bbox 1687 5061 1853 5117; x_wconf 84' lang='lat' dir='ltr'>seutentiam</span> 
     </span>
     <span class='ocr_line' id='line_1_54' title="bbox 1019 5146 1852 5221; baseline -0.004 -14"><span class='ocrx_word' id='word_1_692' title='bbox 1019 5158 1095 5207; x_wconf 84' lang='lat' dir='ltr'>certo</span> <span class='ocrx_word' id='word_1_693' title='bbox 1113 5150 1210 5206; x_wconf 91' lang='lat' dir='ltr'>ordine</span> <span class='ocrx_word' id='word_1_694' title='bbox 1227 5149 1433 5221; x_wconf 86' lang='lat' dir='ltr'>explicabimus.</span> <span class='ocrx_word' id='word_1_695' title='bbox 1458 5147 1578 5202; x_wconf 84' lang='lat' dir='ltr'>Basilius</span> <span class='ocrx_word' id='word_1_696' title='bbox 1593 5146 1622 5201; x_wconf 90' lang='lat' dir='ltr'>in</span> <span class='ocrx_word' id='word_1_697' title='bbox 1642 5163 1739 5203; x_wconf 88' lang='lat' dir='ltr'>comm.</span> <span class='ocrx_word' id='word_1_698' title='bbox 1752 5146 1852 5204; x_wconf 68' lang='lat' dir='ltr'>Pium</span> 
     </span>
    </p>

    <p class='ocr_par' dir='ltr' id='par_1_12' title="bbox 1019 5231 1949 5655">
     <span class='ocr_line' id='line_1_55' title="bbox 1020 5231 1949 5306; baseline -0.005 -12"><span class='ocrx_word' id='word_1_699' title='bbox 1020 5243 1062 5294; x_wconf 81' lang='grc'>34.</span> <span class='ocrx_word' id='word_1_700' title='bbox 1095 5242 1151 5290; x_wconf 88' lang='lat' dir='ltr'>tres</span> <span class='ocrx_word' id='word_1_701' title='bbox 1181 5236 1285 5306; x_wconf 80' lang='lat' dir='ltr'>gredrn</span> <span class='ocrx_word' id='word_1_702' title='bbox 1318 5243 1492 5290; x_wconf 87' lang='lat' dir='ltr'>aeternarum</span> <span class='ocrx_word' id='word_1_703' title='bbox 1521 5248 1673 5303; x_wconf 66' lang='lat' dir='ltr'>menarum</span> <span class='ocrx_word' id='word_1_704' title='bbox 1705 5231 1853 5291; x_wconf 84' lang='lat' dir='ltr'>describit:</span> <span class='ocrx_word' id='word_1_705' title='bbox 1945 5256 1949 5265; x_wconf 92' lang='lat'><em>·</em></span> 
     </span>
     <span class='ocr_line' id='line_1_56' title="bbox 1021 5313 1853 5396; baseline -0.002 -18"><span class='ocrx_word' id='word_1_706' title='bbox 1021 5331 1079 5393; x_wconf 79' lang='grc' dir='ltr'>πῦρ</span> <span class='ocrx_word' id='word_1_707' title='bbox 1098 5321 1226 5396; x_wconf 74' lang='grc' dir='ltr'>αἰαμπις</span> <span class='ocrx_word' id='word_1_708' title='bbox 1249 5320 1298 5388; x_wconf 74' lang='grc' dir='ltr'>τὴν</span> <span class='ocrx_word' id='word_1_709' title='bbox 1322 5325 1377 5396; x_wconf 78' lang='grc' dir='ltr'>μὲν</span> <span class='ocrx_word' id='word_1_710' title='bbox 1398 5320 1549 5388; x_wconf 71' lang='grc' dir='ltr'>καυστικὴν</span> <span class='ocrx_word' id='word_1_711' title='bbox 1575 5313 1697 5394; x_wconf 69' lang='grc' dir='ltr'>δύναμιν</span> <span class='ocrx_word' id='word_1_712' title='bbox 1719 5321 1798 5390; x_wconf 76' lang='grc' dir='ltr'><strong><em>ἔχον,</em></strong></span> <span class='ocrx_word' id='word_1_713' title='bbox 1819 5320 1853 5377; x_wconf 72' lang='grc' dir='ltr'>τὸ</span> 
     </span>
     <span class='ocr_line' id='line_1_57' title="bbox 1021 5401 1853 5482; baseline -0.004 -18"><span class='ocrx_word' id='word_1_714' title='bbox 1021 5411 1053 5464; x_wconf 74' lang='grc' dir='ltr'>δὲ</span> <span class='ocrx_word' id='word_1_715' title='bbox 1073 5413 1179 5480; x_wconf 63' lang='grc' dir='ltr'><strong><em>φέγγος</em></strong></span> <span class='ocrx_word' id='word_1_716' title='bbox 1197 5405 1392 5482; x_wconf 69' lang='grc' dir='ltr'>ἀφῃρημένον·</span> <span class='ocrx_word' id='word_1_717' title='bbox 1415 5407 1474 5463; x_wconf 79' lang='lat' dir='ltr'>sira</span> <span class='ocrx_word' id='word_1_718' title='bbox 1485 5401 1633 5473; x_wconf 72' lang='lat' dir='ltr'>camisinus</span> <span class='ocrx_word' id='word_1_719' title='bbox 1647 5409 1729 5476; x_wconf 70' lang='grc' dir='ltr'><strong><em>γένος</em></strong></span> <span class='ocrx_word' id='word_1_720' title='bbox 1741 5401 1853 5470; x_wconf 70' lang='grc' dir='ltr'>ιοβόιον</span> 
     </span>
     <span class='ocr_line' id='line_1_58' title="bbox 1019 5489 1853 5566; baseline -0.001 -19"><span class='ocrx_word' id='word_1_721' title='bbox 1019 5498 1066 5548; x_wconf 78' lang='grc' dir='ltr'>και</span> <span class='ocrx_word' id='word_1_722' title='bbox 1085 5489 1278 5566; x_wconf 71' lang='grc' dir='ltr'>σαρκοφάγον,</span> <span class='ocrx_word' id='word_1_723' title='bbox 1302 5489 1448 5561; x_wconf 71' lang='grc' dir='ltr'>ἀπλήστως</span> <span class='ocrx_word' id='word_1_724' title='bbox 1468 5495 1567 5549; x_wconf 70' lang='grc' dir='ltr'><strong><em>ἐσθίον</em></strong></span> <span class='ocrx_word' id='word_1_725' title='bbox 1583 5497 1631 5547; x_wconf 73' lang='lat' dir='ltr'>sal</span> <span class='ocrx_word' id='word_1_726' title='bbox 1647 5492 1790 5565; x_wconf 70' lang='grc' dir='ltr'>μηδέποτε</span> <span class='ocrx_word' id='word_1_727' title='bbox 1804 5510 1853 5546; x_wconf 76' lang='lat' dir='ltr'>ao·</span> 
     </span>
     <span class='ocr_line' id='line_1_59' title="bbox 1020 5573 1854 5655; baseline -0.005 -20"><span class='ocrx_word' id='word_1_728' title='bbox 1020 5573 1204 5655; x_wconf 64' lang='lat' dir='ltr'>praeiacens,</span> <span class='ocrx_word' id='word_1_729' title='bbox 1234 5575 1395 5652; x_wconf 70' lang='grc' dir='ltr'><strong><em>ἀφορήτους</em></strong></span> <span class='ocrx_word' id='word_1_730' title='bbox 1417 5575 1519 5643; x_wconf 73' lang='grc' dir='ltr'><strong><em>ὀδύνας</em></strong></span> <span class='ocrx_word' id='word_1_731' title='bbox 1539 5582 1681 5654; x_wconf 73' lang='grc' dir='ltr'>ἐμποιοῦν</span> <span class='ocrx_word' id='word_1_732' title='bbox 1711 5580 1744 5654; x_wconf 71' lang='grc' dir='ltr'>τῇ</span> <span class='ocrx_word' id='word_1_733' title='bbox 1767 5597 1854 5633; x_wconf 77' lang='lat' dir='ltr'>asca·</span> 
     </span>
    </p>
   </div>
   <div class='ocr_carea' id='block_1_7' title="bbox 0 0 2030 6005">
    <p class='ocr_par' dir='ltr' id='par_1_13' title="bbox 0 0 2030 6005">
     <span class='ocr_line' id='line_1_60' title="bbox 0 0 2030 6005; baseline 0 0"><span class='ocrx_word' id='word_1_734' title='bbox 0 0 2030 6005; x_wconf 95' lang='lat' dir='ltr'> </span> 
     </span>
    </p>
   </div>
  </div>
 </body>
</html>
