4050 6014
46 3761 71 3855 h

716 214 975 271 nuuxrssuuo
992 214 1154 274 JUDIOEO.
1740 225 1780 281 47

92 370 199 424 mium
212 370 243 425 in
253 371 408 438 pehsnnarn
419 379 546 428 nunnus
563 379 589 427 et
604 378 795 442 pessuium
812 379 923 432 muros
952 370 1122 424 Antichrirti
1141 372 1283 425 ἀααιιαιι
1299 387 1385 442 aspis
1400 372 1443 424 od
1458 368 1778 442 apparitionmdoes·

88 456 221 525 jlasnmae
236 459 369 525 poenalis
385 468 520 529 perpetuo
541 460 647 513 ardore
668 462 820 522 damnare,
848 459 926 514 nobis
952 463 997 510 tus
1020 457 1132 522 lv'lrrieti,
1153 458 1312 526 differentia
1330 457 1404 511 enirn
1421 464 1463 511 est
1477 457 1550 511 inor
1568 458 1783 511 consumtionsns

90 562 157 598 cero
171 547 324 600 mecedem
339 546 608 610 fideietdenotionis
620 547 767 601 easoloere.
795 546 924 616 Ephrem.
952 560 986 596 ac
1010 544 1233 598 destructionem.
1271 545 1432 599 Consumtis
1455 544 1615 612 spiritualis
1638 553 1693 614 est,
1720 562 1783 599 con·

92 630 139 686 lib.
156 637 179 686 1.
199 630 234 686 de
247 640 404 702 compunct.
418 633 545 687 cordisc.
556 640 584 688 l:
604 634 804 686 Adme'rabstnr
815 633 925 702 primus
952 639 1041 682 mmet
1058 647 1119 685 enm
1136 631 1242 700 spiritu
1259 632 1320 685 oris
1336 632 1395 692 sui,
1415 632 1448 683 id
1465 639 1508 684 est
1527 632 1630 701 spiritu
1647 633 1784 685 sermonis

93 717 190 771 Adanu
206 720 237 770 in
256 719 328 772 hora
345 720 399 774 illa
415 719 515 773 ndens
528 737 631 789 mapna
642 729 669 773 st
689 719 840 787 terribilia,
860 736 926 788 quo·
952 717 1114 784 eoanpelici,
1130 718 1180 770 ubi
1197 718 1279 771 multi
1293 720 1335 771 ad
1353 718 1498 771 ueritatem
1515 719 1702 789 eoanpelicam
1719 735 1781 774 con·

92 807 176 858 modo
197 823 230 860 ee
249 824 281 860 eo
301 805 363 858 solo
384 813 410 858 et
426 807 545 875 eonjupc
560 806 622 873 ejus
635 805 783 860 immenscae
798 807 926 859 notiones
950 811 1103 865 αααιααιαν,
1130 821 1164 858 uc
1183 805 1265 859 multi
1276 806 1492 875 perseverabunt
1511 822 1597 874 suosne
1617 808 1659 859 ad
1678 805 1786 861 oiruu

92 900 118 943 et
137 892 332 945 mnsltitrulinee
349 894 507 961 prorluctae
524 900 594 944 ιααι.
623 891 759 946 Maximus
772 890 924 948 Taurinou·
951 891 1118 955 aduentum).
1155 892 1245 960 Apoc.
1262 897 1301 960 18,
1319 910 1343 945 ν.
1358 898 1403 947 21:
1431 893 1548 945 Sustulit
1571 910 1643 946 renus
1666 894 1783 963 anpelue

92 978 130 1029 sis
148 977 221 1031 hom.
241 979 268 1031 in
287 978 402 1048 exposit.
423 976 527 1048 symb.:
554 976 616 1030 Vini
628 978 784 1046 judicandi
797 979 925 1042 reserren-
950 976 1078 1044 lapidem
1101 978 1184 1044 quasi
1201 978 1337 1032 molarem
1355 995 1486 1048 mapnum
1513 986 1539 1031 et
1563 980 1639 1032 misit
1656 981 1687 1034 in
1706 996 1784 1034 mare

92 1071 138 1116 tur
157 1083 192 1116 oc
210 1065 366 1133 mortuina
383 1067 505 1119 omniurn
518 1066 658 1120 hominum
671 1081 731 1119 ense
745 1067 825 1135 apud
833 1067 925 1118 Deum
953 1063 1062 1129 dicens,
1085 1063 1138 1117 hoc
1155 1063 1260 1132 impetu
1274 1060 1401 1119 mittetser
1416 1065 1545 1133 Babylon
1563 1083 1666 1137 mnpna
1683 1066 1783 1120 αιἀἰιαι

92 1168 164 1203 aera
188 1155 331 1210 mndata.
367 1151 427 1207 Leo
449 1153 568 1225 Magnus
592 1168 672 1207 serm.
692 1158 714 1208 l.
742 1152 777 1208 de
804 1150 926 1207 collectis
951 1156 978 1202 et
1003 1149 1081 1202 ultro
1100 1151 1166 1217 jam
1188 1167 1244 1203 non
1271 1152 1434 1206 inuenietur.
1478 1168 1501 1206 c.
1519 1157 1560 1221 19,
1578 1169 1603 1209 v.
1623 1159 1649 1212 1:
1677 1152 1785 1207 Audiui

92 1243 119 1291 et
140 1238 266 1294 eleemos.
281 1238 333 1293 col.
350 1245 396 1295 u:
420 1240 513 1294 Veniet
531 1240 562 1293 in
580 1240 740 1308 majestatis
752 1256 820 1294 sesae
832 1239 926 1309 pluria
952 1237 1036 1303 qrsasn¹
1051 1251 1145 1289 uocem
1163 1236 1307 1290 herbas-rm
1326 1238 1477 1290 mdtanun
1490 1239 1519 1291 in
1534 1239 1610 1293 coelo
1625 1239 1783 1306 dicentium,

94 1326 248 1389 Dominus,
276 1327 349 1378 sieut
371 1327 433 1394 epse
455 1327 613 1395 praedixit,
641 1328 788 1395 oderitque
814 1344 875 1380 mem
895 1342 926 1378 eo
953 1321 1083 1389 alleluja.
1117 1340 1141 1375 v.
1159 1328 1188 1377 2:
1208 1323 1282 1386 Quia
1295 1338 1363 1377 uera
1382 1332 1407 1378 et
1418 1326 1499 1393 justa
1513 1326 1700 1394 srsntjudicio
1713 1328 1783 1396 ejus,

92 1413 214 1464 restione
231 1414 261 1463 in
281 1413 479 1480 splendoribus
498 1413 556 1466 surh
582 1412 795 1467 innumerabilis
819 1413 926 1481 anpeli-
952 1407 1022 1476 puio
1037 1407 1177 1473 judicavit
1190 1411 1226 1462 de
1243 1410 1386 1463 merarius
1405 1427 1508 1481 mopno
1519 1419 1567 1466 etc.
1586 1420 1611 1465 et
1625 1413 1784 1466 vendicavit

93 1513 192 1550 camum
220 1498 369 1551 multitudo
396 1499 545 1567 lepionum.
589 1496 848 1568 Conprepobrmtur·
863 1507 928 1553 onte
953 1495 1114 1560 sanquinem
1133 1510 1275 1548 semorum
1292 1499 1603 1551 munemundus
1624 1500 1692 1567 ejus.
1720 1516 1745 1556 v.
1759 1504 1783 1555 3.

92 1582 220 1636 tironum
237 1583 382 1655 potentiae
404 1586 464 1654 ejus
484 1585 606 1639 omnissm
632 1587 752 1654 pontium
774 1585 878 1655 populi
902 1593 928 1639 et
956 1581 993 1632 at
1008 1582 1108 1646 ίαιααι
1128 1581 1190 1649 ejus
1208 1583 1335 1635 ascendit
1349 1583 1380 1636 in
1398 1585 1493 1638 semela
1511 1586 1672 1641 seculorum.
1703 1604 1727 1643 r.
1742 1591 1783 1642 2⁰.

93 1671 234 1740 quidquid
250 1672 391 1723 hominum
410 1672 548 1725 inuersis
569 1673 672 1727 seculis
691 1679 747 1727 toto
770 1673 835 1726 orbe
857 1688 926 1741 pro-
954 1665 992 1716 Ei
1012 1668 1189 1734 “limma
1207 1668 1351 1722 118ῑό931111
1368 1677 1395 1723 ἅ
1414 1686 1474 1722 cum
1487 1688 1521 1723 θα
1528 1673 1784 1743 Ρθΰιιᾰθρνῡιὶῆθῑα,

93 1759 214 1826 penitam
234 1765 280 1823 eet,
300 1759 330 1809 in
342 1767 491 1827 conspectu
497 1759 661 1826 jsedicnntis
674 1759 810 1812 adstabit.
840 1757 926 1829 Hngo
953 1753 1003 1820 11ιὶ
1013 1755 1089 1820 sedit
1105 1754 1188 1820 &9¹⁸⁰
1207 1772 1302 1808 coram
1321 1755 1393 1825 11106,
1412 1757 1509 1826 wiht&
1525 1758 1637 1812 ttdtm‘i
1656 1774 1718 1824 0⁰⁸,
1736 1761 1786 1829 ‘1²¹²‘

94 1842 257 1899 Victorinus
276 1843 323 1899 lib.
341 1848 364 1898 1,
385 1844 420 1898 de
439 1845 520 1899 anim,
540 1860 563 1898 ο,
575 1850 604 1899 2:
953 1846 1119 1909 acceperant
1135 1841 1324 1896 chmoctmem
1344 1842 1449 1897 bestiae
1465 1851 1492 1898 et
1510 1847 1703 1899 adoraverunt
1714 1847 1784 1900 ima-

953 1925 1044 1994 pinem
1061 1928 1138 1996 ejus,
1156 1929 1214 1981 aa
1230 1928 1308 1983 missi
1324 1936 1388 1983 sunt
1404 1931 1434 1983 hi
1453 1933 1509 1986 cluo
1529 1931 1558 1984 in
1569 1940 1697 2001 stupeum
1710 1932 1785 2003 ipnis

129 2018 276 2069 Jndics‘nm
296 2004 385 2080 faciet
403 2024 541 2084 pertarum
561 2019 677 2088 quisque
695 2032 816 2083 morum,
954 2015 1058 2067 wdone
1074 2014 1218 2083 snslphure.
1254 2032 1277 2070 c.
1295 2021 1335 2084 io,
1352 2034 1380 2070 v.
1399 2023 1442 2074 to:
1465 2018 1613 2084 Diabolus,
1634 2021 1685 2088 qui
1701 2022 1785 2073 sedu-

129 2104 291 2172 Ounctoque
309 2111 468 2156 crsnctornm
488 2103 595 2155 cunctis
616 2120 726 2156 arcana
743 2103 882 2170 patebunt.
954 2099 1034 2179 rebat
1051 2117 1105 2165 eos,
1125 2102 1228 2156 munis
1245 2110 1286 2156 est
1302 2103 1334 2157 in
1352 2110 1481 2173 stupeum
1502 2104 1577 2172 ipnis
1592 2112 1618 2159 et
1629 2106 1784 2174 aselphuris,

275 2200 277 2205 ·
952 2186 1002 2240 ubi
1017 2194 1043 2240 et
1063 2187 1152 2242 bestia
1169 2196 1194 2242 et
1207 2191 1455 2260 pseudopropheta
1469 2191 1669 2246 cmciabrmtur
1687 2194 1734 2246 die
1750 2211 1784 2246 ac

93 2270 457 2344 Ihonysiuscarthusianus
474 2274 523 2331 lib.
534 2280 558 2328 1.
578 2273 614 2328 dc
633 2279 753 2345 quatuor
770 2273 926 2329 novissimis
952 2281 1032 2328 nocte
1051 2275 1081 2327 in
1099 2276 1196 2330 secula
1213 2277 1376 2332 semiorum.
1412 2278 1478 2334 Ideo
1497 2278 1589 2332 sutem
1608 2278 1785 2350 peculiariter

93 2377 116 2415 c.
133 2366 162 2415 t:
185 2362 262 2414 lieno
279 2363 467 2430 potentissimi
484 2364 625 2430 pandam
641 2377 722 2431 repes
739 2363 816 2415 nudo
836 2362 925 2416 latere
952 2358 1115 2414 Antichristi
1130 2361 1266 2431 judicium
1286 2363 1454 2433 praedicitur
1472 2369 1494 2420 1.
1505 2366 1546 2417 ad
1559 2366 1785 2430 consolatiom

93 2448 281 2520 palpitabunt,
309 2466 389 2502 nemo
407 2448 448 2501 ibi
466 2449 614 2502 redimitus
631 2464 737 2502 emona
759 2455 808 2501 ant
828 2436 925 2502 diade·
952 2460 1008 2514 qua
1024 2445 1080 2509 illi,
1100 2448 1148 2516 qni
1166 2448 1202 2503 ab
1220 2449 1429 2505 sntichn'stians
1445 2452 1596 2522 tyrannide
1612 2457 1785 2525 pumuntur,

93 2541 175 2602 mue,
194 2552 273 2587 nemo
293 2534 410 2588 indutus
423 2551 565 2604 propium
583 2551 663 2589 nemo
680 2534 767 2588 milite
787 2534 928 2602 constipo·
951 2546 1012 2586 sese
1035 2532 1143 2603 crigens
1168 2534 1276 2604 possint
1294 2542 1316 2590 2.
1329 2535 1454 2592 lhessal.
1467 2533 1492 2607 i,
1513 2556 1537 2591 v.
1552 2542 1581 2593 6:
1607 2539 1721 2592 Jramn
1745 2546 1786 2593 est

93 2629 149 2687 tris,
179 2624 230 2674 sert
252 2622 325 2674 nodi
341 2638 433 2676 omnes
450 2629 480 2674 ut
497 2638 611 2692 pauper
631 2628 659 2675 et
678 2622 756 2674 dioec
775 2620 926 2674 αᾶιιαόααι
952 2620 1032 2686 apud
1050 2619 1143 2673 Deum
1166 2621 1319 2676 retribuere
1342 2623 1551 2676 tribulationem
1575 2623 1635 2677 illis
1663 2626 1712 2695 qui
1736 2642 1785 2680 oos

86 2707 192 2776 jesdici.
223 2708 299 2760 Tunc
312 2708 483 2761 exhibebitur
501 2724 562 2761 cum
580 2707 726 2776 suaprole
744 2707 926 2773 Venia-tuno
952 2703 1101 2773 asstipunt,·
1132 2710 1156 2760 2.
1185 2709 1227 2760 od
1246 2708 1510 2778 praemonitionem,
1535 2726 1572 2764 ne
1594 2709 1784 2780 corporalibus

92 2794 196 2863 ipns‘tue
211 2794 327 2862 Jupiter
343 2795 502 2847 adducetur
521 2800 548 2869 et
565 2810 626 2848 eum
647 2792 706 2847 suis
724 2793 825 2848 sutus
840 2792 926 2847 Plato
951 2791 1035 2845 armis
1060 2806 1177 2863 regnum
1196 2792 1361 2849 Antichristi
1385 2795 1489 2850 destrui
1513 2812 1595 2866 posse
1625 2814 1657 2852 ac
1683 2796 1784 2852 debus

93 2879 251 2950 discipulis.
288 2880 336 2933 Ibi
352 2884 471 2934 esuriem
493 2881 594 2934 mmmi
605 2881 754 2950 ponh‘flces
773 2881 810 2934 ds
827 2880 925 2948 puber-
952 2876 1104 2946 opinemur,
1123 2879 1222 2933 talium
1243 2881 1315 2935 enim
1329 2880 1463 2937 bellorum
1479 2881 1531 2936 suh
1544 2889 1689 2954 praetextu
1701 2900 1783 2939 eran·

92 2968 206 3021 nodone
236 2966 375 3041 aetesiae·
392 2967 530 3020 rationem
549 2967 703 3035 reddituri,
733 2968 854 3020 aderunt
874 2966 924 3019 do·
950 2962 1341 3034 geliicoutraAntichristnm
1354 2973 1545 3042 susceptorum
1559 2968 1682 3024 infelices
1694 2969 1785 3026 solent

92 3059 183 3107 clara
204 3070 239 3106 cc
257 3053 337 3106 uerbi
356 3053 465 3107 Christi
479 3068 636 3123 praecones
661 3054 696 3106 ds
719 3068 773 3106 ereo
796 3051 925 3107 doctrina
951 3063 1013 3104 esse
1028 3050 1132 3116 exitus3
1150 3051 1451 3108 nevescandalinemur
1465 3054 1700 3126 ἀυηιὶοιιατεειιί
1713 3053 1783 3108 anti·

93 3145 120 3192 et
139 3139 317 3193 concionibus
334 3140 470 3193 ratr'onern
483 3139 599 3209 pariter
622 3138 779 3206 reddituri,
804 3140 925 3192 aderam
951 3134 1109 3200 christiani,
1131 3143 1164 3192 ut
1189 3132 1375 3193 characterem
1400 3140 1460 3209 ejus
1480 3148 1626 3212 propterea
1645 3139 1784 3212 suscipere

92 3241 171 3295 repes
191 3233 217 3279 et
236 3241 366 3280 caesares
385 3225 420 3279 de
439 3224 686 3279 administratione
696 3225 827 3294 juuitim
838 3225 925 3280 ratio-
949 3220 1083 3291 velimus3
1103 3228 1127 3279 t.
1146 3227 1188 3277 ad
1198 3223 1424 3296 salutationem,
1442 3232 1474 3281 ut
1485 3227 1700 3298 persecutiones,
1713 3242 1784 3299 quae

92 3328 155 3365 nem
182 3312 314 3365 similiter
340 3311 499 3379 reddituri,
526 3312 647 3366 wenni
678 3310 796 3379 ἀιαίααι
832 3327 924 3366 munes
950 3307 986 3362 ab
1004 3309 1177 3366 Antichristo
1195 3309 1360 3377 inferuntur,
1379 3313 1496 3384 patienti
1505 3315 1597 3371 animo
1613 3314 1783 3385 perferemus

93 3398 230 3467 Morinos,
259 3397 308 3467 qui
329 3398 460 3465 fueram,
490 3403 605 3450 suntet
630 3402 711 3450 emunt
725 3412 781 3465 per
797 3397 925 3467 sinpulas
950 3394 987 3448 ad
1006 3396 1185 3451 novissimum
1199 3396 1336 3466 judicium
1354 3398 1436 3454 unice
1454 3399 1633 3472 respiciendo.

93 3493 188 3556 pentes
206 3492 234 3538 st
252 3484 375 3554 linpuos,
390 3501 445 3552 per
463 3499 556 3538 ornnes
572 3484 766 3551 perorationes
784 3500 819 3536 cc
836 3484 925 3537 tribues
984 3486 1027 3539 49.
1050 3480 1205 3537 Antithesis
1227 3488 1248 3539 1.
1266 3483 1376 3538 Rabini
1390 3486 1488 3556 J'ocose
1504 3486 1592 3559 magis
1611 3500 1694 3558 quarn
1712 3485 1782 3541 serio
1796 3493 1929 3541 nnrruutr.

93 3580 200 3639 imae,
229 3579 255 3624 et
273 3570 460 3640 unusquisque
478 3571 513 3623 de
538 3576 629 3624 aucte
653 3569 735 3624 totius
757 3570 831 3623 αιίαι
857 3585 925 3624 suae
950 3567 1053 3638 dicunt,
1065 3570 1511 3640 quatumhomiuumpcneranon
1530 3572 1716 3641 injusticiam
1737 3591 1782 3627 oo-

91 3660 257 3712 redditurns
278 3665 319 3711 est
336 3658 372 3710 in·
379 3657 493 3726 judicio
513 3657 660 3711 rationem.
949 3656 1018 3722 cari,
1031 3654 1097 3726 quia
1103 3654 1169 3709 satis
1177 3672 1328 3726 poenarum
1335 3656 1525 3713 sustinuerunt
1530 3658 1560 3713 in
1571 3657 1624 3714 hac
1629 3658 1697 3729 vita,
1709 3664 1784 3716 hec·

127 3751 168 3801 ts.
205 3744 411 3799 Antichristum
438 3742 615 3815 singulariter
643 3743 672 3796 iu
701 3742 747 3797 die
774 3741 922 3798 novissimo
948 3749 1034 3795 treme
1047 3757 1204 3811 pauperes,
1230 3745 1254 3798 1.
1281 3742 1331 3811 qui
1347 3744 1470 3798 animans
1489 3746 1588 3799 delam
1605 3761 1672 3800 aere
1689 3744 1783 3800 alieno

89 3831 246 3904 judicatum
272 3829 320 3895 iri,
346 3830 491 3901 sequentia
509 3826 629 3899 Spiritus
647 3828 736 3883 sancti
755 3828 867 3884 oracula
883 3834 923 3884 tc·
947 3827 1054 3898 messi,
1082 3833 1105 3883 3.
1126 3827 1177 3897 qui
1196 3826 1288 3881 malas
1305 3829 1407 3883 habent
1426 3846 1534 3901 usorea
1565 3838 1589 3888 4.
1613 3831 1664 3902 qui
1681 3830 1784 3886 colicos

46 3932 80 3977 st.
93 3923 208 3973 stantur.
244 3915 290 3972 Es.
308 3921 347 3983 11,
366 3933 391 3969 v.
411 3922 440 3972 4:
467 3915 607 3970 Percotiet
631 3921 735 3969 terram
759 3915 842 3983 oirpa
865 3915 924 3969 oris
950 3913 1064 3969 dolam
1078 3914 1241 3985 patiuntur.
1264 3917 1288 3970 2.
1302 3914 1425 3978 Quidam
1446 3933 1479 3971 ec
1495 3916 1631 3972 oaen'bru
1649 3910 1783 3987 saucit,

93 4007 139 4059 sui
163 4012 188 4059 et
214 4004 316 4074 spiritu
344 4003 482 4057 latiorum
501 4018 615 4056 monim
632 4000 781 4065 interficiet
799 4001 924 4071 inpium,
948 4014 1000 4056 nec
1027 3999 1125 4057 fideles
1155 4016 1206 4057 nec
1235 3999 1359 4058 infideles
1383 3998 1563 4073 judicandos,
1594 4000 1644 4060 sed
1669 4004 1783 4059 medios.

92 4091 182 4144 idest
207 4089 332 4145 Christus
354 4105 405 4161 per
426 4086 662 4160 praedicationem
686 4086 820 4157 evangelii
844 4086 923 4142 Anti-
950 4084 1783 4161 Lactantiuslih.·t.div.inst.c.20.p.42'l:lt⁷on7‘uslicabuntur

93 4175 225 4231 christum
255 4182 283 4232 et
307 4190 423 4247 regnum
453 4177 513 4247 ejus
536 4172 676 4229 donuae
704 4171 817 4243 incipiet
843 4179 871 4229 et
895 4175 923 4228 in
949 4181 1014 4229 tnnc
1033 4192 1052 4229 a
1066 4174 1130 4230 Deo
1147 4174 1280 4245 uniuersi,
1300 4177 1357 4230 secl
1370 4175 1394 4230 ii
1410 4184 1527 4247 tantum,
1546 4178 1671 4248 quisnam
1683 4177 1713 4231 in
1727 4177 1785 4231 Dei

93 4262 215 4334 glorioso
242 4276 292 4317 suo
323 4263 443 4317 adnutu
471 4260 581 4333 penitus
606 4278 668 4315 enm
694 4258 799 4315 delebit
817 4277 851 4315 ac
869 4277 925 4315 nna
950 4260 1085 4331 relipione
1102 4261 1217 4321 uersati.
1253 4262 1328 4317 Nom
1346 4262 1396 4334 qui
1412 4262 1506 4319 Deum
1531 4281 1585 4319 non
1605 4270 1783 4333 opnoocrunt,
1844 4251 1849 4262 ⁸

93 4366 156 4404 cnm
177 4348 291 4421 reliquis
311 4348 402 4419 impiis
426 4346 556 4402 infernali
583 4344 718 4417 supplicio
744 4344 924 4416 abiudicabit.
950 4347 1082 4416 quoniam
1098 4348 1235 4404 emtsntic
1254 4351 1289 4403 cle
1306 4339 1352 4402 his
1369 4349 1398 4402 in
1417 4350 1620 4404 absolutionem
1631 4349 1715 4420 ferri
1727 4366 1783 4404 non

91 4438 139 4493 Sic
168 4437 242 4492 enim
271 4437 326 4493 hoc
353 4436 513 4492 vaticinium
545 4432 737 4506 propheticum
765 4430 924 4504 interpreta
946 4440 1048 4505 potest,
1060 4435 1125 4503 jam
1139 4434 1268 4504 judicati
1280 4435 1462 4506 &montique
1479 4443 1552 4506 sunt,
1568 4437 1674 4490 sanctis
1691 4435 1783 4491 literis

92 4532 137 4581 tnr
155 4523 300 4595 apostolus
317 4528 341 4579 2.
354 4521 452 4578 Thess.
467 4527 491 4591 2,
504 4538 528 4578 v.
542 4527 572 4579 8:
594 4523 671 4573 Tunc
689 4520 858 4575 revelabitur
872 4520 924 4575 ini·
950 4514 1175 4589 contestantibus,
1193 4520 1248 4575 non
1260 4528 1466 4576 reuerrecturos
1480 4522 1582 4593 impios
1594 4522 1624 4576 in
1635 4522 1783 4592 indicium.

93 4629 162 4682 pons
180 4611 239 4673 ille,
260 4628 340 4680 quern
351 4607 489 4664 Donninus
507 4605 642 4664 donicion
658 4604 794 4678 (Vulgata
805 4605 925 4662 reddidit
950 4607 1164 4662 Judirabuntur
1184 4620 1260 4677 erpo,
1280 4608 1331 4678 qui
1336 4609 1430 4662 Deum
1444 4609 1593 4680 caverunt,
1614 4617 1639 4663 ιι
1649 4610 1784 4677 faunos-a
1796 4620 1853 4665 ω.
1866 4621 1913 4666 itt.

92 4698 250 4768 interficiet,
270 4695 318 4753 sed
334 4696 437 4751 rectius
451 4695 569 4751 vertitur
588 4694 714 4764 conficiet
730 4710 765 4748 ac
776 4700 924 4762 somnust,
950 4711 1054 4760 eorum
1073 4695 1165 4747 idest
1183 4694 1262 4748 mala
1280 4696 1368 4764 opera
1388 4711 1448 4750 cum
1470 4696 1548 4751 bonis
1560 4696 1665 4751 collata
1678 4699 1784 4767 pondo·

92 4783 261 4858 potentiam,
291 4783 361 4839 vires
387 4788 415 4837 et
441 4794 558 4853 regnum
578 4783 639 4854 ejus
662 4779 788 4853 franget,
812 4776 924 4835 fraudes
947 4778 1094 4850 rabuntm,
1111 4778 1178 4834 ntsi
1193 4780 1460 4851 pluroetprooiora
1477 4782 1671 4849 fuerintbona
1688 4782 1781 4853 iusta-

92 4873 149 4928 scil.
169 4870 378 4943 patefaciendo,
402 4874 507 4924 utnon
526 4858 748 4941 poseit'nlterius
765 4872 844 4922 tanta
864 4864 924 4923 cffi-
950 4862 1002 4937 pree
1021 4868 1123 4920 dentur
1142 4864 1183 4920 od
1195 4866 1280 4921 uitam
1296 4868 1414 4938 beatam,
1433 4867 1462 4922 si
1475 4877 1566 4924 autem
1579 4870 1657 4924 mala
1669 4883 1783 4940 snpera-

92 4960 168 5016 cacia
189 4958 313 5014 homines
331 4956 475 5022 seducere)
502 4957 607 5029 spiritu
626 4957 686 5011 orie
703 4956 749 5008 sni
773 4950 924 5026 (praedica
950 4953 1048 5017 serint,
1067 4955 1285 5008 condemnentur
1299 4954 1341 5009 ad
1353 4966 1483 5024 poenam.
1509 4952 1633 5012 Hilarius
1651 4953 1679 5010 in
1694 4962 1781 5009 enan.

91 5044 168 5102 donc
189 5044 338 5117 evangelii,
369 5041 444 5117 quod
471 5038 764 5113 estrerhumChristi
784 5040 924 5112 exipsius
951 5034 1054 5095 Pselmss
1070 5045 1092 5096 1.
1110 5039 1138 5094 in
1157 5038 1254 5111 explic.
1273 5039 1437 5097 verborum:
1456 5032 1522 5095 Non
1538 5048 1683 5111 resurpent
1702 5039 1785 5111 impii

93 5145 140 5188 ore
159 5131 329 5204 proiectum,
354 5146 417 5187 cum
437 5143 493 5200 quo
517 5127 600 5183 etiam
619 5126 739 5201 Spiritus
759 5118 848 5182 sahcti
865 5124 923 5184 efii-
951 5127 981 5180 in
993 5125 1114 5197 jndicio.
1150 5128 1210 5182 Per
1236 5126 1269 5180 id
1299 5128 1376 5196 quod
1399 5126 1482 5199 impii
1508 5127 1536 5180 in
1560 5124 1704 5197 judicium
1727 5143 1783 5180 non

92 5219 168 5274 cacia
192 5223 326 5289 perpetuo
354 5220 396 5271 est
420 5208 578 5288 conjuncta,
610 5213 699 5284 Apoc
720 5216 760 5285 19,
779 5229 803 5269 v.
821 5212 872 5279 15.)
898 5222 924 5268 et
951 5213 1105 5282 ranrpent,
1123 5211 1280 5268 absolutum
1299 5219 1340 5267 est
1352 5231 1408 5268 non
1419 5213 1590 5283 resurpendi
1599 5229 1646 5268 eos
1659 5213 1784 5268 caruisse

91 5306 216 5360 desinet
242 5303 323 5358 illum
348 5300 459 5359 illustri
480 5302 601 5356 αιιαιαια
624 5316 676 5361 snio
701 5301 746 5377 (τῇ
773 5300 923 5375 eliaam
951 5306 1066 5370 nuere,
1082 5302 1134 5354 sed
1151 5300 1363 5369 resurpendi'in
1372 5294 1515 5372 judicium
1529 5300 1691 5370 perdidchse
1708 5300 1783 5356 ordi·

92 5394 137 5462 τῆς
154 5395 312 5465 παρουσίας
331 5387 421 5446 αὐτοῦ
437 5384 658 5444 manifestatione
678 5386 736 5442 sive
753 5382 924 5443 recolitisne
950 5404 1021 5444 nen.
1058 5386 1113 5450 Qui
1129 5395 1220 5442 autem
1246 5385 1460 5443 remunetionis
1483 5395 1509 5441 et
1525 5384 1632 5455 iudicii
1650 5389 1722 5442 crdo
1741 5382 1783 5440 in-

93 5477 267 5548 praesentiae
280 5490 355 5534 suas.
378 5474 528 5547 crisantis
542 5472 571 5530 in
584 5464 683 5532 comm.
694 5468 720 5532 h.
732 5470 766 5528 h:
785 5464 936 5544 Stesmcesi
949 5470 1120 5543 tellipenrlus
1131 5472 1176 5543 sit,
1189 5474 1329 5529 Dominus
1340 5475 1370 5528 in
1379 5464 1532 5542 eonnpeliis
1541 5472 1664 5529 ostendit
1672 5473 1783 5530 dicens:
