<?xml version="1.0" encoding="UTF-8"?>
<!DOCTYPE html PUBLIC "-//W3C//DTD XHTML 1.0 Transitional//EN"
    "http://www.w3.org/TR/xhtml1/DTD/xhtml1-transitional.dtd">
<html xmlns="http://www.w3.org/1999/xhtml" xml:lang="en" lang="en">
 <head>
  <title>
</title>
<meta http-equiv="Content-Type" content="text/html;charset=utf-8" />
  <meta name='ocr-system' content='tesseract 3.04.00' />
  <meta name='ocr-capabilities' content='ocr_page ocr_carea ocr_par ocr_line ocrx_word'/>
</head>
<body>
  <div class='ocr_page' id='page_1' title='image "./locitheologicic02gerhgoog/locitheologicic02gerhgoog_0264.png"; bbox 0 0 4050 6014; ppageno 0'>
   <div class='ocr_carea' id='block_1_1' title="bbox 583 365 1769 434">
    <p class='ocr_par' dir='ltr' id='par_1_1' title="bbox 583 365 1769 434">
     <span class='ocr_line' id='line_1_1' title="bbox 583 365 1769 434; baseline 0.012 -14"><span class='ocrx_word' id='word_1_1' title='bbox 583 367 632 420; x_wconf 80' lang='lat' dir='ltr'>DE</span> <span class='ocrx_word' id='word_1_2' title='bbox 651 365 818 422; x_wconf 72' lang='lat' dir='ltr'>musano</span> <span class='ocrx_word' id='word_1_3' title='bbox 838 366 910 423; x_wconf 79' lang='lat' dir='ltr'>SEU</span> <span class='ocrx_word' id='word_1_4' title='bbox 931 365 1063 421; x_wconf 80' lang='lat' dir='ltr'>MORTE</span> <span class='ocrx_word' id='word_1_5' title='bbox 1081 367 1271 425; x_wconf 81' lang='lat' dir='ltr'>AETERNA.</span> <span class='ocrx_word' id='word_1_6' title='bbox 1711 377 1769 434; x_wconf 79' lang='lat'>231</span> 
     </span>
    </p>
   </div>
   <div class='ocr_carea' id='block_1_2' title="bbox 11 521 1833 5582">
    <p class='ocr_par' dir='ltr' id='par_1_2' title="bbox 11 521 1833 5582">
     <span class='ocr_line' id='line_1_2' title="bbox 70 521 1773 594; baseline 0.002 -20"><span class='ocrx_word' id='word_1_7' title='bbox 70 532 140 575; x_wconf 85' lang='lat' dir='ltr'>turo</span> <span class='ocrx_word' id='word_1_8' title='bbox 160 539 194 576; x_wconf 90' lang='lat' dir='ltr'>ac</span> <span class='ocrx_word' id='word_1_9' title='bbox 212 538 326 592; x_wconf 85' lang='lat' dir='ltr'>regnum</span> <span class='ocrx_word' id='word_1_10' title='bbox 345 523 478 576; x_wconf 76' lang='lat' dir='ltr'><strong>infernale</strong></span> <span class='ocrx_word' id='word_1_11' title='bbox 499 523 672 577; x_wconf 83' lang='lat' dir='ltr'>destructum</span> <span class='ocrx_word' id='word_1_12' title='bbox 691 523 837 591; x_wconf 88' lang='lat' dir='ltr'>revelavit,</span> <span class='ocrx_word' id='word_1_13' title='bbox 860 521 909 577; x_wconf 90' lang='lat' dir='ltr'>sed</span> <span class='ocrx_word' id='word_1_14' title='bbox 938 541 1018 576; x_wconf 86' lang='lat' dir='ltr'>suom</span> <span class='ocrx_word' id='word_1_15' title='bbox 1034 532 1137 593; x_wconf 83' lang='lat' dir='ltr'>portes</span> <span class='ocrx_word' id='word_1_16' title='bbox 1162 525 1272 588; x_wconf 77' lang='lat' dir='ltr'>inferni</span> <span class='ocrx_word' id='word_1_17' title='bbox 1293 525 1323 578; x_wconf 88' lang='lat' dir='ltr'>in</span> <span class='ocrx_word' id='word_1_18' title='bbox 1341 527 1401 590; x_wconf 87' lang='lat' dir='ltr'>fine</span> <span class='ocrx_word' id='word_1_19' title='bbox 1424 526 1534 592; x_wconf 85' lang='lat' dir='ltr'>aperiet</span> <span class='ocrx_word' id='word_1_20' title='bbox 1559 525 1652 594; x_wconf 77' lang='lat' dir='ltr'>ibique</span> <span class='ocrx_word' id='word_1_21' title='bbox 1675 526 1773 578; x_wconf 79' lang='lat' dir='ltr'>diabo-</span> 
     </span>
     <span class='ocr_line' id='line_1_3' title="bbox 71 607 1772 680; baseline 0.002 -18"><span class='ocrx_word' id='word_1_22' title='bbox 71 608 185 662; x_wconf 89' lang='lat' dir='ltr'>interim</span> <span class='ocrx_word' id='word_1_23' title='bbox 202 624 254 677; x_wconf 89' lang='lat' dir='ltr'>per</span> <span class='ocrx_word' id='word_1_24' title='bbox 275 609 428 662; x_wconf 90' lang='lat' dir='ltr'>doctrinam</span> <span class='ocrx_word' id='word_1_25' title='bbox 448 609 517 680; x_wconf 86' lang='lat' dir='ltr'>legis</span> <span class='ocrx_word' id='word_1_26' title='bbox 536 608 664 663; x_wconf 90' lang='lat' dir='ltr'>omnibus</span> <span class='ocrx_word' id='word_1_27' title='bbox 687 609 910 665; x_wconf 74' lang='lat' dir='ltr'>inobedientibus</span> <span class='ocrx_word' id='word_1_28' title='bbox 937 607 995 662; x_wconf 80' lang='lat' dir='ltr'>inm</span> <span class='ocrx_word' id='word_1_29' title='bbox 1016 617 1042 661; x_wconf 88' lang='lat' dir='ltr'>et</span> <span class='ocrx_word' id='word_1_30' title='bbox 1058 618 1212 663; x_wconf 79' lang='lat' dir='ltr'>sectatores</span> <span class='ocrx_word' id='word_1_31' title='bbox 1231 611 1364 677; x_wconf 74' lang='lat' dir='ltr'>eisnsine</span> <span class='ocrx_word' id='word_1_32' title='bbox 1383 612 1437 671; x_wconf 78' lang='lat' dir='ltr'>dne</span> <span class='ocrx_word' id='word_1_33' title='bbox 1453 610 1623 664; x_wconf 85' lang='lat' dir='ltr'>cruciandos</span> <span class='ocrx_word' id='word_1_34' title='bbox 1639 611 1772 666; x_wconf 77' lang='lat' dir='ltr'>includet.</span> 
     </span>
     <span class='ocr_line' id='line_1_4' title="bbox 71 694 1773 766; baseline 0.002 -18"><span class='ocrx_word' id='word_1_35' title='bbox 71 694 297 749; x_wconf 77' lang='lat' dir='ltr'>maledictionem</span> <span class='ocrx_word' id='word_1_36' title='bbox 316 694 496 753; x_wconf 84' lang='lat' dir='ltr'>denuntiavit,</span> <span class='ocrx_word' id='word_1_37' title='bbox 513 696 608 765; x_wconf 88' lang='lat' dir='ltr'>sicque</span> <span class='ocrx_word' id='word_1_38' title='bbox 627 695 725 750; x_wconf 86' lang='lat' dir='ltr'>inferni</span> <span class='ocrx_word' id='word_1_39' title='bbox 739 711 841 766; x_wconf 85' lang='lat' dir='ltr'>poenas</span> <span class='ocrx_word' id='word_1_40' title='bbox 856 694 1035 751; x_wconf 77' lang='lat' dir='ltr'>illisPotest</span> <span class='ocrx_word' id='word_1_41' title='bbox 1054 696 1107 749; x_wconf 90' lang='lat' dir='ltr'>huc</span> <span class='ocrx_word' id='word_1_42' title='bbox 1127 695 1236 762; x_wconf 88' lang='lat' dir='ltr'>referri,</span> <span class='ocrx_word' id='word_1_43' title='bbox 1268 697 1341 766; x_wconf 90' lang='lat' dir='ltr'>quod</span> <span class='ocrx_word' id='word_1_44' title='bbox 1361 696 1475 766; x_wconf 89' lang='lat' dir='ltr'>quidam</span> <span class='ocrx_word' id='word_1_45' title='bbox 1493 697 1570 765; x_wconf 83' lang='lat' dir='ltr'>justo</span> <span class='ocrx_word' id='word_1_46' title='bbox 1592 695 1645 750; x_wconf 90' lang='lat' dir='ltr'>Dei</span> <span class='ocrx_word' id='word_1_47' title='bbox 1665 697 1773 766; x_wconf 88' lang='lat' dir='ltr'>judicio</span> 
     </span>
     <span class='ocr_line' id='line_1_5' title="bbox 70 780 1773 851; baseline 0.003 -17"><span class='ocrx_word' id='word_1_48' title='bbox 70 781 255 834; x_wconf 90' lang='lat' dir='ltr'>comminatus</span> <span class='ocrx_word' id='word_1_49' title='bbox 281 788 335 846; x_wconf 91' lang='lat' dir='ltr'>est,</span> <span class='ocrx_word' id='word_1_50' title='bbox 359 781 412 834; x_wconf 92' lang='lat' dir='ltr'>nisi</span> <span class='ocrx_word' id='word_1_51' title='bbox 436 781 463 833; x_wconf 91' lang='lat' dir='ltr'>in</span> <span class='ocrx_word' id='word_1_52' title='bbox 487 788 609 851; x_wconf 86' lang='lat' dir='ltr'>ternpore</span> <span class='ocrx_word' id='word_1_53' title='bbox 637 781 742 850; x_wconf 73' lang='lat' dir='ltr'>gratim</span> <span class='ocrx_word' id='word_1_54' title='bbox 767 781 801 834; x_wconf 89' lang='lat' dir='ltr'>ad</span> <span class='ocrx_word' id='word_1_55' title='bbox 821 780 1020 834; x_wconf 82' lang='lat' dir='ltr'>Deum-etiam</span> <span class='ocrx_word' id='word_1_56' title='bbox 1040 781 1067 834; x_wconf 90' lang='lat' dir='ltr'>in</span> <span class='ocrx_word' id='word_1_57' title='bbox 1087 781 1139 836; x_wconf 89' lang='lat' dir='ltr'>hac</span> <span class='ocrx_word' id='word_1_58' title='bbox 1157 782 1214 835; x_wconf 90' lang='lat' dir='ltr'>vita</span> <span class='ocrx_word' id='word_1_59' title='bbox 1239 781 1415 836; x_wconf 76' lang='lat' dir='ltr'>infernalium</span> <span class='ocrx_word' id='word_1_60' title='bbox 1437 782 1609 836; x_wconf 78' lang='lat' dir='ltr'>cruciatuum</span> <span class='ocrx_word' id='word_1_61' title='bbox 1636 784 1716 839; x_wconf 91' lang='lat' dir='ltr'>initis</span> <span class='ocrx_word' id='word_1_62' title='bbox 1740 801 1773 838; x_wconf 89' lang='lat' dir='ltr'>ac</span> 
     </span>
     <span class='ocr_line' id='line_1_6' title="bbox 71 865 1771 937; baseline 0.001 -18"><span class='ocrx_word' id='word_1_63' title='bbox 71 885 104 921; x_wconf 88' lang='lat' dir='ltr'>se</span> <span class='ocrx_word' id='word_1_64' title='bbox 124 871 287 921; x_wconf 88' lang='lat' dir='ltr'>convertant</span> <span class='ocrx_word' id='word_1_65' title='bbox 306 873 334 919; x_wconf 91' lang='lat' dir='ltr'>et</span> <span class='ocrx_word' id='word_1_66' title='bbox 352 865 407 920; x_wconf 88' lang='lat' dir='ltr'>fide</span> <span class='ocrx_word' id='word_1_67' title='bbox 425 866 453 919; x_wconf 92' lang='lat' dir='ltr'>in</span> <span class='ocrx_word' id='word_1_68' title='bbox 466 865 607 921; x_wconf 78' lang='lat' dir='ltr'>Christum</span> <span class='ocrx_word' id='word_1_69' title='bbox 628 872 804 936; x_wconf 89' lang='lat' dir='ltr'>peccatorum</span> <span class='ocrx_word' id='word_1_70' title='bbox 817 866 910 920; x_wconf 90' lang='lat' dir='ltr'>remis·</span> <span class='ocrx_word' id='word_1_71' title='bbox 936 873 1117 937; x_wconf 79' lang='lat' dir='ltr'>praegustem</span> <span class='ocrx_word' id='word_1_72' title='bbox 1150 866 1279 920; x_wconf 86' lang='lat' dir='ltr'>sentiunt</span> <span class='ocrx_word' id='word_1_73' title='bbox 1331 874 1354 922; x_wconf 89' lang='grc'>4.</span> <span class='ocrx_word' id='word_1_74' title='bbox 1387 869 1507 921; x_wconf 79' lang='lat' dir='ltr'>Ratione</span> <span class='ocrx_word' id='word_1_75' title='bbox 1544 870 1771 923; x_wconf 76' lang='lat' dir='ltr'>comessationis.</span> 
     </span>
     <span class='ocr_line' id='line_1_7' title="bbox 72 950 1774 1026; baseline 0.002 -21"><span class='ocrx_word' id='word_1_76' title='bbox 72 953 180 1006; x_wconf 88' lang='lat' dir='ltr'>sionem</span> <span class='ocrx_word' id='word_1_77' title='bbox 198 952 339 1006; x_wconf 76' lang='lat' dir='ltr'>consecuti</span> <span class='ocrx_word' id='word_1_78' title='bbox 362 952 397 1006; x_wconf 91' lang='lat' dir='ltr'>ab</span> <span class='ocrx_word' id='word_1_79' title='bbox 422 959 534 1006; x_wconf 87' lang='lat' dir='ltr'>aeterna</span> <span class='ocrx_word' id='word_1_80' title='bbox 561 960 649 1006; x_wconf 91' lang='lat' dir='ltr'>morte</span> <span class='ocrx_word' id='word_1_81' title='bbox 675 951 833 1006; x_wconf 90' lang='lat' dir='ltr'>liberentur.</span> <span class='ocrx_word' id='word_1_82' title='bbox 871 951 910 1006; x_wconf 92' lang='lat' dir='ltr'>Ut</span> <span class='ocrx_word' id='word_1_83' title='bbox 937 950 1041 1005; x_wconf 88' lang='lat' dir='ltr'>Inferni</span> <span class='ocrx_word' id='word_1_84' title='bbox 1069 969 1176 1022; x_wconf 88' lang='lat' dir='ltr'>poenae</span> <span class='ocrx_word' id='word_1_85' title='bbox 1202 969 1257 1006; x_wconf 91' lang='lat' dir='ltr'>non</span> <span class='ocrx_word' id='word_1_86' title='bbox 1284 952 1454 1006; x_wconf 86' lang='lat' dir='ltr'>definiuntur</span> <span class='ocrx_word' id='word_1_87' title='bbox 1486 954 1515 1006; x_wconf 90' lang='lat' dir='ltr'>in</span> <span class='ocrx_word' id='word_1_88' title='bbox 1546 953 1696 1025; x_wconf 86' lang='lat' dir='ltr'>Scripturis</span> <span class='ocrx_word' id='word_1_89' title='bbox 1723 972 1774 1026; x_wconf 88' lang='lat' dir='ltr'>per</span> 
     </span>
     <span class='ocr_line' id='line_1_8' title="bbox 71 1037 1772 1114; baseline 0.001 -21"><span class='ocrx_word' id='word_1_90' title='bbox 71 1045 167 1093; x_wconf 89' lang='lat' dir='ltr'>autem</span> <span class='ocrx_word' id='word_1_91' title='bbox 181 1039 369 1108; x_wconf 84' lang='lat' dir='ltr'>praeparatio</span> <span class='ocrx_word' id='word_1_92' title='bbox 388 1039 505 1102; x_wconf 74' lang='lat' dir='ltr'>inferni,</span> <span class='ocrx_word' id='word_1_93' title='bbox 524 1038 558 1092; x_wconf 93' lang='lat' dir='ltr'>de</span> <span class='ocrx_word' id='word_1_94' title='bbox 576 1054 633 1108; x_wconf 91' lang='lat' dir='ltr'>qua</span> <span class='ocrx_word' id='word_1_95' title='bbox 647 1037 773 1106; x_wconf 78' lang='lat' dir='ltr'>diximus,</span> <span class='ocrx_word' id='word_1_96' title='bbox 791 1038 849 1091; x_wconf 89' lang='lat' dir='ltr'>sive</span> <span class='ocrx_word' id='word_1_97' title='bbox 864 1037 910 1091; x_wconf 92' lang='lat' dir='ltr'>de·</span> <span class='ocrx_word' id='word_1_98' title='bbox 938 1037 1113 1114; x_wconf 64' lang='lat' dir='ltr'>decrepitas</span> <span class='ocrx_word' id='word_1_99' title='bbox 1136 1044 1164 1092; x_wconf 87' lang='lat' dir='ltr'>ct</span> <span class='ocrx_word' id='word_1_100' title='bbox 1183 1038 1368 1093; x_wconf 90' lang='lat' dir='ltr'>redactionem</span> <span class='ocrx_word' id='word_1_101' title='bbox 1397 1045 1538 1094; x_wconf 79' lang='lat' dir='ltr'>creaturae</span> <span class='ocrx_word' id='word_1_102' title='bbox 1569 1040 1711 1095; x_wconf 88' lang='lat' dir='ltr'>rationalis</span> <span class='ocrx_word' id='word_1_103' title='bbox 1743 1042 1772 1096; x_wconf 91' lang='lat' dir='ltr'>in</span> 
     </span>
     <span class='ocr_line' id='line_1_9' title="bbox 71 1123 1770 1196; baseline 0.001 -17"><span class='ocrx_word' id='word_1_104' title='bbox 71 1138 178 1180; x_wconf 88' lang='lat' dir='ltr'>cretum</span> <span class='ocrx_word' id='word_1_105' title='bbox 199 1124 400 1194; x_wconf 86' lang='lat' dir='ltr'>reprobationis</span> <span class='ocrx_word' id='word_1_106' title='bbox 420 1142 473 1178; x_wconf 92' lang='lat' dir='ltr'>non</span> <span class='ocrx_word' id='word_1_107' title='bbox 493 1123 620 1194; x_wconf 88' lang='lat' dir='ltr'>procedit</span> <span class='ocrx_word' id='word_1_108' title='bbox 642 1124 678 1178; x_wconf 89' lang='lat' dir='ltr'>ab</span> <span class='ocrx_word' id='word_1_109' title='bbox 698 1123 825 1178; x_wconf 91' lang='lat' dir='ltr'>absoluto</span> <span class='ocrx_word' id='word_1_110' title='bbox 844 1140 909 1193; x_wconf 91' lang='lat' dir='ltr'>quo·</span> <span class='ocrx_word' id='word_1_111' title='bbox 936 1124 1067 1187; x_wconf 90' lang='lat' dir='ltr'>nihilum,</span> <span class='ocrx_word' id='word_1_112' title='bbox 1093 1126 1142 1178; x_wconf 91' lang='lat' dir='ltr'>sed</span> <span class='ocrx_word' id='word_1_113' title='bbox 1165 1141 1214 1194; x_wconf 89' lang='lat' dir='ltr'>per</span> <span class='ocrx_word' id='word_1_114' title='bbox 1232 1124 1427 1196; x_wconf 85' lang='lat' dir='ltr'>irrogationem</span> <span class='ocrx_word' id='word_1_115' title='bbox 1446 1131 1620 1182; x_wconf 89' lang='lat' dir='ltr'>aeternorum</span> <span class='ocrx_word' id='word_1_116' title='bbox 1646 1135 1674 1181; x_wconf 91' lang='lat' dir='ltr'>et</span> <span class='ocrx_word' id='word_1_117' title='bbox 1699 1133 1770 1182; x_wconf 91' lang='lat' dir='ltr'>atro-</span> 
     </span>
     <span class='ocr_line' id='line_1_10' title="bbox 71 1210 1770 1284; baseline 0 -18"><span class='ocrx_word' id='word_1_118' title='bbox 71 1213 137 1266; x_wconf 90' lang='lat' dir='ltr'>dam</span> <span class='ocrx_word' id='word_1_119' title='bbox 155 1229 221 1284; x_wconf 91' lang='lat' dir='ltr'>erga</span> <span class='ocrx_word' id='word_1_120' title='bbox 239 1212 364 1267; x_wconf 90' lang='lat' dir='ltr'>homines</span> <span class='ocrx_word' id='word_1_121' title='bbox 381 1211 460 1279; x_wconf 90' lang='lat' dir='ltr'>odio;</span> <span class='ocrx_word' id='word_1_122' title='bbox 486 1212 527 1264; x_wconf 90' lang='lat' dir='ltr'>ita</span> <span class='ocrx_word' id='word_1_123' title='bbox 542 1228 652 1282; x_wconf 89' lang='lat' dir='ltr'>quoque</span> <span class='ocrx_word' id='word_1_124' title='bbox 679 1212 739 1281; x_wconf 90' lang='lat' dir='ltr'>ipsa</span> <span class='ocrx_word' id='word_1_125' title='bbox 762 1210 811 1263; x_wconf 88' lang='lat' dir='ltr'>illa</span> <span class='ocrx_word' id='word_1_126' title='bbox 836 1227 908 1263; x_wconf 92' lang='lat' dir='ltr'>com·</span> <span class='ocrx_word' id='word_1_127' title='bbox 937 1211 1109 1265; x_wconf 90' lang='lat' dir='ltr'>cissimorum</span> <span class='ocrx_word' id='word_1_128' title='bbox 1126 1211 1314 1279; x_wconf 86' lang='lat' dir='ltr'>cruciatuum,</span> <span class='ocrx_word' id='word_1_129' title='bbox 1341 1228 1408 1282; x_wconf 90' lang='lat' dir='ltr'>ergo</span> <span class='ocrx_word' id='word_1_130' title='bbox 1427 1212 1549 1266; x_wconf 90' lang='lat' dir='ltr'>damnati</span> <span class='ocrx_word' id='word_1_131' title='bbox 1570 1214 1599 1267; x_wconf 90' lang='lat' dir='ltr'>in</span> <span class='ocrx_word' id='word_1_132' title='bbox 1617 1213 1688 1268; x_wconf 92' lang='lat' dir='ltr'>vivis</span> <span class='ocrx_word' id='word_1_133' title='bbox 1707 1231 1770 1267; x_wconf 89' lang='lat' dir='ltr'>con-</span> 
     </span>
     <span class='ocr_line' id='line_1_11' title="bbox 71 1295 1770 1369; baseline 0.002 -18"><span class='ocrx_word' id='word_1_134' title='bbox 71 1299 189 1352; x_wconf 85' lang='lat' dir='ltr'>minatio</span> <span class='ocrx_word' id='word_1_135' title='bbox 208 1298 321 1353; x_wconf 89' lang='lat' dir='ltr'>evidens</span> <span class='ocrx_word' id='word_1_136' title='bbox 342 1297 538 1352; x_wconf 89' lang='lat' dir='ltr'>documentum</span> <span class='ocrx_word' id='word_1_137' title='bbox 557 1303 613 1364; x_wconf 87' lang='lat' dir='ltr'>est,</span> <span class='ocrx_word' id='word_1_138' title='bbox 642 1298 735 1349; x_wconf 84' lang='lat' dir='ltr'>Deum</span> <span class='ocrx_word' id='word_1_139' title='bbox 752 1314 808 1350; x_wconf 87' lang='lat' dir='ltr'>non</span> <span class='ocrx_word' id='word_1_140' title='bbox 833 1295 908 1348; x_wconf 87' lang='lat' dir='ltr'>dele·</span> <span class='ocrx_word' id='word_1_141' title='bbox 936 1297 1134 1360; x_wconf 87' lang='lat' dir='ltr'>servabuntur,</span> <span class='ocrx_word' id='word_1_142' title='bbox 1159 1305 1190 1352; x_wconf 93' lang='lat' dir='ltr'>ut</span> <span class='ocrx_word' id='word_1_143' title='bbox 1210 1297 1328 1352; x_wconf 89' lang='lat' dir='ltr'>aeternis</span> <span class='ocrx_word' id='word_1_144' title='bbox 1348 1298 1444 1367; x_wconf 89' lang='lat' dir='ltr'>poenis</span> <span class='ocrx_word' id='word_1_145' title='bbox 1465 1298 1632 1353; x_wconf 85' lang='lat' dir='ltr'>sustinendis</span> <span class='ocrx_word' id='word_1_146' title='bbox 1657 1299 1685 1353; x_wconf 93' lang='lat' dir='ltr'>in</span> <span class='ocrx_word' id='word_1_147' title='bbox 1710 1317 1770 1369; x_wconf 85' lang='lat' dir='ltr'>per·</span> 
     </span>
     <span class='ocr_line' id='line_1_12' title="bbox 70 1383 1771 1456; baseline 0.002 -18"><span class='ocrx_word' id='word_1_148' title='bbox 70 1385 147 1438; x_wconf 81' lang='lat' dir='ltr'>atari</span> <span class='ocrx_word' id='word_1_149' title='bbox 166 1385 307 1437; x_wconf 79' lang='lat' dir='ltr'>hominnm</span> <span class='ocrx_word' id='word_1_150' title='bbox 320 1384 484 1452; x_wconf 77' lang='lat' dir='ltr'>perditione</span> <span class='ocrx_word' id='word_1_151' title='bbox 504 1399 593 1451; x_wconf 72' lang='lat' dir='ltr'>nepam</span> <span class='ocrx_word' id='word_1_152' title='bbox 608 1383 680 1436; x_wconf 84' lang='lat' dir='ltr'>celle</span> <span class='ocrx_word' id='word_1_153' title='bbox 706 1390 821 1437; x_wconf 87' lang='lat' dir='ltr'>mortem</span> <span class='ocrx_word' id='word_1_154' title='bbox 843 1398 908 1450; x_wconf 86' lang='lat' dir='ltr'>pec·</span> <span class='ocrx_word' id='word_1_155' title='bbox 936 1390 1049 1455; x_wconf 86' lang='lat' dir='ltr'>petnum</span> <span class='ocrx_word' id='word_1_156' title='bbox 1077 1385 1226 1453; x_wconf 87' lang='lat' dir='ltr'>supersint.</span> <span class='ocrx_word' id='word_1_157' title='bbox 1261 1383 1341 1438; x_wconf 89' lang='lat' dir='ltr'>Haec</span> <span class='ocrx_word' id='word_1_158' title='bbox 1366 1385 1539 1438; x_wconf 83' lang='lat' dir='ltr'>conservatio</span> <span class='ocrx_word' id='word_1_159' title='bbox 1566 1385 1706 1456; x_wconf 89' lang='lat' dir='ltr'>dependet</span> <span class='ocrx_word' id='word_1_160' title='bbox 1735 1388 1771 1442; x_wconf 91' lang='lat' dir='ltr'>sb</span> 
     </span>
     <span class='ocr_line' id='line_1_13' title="bbox 70 1468 1771 1541; baseline 0.002 -18"><span class='ocrx_word' id='word_1_161' title='bbox 70 1477 200 1524; x_wconf 65' lang='lat' dir='ltr'>amorum</span> <span class='ocrx_word' id='word_1_162' title='bbox 226 1468 327 1525; x_wconf 85' lang='lat' dir='ltr'>Ezech.</span> <span class='ocrx_word' id='word_1_163' title='bbox 350 1475 388 1535; x_wconf 88' lang='grc'>18,</span> <span class='ocrx_word' id='word_1_164' title='bbox 408 1487 432 1522; x_wconf 92' lang='lat' dir='ltr'>v.</span> <span class='ocrx_word' id='word_1_165' title='bbox 452 1475 492 1525; x_wconf 87' lang='grc'>23.</span> <span class='ocrx_word' id='word_1_166' title='bbox 528 1485 588 1537; x_wconf 87' lang='lat' dir='ltr'>cap.</span> <span class='ocrx_word' id='word_1_167' title='bbox 606 1475 647 1535; x_wconf 88' lang='grc'>33,</span> <span class='ocrx_word' id='word_1_168' title='bbox 666 1484 690 1520; x_wconf 85' lang='lat' dir='ltr'>v.</span> <span class='ocrx_word' id='word_1_169' title='bbox 714 1475 754 1523; x_wconf 93' lang='grc'>11.</span> <span class='ocrx_word' id='word_1_170' title='bbox 773 1485 828 1520; x_wconf 91' lang='lat' dir='ltr'>non</span> <span class='ocrx_word' id='word_1_171' title='bbox 848 1483 908 1520; x_wconf 83' lang='lat' dir='ltr'>ease</span> <span class='ocrx_word' id='word_1_172' title='bbox 935 1469 1122 1538; x_wconf 81' lang='lat' dir='ltr'>omnipotente</span> <span class='ocrx_word' id='word_1_173' title='bbox 1141 1469 1195 1522; x_wconf 90' lang='lat' dir='ltr'>Dei</span> <span class='ocrx_word' id='word_1_174' title='bbox 1213 1469 1328 1535; x_wconf 87' lang='lat' dir='ltr'>virtute,</span> <span class='ocrx_word' id='word_1_175' title='bbox 1351 1485 1423 1539; x_wconf 89' lang='lat' dir='ltr'>quae</span> <span class='ocrx_word' id='word_1_176' title='bbox 1445 1486 1540 1535; x_wconf 89' lang='lat' dir='ltr'>omne,</span> <span class='ocrx_word' id='word_1_177' title='bbox 1565 1470 1702 1541; x_wconf 90' lang='lat' dir='ltr'>quidquid</span> <span class='ocrx_word' id='word_1_178' title='bbox 1729 1481 1771 1527; x_wconf 91' lang='lat' dir='ltr'>est</span> 
     </span>
     <span class='ocr_line' id='line_1_14' title="bbox 70 1553 1768 1624; baseline 0.002 -16"><span class='ocrx_word' id='word_1_179' title='bbox 70 1556 163 1624; x_wconf 84' lang='lat' dir='ltr'>ipsias</span> <span class='ocrx_word' id='word_1_180' title='bbox 180 1556 365 1617; x_wconf 83' lang='lat' dir='ltr'>volantatem,</span> <span class='ocrx_word' id='word_1_181' title='bbox 396 1555 508 1622; x_wconf 69' lang='lat' dir='ltr'>dianas</span> <span class='ocrx_word' id='word_1_182' title='bbox 527 1556 639 1622; x_wconf 78' lang='lat' dir='ltr'>perire,</span> <span class='ocrx_word' id='word_1_183' title='bbox 667 1557 719 1607; x_wconf 84' lang='lat' dir='ltr'>sed</span> <span class='ocrx_word' id='word_1_184' title='bbox 747 1571 840 1607; x_wconf 81' lang='lat' dir='ltr'>ornnes</span> <span class='ocrx_word' id='word_1_185' title='bbox 868 1557 909 1607; x_wconf 84' lang='lat' dir='ltr'>od</span> <span class='ocrx_word' id='word_1_186' title='bbox 935 1561 963 1610; x_wconf 89' lang='lat' dir='ltr'>et</span> <span class='ocrx_word' id='word_1_187' title='bbox 981 1554 1120 1623; x_wconf 88' lang='lat' dir='ltr'>subsistit,</span> <span class='ocrx_word' id='word_1_188' title='bbox 1138 1562 1295 1619; x_wconf 85' lang='lat' dir='ltr'>conservat,</span> <span class='ocrx_word' id='word_1_189' title='bbox 1326 1554 1391 1609; x_wconf 88' lang='lat' dir='ltr'>inde</span> <span class='ocrx_word' id='word_1_190' title='bbox 1416 1559 1439 1612; x_wconf 90' lang='grc'>2.</span> <span class='ocrx_word' id='word_1_191' title='bbox 1457 1553 1554 1608; x_wconf 85' lang='lat' dir='ltr'>Thess.</span> <span class='ocrx_word' id='word_1_192' title='bbox 1576 1561 1598 1624; x_wconf 93' lang='grc'>1,</span> <span class='ocrx_word' id='word_1_193' title='bbox 1616 1573 1642 1608; x_wconf 93' lang='lat' dir='ltr'>v.</span> <span class='ocrx_word' id='word_1_194' title='bbox 1668 1561 1691 1612; x_wconf 87' lang='lat'>9.</span> <span class='ocrx_word' id='word_1_195' title='bbox 1719 1558 1768 1611; x_wconf 92' lang='lat' dir='ltr'>im·</span> 
     </span>
     <span class='ocr_line' id='line_1_15' title="bbox 66 1640 1833 1712; baseline 0.001 -16"><span class='ocrx_word' id='word_1_196' title='bbox 66 1643 274 1712; x_wconf 75' lang='lat' dir='ltr'>poenitentiam</span> <span class='ocrx_word' id='word_1_197' title='bbox 292 1641 397 1693; x_wconf 87' lang='lat' dir='ltr'>reverti</span> <span class='ocrx_word' id='word_1_198' title='bbox 425 1649 447 1697; x_wconf 86' lang='lat'>1.</span> <span class='ocrx_word' id='word_1_199' title='bbox 465 1641 536 1694; x_wconf 87' lang='lat' dir='ltr'>Tim.</span> <span class='ocrx_word' id='word_1_200' title='bbox 557 1647 581 1706; x_wconf 83' lang='lat'>2,</span> <span class='ocrx_word' id='word_1_201' title='bbox 602 1660 625 1694; x_wconf 94' lang='lat' dir='ltr'>v.</span> <span class='ocrx_word' id='word_1_202' title='bbox 646 1649 671 1697; x_wconf 91' lang='grc'>4.</span> <span class='ocrx_word' id='word_1_203' title='bbox 701 1645 724 1694; x_wconf 72' lang='grc'>2,</span> <span class='ocrx_word' id='word_1_204' title='bbox 745 1642 815 1694; x_wconf 87' lang='lat' dir='ltr'>Petr.</span> <span class='ocrx_word' id='word_1_205' title='bbox 835 1645 860 1707; x_wconf 89' lang='lat'>3,</span> <span class='ocrx_word' id='word_1_206' title='bbox 880 1658 906 1692; x_wconf 85' lang='lat' dir='ltr'>v.</span> <span class='ocrx_word' id='word_1_207' title='bbox 934 1642 973 1711; x_wconf 92' lang='lat' dir='ltr'>pii</span> <span class='ocrx_word' id='word_1_208' title='bbox 1003 1642 1132 1695; x_wconf 89' lang='lat' dir='ltr'>dicuntur</span> <span class='ocrx_word' id='word_1_209' title='bbox 1151 1659 1260 1712; x_wconf 86' lang='lat' dir='ltr'>poenas</span> <span class='ocrx_word' id='word_1_210' title='bbox 1286 1642 1385 1695; x_wconf 82' lang='lat' dir='ltr'>dotari</span> <span class='ocrx_word' id='word_1_211' title='bbox 1411 1649 1553 1695; x_wconf 86' lang='lat' dir='ltr'>aeternnm</span> <span class='ocrx_word' id='word_1_212' title='bbox 1581 1642 1724 1696; x_wconf 84' lang='lat' dir='ltr'>interitum</span> <span class='ocrx_word' id='word_1_213' title='bbox 1751 1664 1770 1697; x_wconf 87' lang='lat' dir='ltr'>a</span> <span class='ocrx_word' id='word_1_214' title='bbox 1829 1640 1833 1666; x_wconf 79' lang='lat'>²</span> 
     </span>
     <span class='ocr_line' id='line_1_16' title="bbox 71 1725 1770 1800; baseline -0.002 -14"><span class='ocrx_word' id='word_1_215' title='bbox 71 1735 97 1786; x_wconf 87' lang='grc'>3.</span> <span class='ocrx_word' id='word_1_216' title='bbox 134 1728 203 1783; x_wconf 91' lang='lat' dir='ltr'>Inde</span> <span class='ocrx_word' id='word_1_217' title='bbox 229 1728 301 1782; x_wconf 90' lang='lat' dir='ltr'>enim</span> <span class='ocrx_word' id='word_1_218' title='bbox 330 1734 415 1796; x_wconf 91' lang='lat' dir='ltr'>atque</span> <span class='ocrx_word' id='word_1_219' title='bbox 442 1727 504 1780; x_wconf 89' lang='lat' dir='ltr'>ideo</span> <span class='ocrx_word' id='word_1_220' title='bbox 532 1742 650 1796; x_wconf 89' lang='lat' dir='ltr'>poenam</span> <span class='ocrx_word' id='word_1_221' title='bbox 675 1725 752 1796; x_wconf 89' lang='lat' dir='ltr'>prius</span> <span class='ocrx_word' id='word_1_222' title='bbox 779 1727 907 1791; x_wconf 89' lang='lat' dir='ltr'>minatur,</span> <span class='ocrx_word' id='word_1_223' title='bbox 933 1730 1012 1792; x_wconf 77' lang='lat' dir='ltr'>secie</span> <span class='ocrx_word' id='word_1_224' title='bbox 1033 1729 1152 1781; x_wconf 89' lang='lat' dir='ltr'>Domini</span> <span class='ocrx_word' id='word_1_225' title='bbox 1181 1736 1207 1781; x_wconf 87' lang='lat' dir='ltr'>et</span> <span class='ocrx_word' id='word_1_226' title='bbox 1240 1746 1258 1780; x_wconf 86' lang='lat' dir='ltr'>a</span> <span class='ocrx_word' id='word_1_227' title='bbox 1284 1728 1378 1795; x_wconf 80' lang='lat' dir='ltr'>pluria</span> <span class='ocrx_word' id='word_1_228' title='bbox 1406 1728 1519 1781; x_wconf 82' lang='lat' dir='ltr'>virtutis</span> <span class='ocrx_word' id='word_1_229' title='bbox 1544 1729 1614 1800; x_wconf 83' lang='lat' dir='ltr'>ejas,</span> <span class='ocrx_word' id='word_1_230' title='bbox 1648 1727 1673 1781; x_wconf 92' lang='lat' dir='ltr'>h.</span> <span class='ocrx_word' id='word_1_231' title='bbox 1700 1746 1725 1784; x_wconf 90' lang='grc' dir='ltr'>θ.</span> <span class='ocrx_word' id='word_1_232' title='bbox 1752 1745 1770 1782; x_wconf 90' lang='lat' dir='ltr'>s</span> 
     </span>
     <span class='ocr_line' id='line_1_17' title="bbox 69 1812 1769 1886; baseline -0.001 -17"><span class='ocrx_word' id='word_1_233' title='bbox 69 1822 221 1886; x_wconf 82' lang='lat' dir='ltr'>antequam</span> <span class='ocrx_word' id='word_1_234' title='bbox 240 1812 361 1883; x_wconf 85' lang='lat' dir='ltr'>infligat,</span> <span class='ocrx_word' id='word_1_235' title='bbox 387 1819 418 1865; x_wconf 92' lang='lat' dir='ltr'>ut</span> <span class='ocrx_word' id='word_1_236' title='bbox 436 1828 486 1881; x_wconf 91' lang='lat' dir='ltr'>per</span> <span class='ocrx_word' id='word_1_237' title='bbox 506 1829 598 1867; x_wconf 88' lang='lat' dir='ltr'>veram</span> <span class='ocrx_word' id='word_1_238' title='bbox 617 1829 650 1865; x_wconf 91' lang='lat' dir='ltr'>ac</span> <span class='ocrx_word' id='word_1_239' title='bbox 671 1813 769 1866; x_wconf 89' lang='lat' dir='ltr'>seriam</span> <span class='ocrx_word' id='word_1_240' title='bbox 796 1828 907 1866; x_wconf 91' lang='lat' dir='ltr'>conver·</span> <span class='ocrx_word' id='word_1_241' title='bbox 934 1815 1054 1884; x_wconf 89' lang='lat' dir='ltr'>gloriosa</span> <span class='ocrx_word' id='word_1_242' title='bbox 1073 1814 1174 1867; x_wconf 87' lang='lat' dir='ltr'>virtute</span> <span class='ocrx_word' id='word_1_243' title='bbox 1189 1830 1238 1867; x_wconf 90' lang='lat' dir='ltr'>seu</span> <span class='ocrx_word' id='word_1_244' title='bbox 1258 1812 1357 1867; x_wconf 88' lang='lat' dir='ltr'>robore</span> <span class='ocrx_word' id='word_1_245' title='bbox 1375 1813 1451 1882; x_wconf 88' lang='lat' dir='ltr'>ejus,</span> <span class='ocrx_word' id='word_1_246' title='bbox 1475 1813 1542 1883; x_wconf 91' lang='lat' dir='ltr'>quia</span> <span class='ocrx_word' id='word_1_247' title='bbox 1562 1812 1650 1868; x_wconf 88' lang='lat' dir='ltr'>virtus</span> <span class='ocrx_word' id='word_1_248' title='bbox 1668 1815 1721 1868; x_wconf 90' lang='lat' dir='ltr'>Dei</span> <span class='ocrx_word' id='word_1_249' title='bbox 1740 1815 1769 1868; x_wconf 91' lang='lat' dir='ltr'>in</span> 
     </span>
     <span class='ocr_line' id='line_1_18' title="bbox 71 1898 1769 1970; baseline -0.001 -15"><span class='ocrx_word' id='word_1_250' title='bbox 71 1902 178 1957; x_wconf 89' lang='lat' dir='ltr'>sionem</span> <span class='ocrx_word' id='word_1_251' title='bbox 196 1900 314 1953; x_wconf 88' lang='lat' dir='ltr'>durante</span> <span class='ocrx_word' id='word_1_252' title='bbox 333 1899 424 1952; x_wconf 85' lang='lat' dir='ltr'>adhuc</span> <span class='ocrx_word' id='word_1_253' title='bbox 445 1905 568 1967; x_wconf 89' lang='lat' dir='ltr'>tempore</span> <span class='ocrx_word' id='word_1_254' title='bbox 583 1898 691 1970; x_wconf 86' lang='lat' dir='ltr'>gratiae</span> <span class='ocrx_word' id='word_1_255' title='bbox 706 1898 830 1951; x_wconf 86' lang='lat' dir='ltr'>homines</span> <span class='ocrx_word' id='word_1_256' title='bbox 844 1915 906 1952; x_wconf 89' lang='lat' dir='ltr'>ean·</span> <span class='ocrx_word' id='word_1_257' title='bbox 934 1900 1031 1954; x_wconf 91' lang='lat' dir='ltr'>mediis</span> <span class='ocrx_word' id='word_1_258' title='bbox 1055 1899 1205 1955; x_wconf 90' lang='lat' dir='ltr'>inferorum</span> <span class='ocrx_word' id='word_1_259' title='bbox 1231 1899 1349 1952; x_wconf 87' lang='lat' dir='ltr'>flammis</span> <span class='ocrx_word' id='word_1_260' title='bbox 1376 1899 1436 1952; x_wconf 92' lang='lat' dir='ltr'>illos</span> <span class='ocrx_word' id='word_1_261' title='bbox 1462 1899 1651 1967; x_wconf 82' lang='lat' dir='ltr'>conservabit,</span> <span class='ocrx_word' id='word_1_262' title='bbox 1679 1917 1714 1954; x_wconf 90' lang='lat' dir='ltr'>ne</span> <span class='ocrx_word' id='word_1_263' title='bbox 1732 1901 1769 1954; x_wconf 90' lang='lat' dir='ltr'>ab</span> 
     </span>
     <span class='ocr_line' id='line_1_19' title="bbox 70 1983 1768 2056; baseline 0 -16"><span class='ocrx_word' id='word_1_264' title='bbox 70 1987 134 2040; x_wconf 90' lang='lat' dir='ltr'>dem</span> <span class='ocrx_word' id='word_1_265' title='bbox 160 1984 310 2056; x_wconf 83' lang='lat' dir='ltr'>effugiant,</span> <span class='ocrx_word' id='word_1_266' title='bbox 340 1984 411 2037; x_wconf 90' lang='lat' dir='ltr'>sicut</span> <span class='ocrx_word' id='word_1_267' title='bbox 434 1984 469 2037; x_wconf 87' lang='lat' dir='ltr'>de</span> <span class='ocrx_word' id='word_1_268' title='bbox 501 2000 568 2037; x_wconf 88' lang='lat' dir='ltr'>arcu</span> <span class='ocrx_word' id='word_1_269' title='bbox 599 1984 648 2035; x_wconf 81' lang='lat' dir='ltr'>liei</span> <span class='ocrx_word' id='word_1_270' title='bbox 674 1984 758 2052; x_wconf 85' lang='lat' dir='ltr'>prins</span> <span class='ocrx_word' id='word_1_271' title='bbox 787 1983 907 2036; x_wconf 81' lang='lat' dir='ltr'>asinante</span> <span class='ocrx_word' id='word_1_272' title='bbox 933 1985 997 2056; x_wconf 87' lang='lat' dir='ltr'>igne</span> <span class='ocrx_word' id='word_1_273' title='bbox 1017 1985 1144 2039; x_wconf 88' lang='lat' dir='ltr'>infernali</span> <span class='ocrx_word' id='word_1_274' title='bbox 1164 1985 1192 2039; x_wconf 92' lang='lat' dir='ltr'>in</span> <span class='ocrx_word' id='word_1_275' title='bbox 1211 1985 1327 2038; x_wconf 90' lang='lat' dir='ltr'>nihilum</span> <span class='ocrx_word' id='word_1_276' title='bbox 1347 1985 1517 2054; x_wconf 83' lang='lat' dir='ltr'>redigantur,</span> <span class='ocrx_word' id='word_1_277' title='bbox 1544 1986 1616 2038; x_wconf 91' lang='lat' dir='ltr'>sicut</span> <span class='ocrx_word' id='word_1_278' title='bbox 1636 1986 1709 2056; x_wconf 83' lang='lat' dir='ltr'>ignis</span> <span class='ocrx_word' id='word_1_279' title='bbox 1723 1988 1768 2055; x_wconf 88' lang='lat' dir='ltr'>ju-</span> 
     </span>
     <span class='ocr_line' id='line_1_20' title="bbox 68 2069 1768 2144; baseline -0.001 -17"><span class='ocrx_word' id='word_1_280' title='bbox 68 2091 156 2144; x_wconf 80' lang='lat' dir='ltr'>qaam</span> <span class='ocrx_word' id='word_1_281' title='bbox 173 2073 292 2131; x_wconf 79' lang='lat' dir='ltr'>feriente</span> <span class='ocrx_word' id='word_1_282' title='bbox 316 2072 344 2124; x_wconf 90' lang='lat' dir='ltr'>in</span> <span class='ocrx_word' id='word_1_283' title='bbox 363 2070 499 2140; x_wconf 90' lang='lat' dir='ltr'>principio</span> <span class='ocrx_word' id='word_1_284' title='bbox 517 2069 600 2141; x_wconf 80' lang='lat' dir='ltr'>huJ‘us</span> <span class='ocrx_word' id='word_1_285' title='bbox 618 2074 753 2123; x_wconf 87' lang='lat' dir='ltr'>tractatus</span> <span class='ocrx_word' id='word_1_286' title='bbox 780 2069 906 2124; x_wconf 88' lang='lat' dir='ltr'>diximus.</span> <span class='ocrx_word' id='word_1_287' title='bbox 934 2071 1000 2125; x_wconf 87' lang='lat' dir='ltr'>dicii</span> <span class='ocrx_word' id='word_1_288' title='bbox 1017 2071 1124 2125; x_wconf 92' lang='lat' dir='ltr'>coelum</span> <span class='ocrx_word' id='word_1_289' title='bbox 1142 2076 1170 2125; x_wconf 88' lang='lat' dir='ltr'>et</span> <span class='ocrx_word' id='word_1_290' title='bbox 1190 2077 1291 2125; x_wconf 88' lang='lat' dir='ltr'>terram</span> <span class='ocrx_word' id='word_1_291' title='bbox 1309 2071 1338 2124; x_wconf 89' lang='lat' dir='ltr'>in</span> <span class='ocrx_word' id='word_1_292' title='bbox 1359 2070 1473 2123; x_wconf 89' lang='lat' dir='ltr'>nihilum</span> <span class='ocrx_word' id='word_1_293' title='bbox 1493 2069 1608 2140; x_wconf 85' lang='lat' dir='ltr'>rediget</span> <span class='ocrx_word' id='word_1_294' title='bbox 1645 2071 1768 2125; x_wconf 85' lang='lat' dir='ltr'>Thomas</span> 
     </span>
     <span class='ocr_line' id='line_1_21' title="bbox 69 2156 1769 2227; baseline -0.005 -10"><span class='ocrx_word' id='word_1_295' title='bbox 69 2168 94 2217; x_wconf 89' lang='grc'>3.</span> <span class='ocrx_word' id='word_1_296' title='bbox 113 2160 234 2214; x_wconf 83' lang='lat' dir='ltr'>Ratione</span> <span class='ocrx_word' id='word_1_297' title='bbox 253 2157 446 2226; x_wconf 70' lang='lat' dir='ltr'>irrogationes.</span> <span class='ocrx_word' id='word_1_298' title='bbox 482 2157 600 2223; x_wconf 84' lang='lat' dir='ltr'>Quando</span> <span class='ocrx_word' id='word_1_299' title='bbox 618 2157 695 2211; x_wconf 91' lang='lat' dir='ltr'>Deus</span> <span class='ocrx_word' id='word_1_300' title='bbox 714 2156 907 2226; x_wconf 89' lang='lat' dir='ltr'>peccatoribus</span> <span class='ocrx_word' id='word_1_301' title='bbox 933 2157 1056 2227; x_wconf 89' lang='lat' dir='ltr'>quodlib.</span> <span class='ocrx_word' id='word_1_302' title='bbox 1078 2163 1102 2212; x_wconf 83' lang='lat' dir='ltr'>t.</span> <span class='ocrx_word' id='word_1_303' title='bbox 1122 2163 1171 2214; x_wconf 90' lang='lat' dir='ltr'>art.</span> <span class='ocrx_word' id='word_1_304' title='bbox 1196 2163 1238 2211; x_wconf 85' lang='lat' dir='ltr'>ll:</span> <span class='ocrx_word' id='word_1_305' title='bbox 1261 2158 1391 2224; x_wconf 81' lang='lat' dir='ltr'>Corpora</span> <span class='ocrx_word' id='word_1_306' title='bbox 1413 2159 1610 2210; x_wconf 79' lang='lat' dir='ltr'>damnatorum</span> <span class='ocrx_word' id='word_1_307' title='bbox 1630 2165 1711 2210; x_wconf 87' lang='lat' dir='ltr'>erunt</span> <span class='ocrx_word' id='word_1_308' title='bbox 1727 2157 1769 2209; x_wconf 88' lang='lat' dir='ltr'>in·</span> 
     </span>
     <span class='ocr_line' id='line_1_22' title="bbox 69 2241 1769 2315; baseline -0.005 -12"><span class='ocrx_word' id='word_1_309' title='bbox 69 2247 171 2302; x_wconf 88' lang='lat' dir='ltr'>inferni</span> <span class='ocrx_word' id='word_1_310' title='bbox 189 2261 292 2315; x_wconf 88' lang='lat' dir='ltr'>poenas</span> <span class='ocrx_word' id='word_1_311' title='bbox 311 2244 501 2308; x_wconf 86' lang='lat' dir='ltr'>comminatur,</span> <span class='ocrx_word' id='word_1_312' title='bbox 522 2250 588 2297; x_wconf 90' lang='lat' dir='ltr'>tunc</span> <span class='ocrx_word' id='word_1_313' title='bbox 608 2243 833 2297; x_wconf 89' lang='lat' dir='ltr'>comminationes</span> <span class='ocrx_word' id='word_1_314' title='bbox 845 2241 908 2295; x_wconf 89' lang='lat' dir='ltr'>illae</span> <span class='ocrx_word' id='word_1_315' title='bbox 933 2243 1142 2312; x_wconf 80' lang='lat' dir='ltr'>corruptibilia,</span> <span class='ocrx_word' id='word_1_316' title='bbox 1163 2242 1289 2311; x_wconf 68' lang='lat' dir='ltr'>nemeis</span> <span class='ocrx_word' id='word_1_317' title='bbox 1303 2243 1359 2294; x_wconf 85' lang='lat' dir='ltr'>sint</span> <span class='ocrx_word' id='word_1_318' title='bbox 1372 2241 1536 2311; x_wconf 72' lang='lat' dir='ltr'>passibilia,</span> <span class='ocrx_word' id='word_1_319' title='bbox 1549 2243 1769 2310; x_wconf 75' lang='lat' dir='ltr'>incorruptibili-</span> 
     </span>
     <span class='ocr_line' id='line_1_23' title="bbox 69 2328 1769 2399; baseline -0.003 -11"><span class='ocrx_word' id='word_1_320' title='bbox 69 2350 127 2387; x_wconf 91' lang='lat' dir='ltr'>non</span> <span class='ocrx_word' id='word_1_321' title='bbox 148 2335 214 2385; x_wconf 90' lang='lat' dir='ltr'>sunt</span> <span class='ocrx_word' id='word_1_322' title='bbox 231 2328 376 2384; x_wconf 87' lang='lat' dir='ltr'>habendae</span> <span class='ocrx_word' id='word_1_323' title='bbox 396 2345 428 2382; x_wconf 89' lang='lat' dir='ltr'>eo</span> <span class='ocrx_word' id='word_1_324' title='bbox 449 2330 517 2394; x_wconf 90' lang='lat' dir='ltr'>loco,</span> <span class='ocrx_word' id='word_1_325' title='bbox 541 2329 616 2382; x_wconf 89' lang='lat' dir='ltr'>acsi</span> <span class='ocrx_word' id='word_1_326' title='bbox 637 2328 841 2383; x_wconf 87' lang='lat' dir='ltr'>essentinania</span> <span class='ocrx_word' id='word_1_327' title='bbox 855 2336 908 2382; x_wconf 88' lang='lat' dir='ltr'>ter·</span> <span class='ocrx_word' id='word_1_328' title='bbox 934 2330 1000 2383; x_wconf 82' lang='lat' dir='ltr'>tatis</span> <span class='ocrx_word' id='word_1_329' title='bbox 1016 2337 1108 2382; x_wconf 85' lang='lat' dir='ltr'>antem</span> <span class='ocrx_word' id='word_1_330' title='bbox 1126 2330 1225 2398; x_wconf 83' lang='lat' dir='ltr'>prima</span> <span class='ocrx_word' id='word_1_331' title='bbox 1242 2345 1330 2382; x_wconf 77' lang='lat' dir='ltr'>casua</span> <span class='ocrx_word' id='word_1_332' title='bbox 1354 2337 1379 2383; x_wconf 86' lang='lat' dir='ltr'>et</span> <span class='ocrx_word' id='word_1_333' title='bbox 1398 2329 1575 2399; x_wconf 85' lang='lat' dir='ltr'>principalis</span> <span class='ocrx_word' id='word_1_334' title='bbox 1598 2338 1638 2382; x_wconf 85' lang='lat' dir='ltr'>est</span> <span class='ocrx_word' id='word_1_335' title='bbox 1651 2330 1769 2397; x_wconf 80' lang='lat' dir='ltr'>justitia</span> 
     </span>
     <span class='ocr_line' id='line_1_24' title="bbox 69 2413 1769 2485; baseline -0.003 -12"><span class='ocrx_word' id='word_1_336' title='bbox 69 2419 254 2474; x_wconf 90' lang='lat' dir='ltr'>riculamenta</span> <span class='ocrx_word' id='word_1_337' title='bbox 274 2422 301 2470; x_wconf 91' lang='lat' dir='ltr'>et</span> <span class='ocrx_word' id='word_1_338' title='bbox 319 2415 432 2485; x_wconf 80' lang='lat' dir='ltr'>fulgura</span> <span class='ocrx_word' id='word_1_339' title='bbox 449 2431 482 2469; x_wconf 92' lang='lat' dir='ltr'>ex</span> <span class='ocrx_word' id='word_1_340' title='bbox 503 2415 591 2484; x_wconf 88' lang='lat' dir='ltr'>pelvi,</span> <span class='ocrx_word' id='word_1_341' title='bbox 619 2415 667 2468; x_wconf 88' lang='lat' dir='ltr'>sed</span> <span class='ocrx_word' id='word_1_342' title='bbox 693 2415 722 2467; x_wconf 90' lang='lat' dir='ltr'>in</span> <span class='ocrx_word' id='word_1_343' title='bbox 739 2414 784 2468; x_wconf 90' lang='lat' dir='ltr'>die</span> <span class='ocrx_word' id='word_1_344' title='bbox 807 2413 907 2484; x_wconf 89' lang='lat' dir='ltr'>judicii</span> <span class='ocrx_word' id='word_1_345' title='bbox 934 2417 1045 2482; x_wconf 80' lang='lat' dir='ltr'>divino,</span> <span class='ocrx_word' id='word_1_346' title='bbox 1073 2434 1145 2485; x_wconf 81' lang='lat' dir='ltr'>qnae</span> <span class='ocrx_word' id='word_1_347' title='bbox 1165 2415 1339 2469; x_wconf 80' lang='lat' dir='ltr'>conservabit</span> <span class='ocrx_word' id='word_1_348' title='bbox 1368 2433 1492 2484; x_wconf 84' lang='lat' dir='ltr'>corpora</span> <span class='ocrx_word' id='word_1_349' title='bbox 1518 2417 1716 2469; x_wconf 83' lang='lat' dir='ltr'>damnatorem</span> <span class='ocrx_word' id='word_1_350' title='bbox 1739 2416 1769 2469; x_wconf 90' lang='lat' dir='ltr'>in</span> 
     </span>
     <span class='ocr_line' id='line_1_25' title="bbox 69 2499 1768 2573; baseline -0.003 -13"><span class='ocrx_word' id='word_1_351' title='bbox 69 2506 98 2560; x_wconf 89' lang='lat' dir='ltr'>in</span> <span class='ocrx_word' id='word_1_352' title='bbox 117 2509 266 2573; x_wconf 89' lang='lat' dir='ltr'>conspectu</span> <span class='ocrx_word' id='word_1_353' title='bbox 285 2502 407 2556; x_wconf 90' lang='lat' dir='ltr'>omnium</span> <span class='ocrx_word' id='word_1_354' title='bbox 429 2501 590 2572; x_wconf 88' lang='lat' dir='ltr'>angelorum</span> <span class='ocrx_word' id='word_1_355' title='bbox 607 2507 634 2553; x_wconf 89' lang='lat' dir='ltr'>et</span> <span class='ocrx_word' id='word_1_356' title='bbox 653 2500 794 2554; x_wconf 90' lang='lat' dir='ltr'>hominum</span> <span class='ocrx_word' id='word_1_357' title='bbox 814 2499 906 2554; x_wconf 91' lang='lat' dir='ltr'>verbis</span> <span class='ocrx_word' id='word_1_358' title='bbox 929 2504 1032 2571; x_wconf 85' lang='lat' dir='ltr'>poenis</span> <span class='ocrx_word' id='word_1_359' title='bbox 1044 2504 1206 2573; x_wconf 50' lang='lat' dir='ltr'>perpetum</span> <span class='ocrx_word' id='word_1_360' title='bbox 1230 2501 1293 2556; x_wconf 90' lang='lat' dir='ltr'>inde</span> <span class='ocrx_word' id='word_1_361' title='bbox 1311 2506 1361 2564; x_wconf 77' lang='lat' dir='ltr'>est,</span> <span class='ocrx_word' id='word_1_362' title='bbox 1381 2504 1458 2570; x_wconf 79' lang='lat' dir='ltr'>qnod</span> <span class='ocrx_word' id='word_1_363' title='bbox 1469 2503 1559 2570; x_wconf 82' lang='lat' dir='ltr'>flatus</span> <span class='ocrx_word' id='word_1_364' title='bbox 1580 2502 1700 2555; x_wconf 85' lang='lat' dir='ltr'>Domini</span> <span class='ocrx_word' id='word_1_365' title='bbox 1715 2504 1768 2555; x_wconf 85' lang='lat' dir='ltr'>ris·</span> 
     </span>
     <span class='ocr_line' id='line_1_26' title="bbox 68 2584 1768 2657; baseline -0.002 -11"><span class='ocrx_word' id='word_1_366' title='bbox 68 2593 128 2647; x_wconf 86' lang='lat' dir='ltr'>suis</span> <span class='ocrx_word' id='word_1_367' title='bbox 147 2589 233 2643; x_wconf 88' lang='lat' dir='ltr'>robur</span> <span class='ocrx_word' id='word_1_368' title='bbox 259 2593 288 2642; x_wconf 93' lang='lat' dir='ltr'>et</span> <span class='ocrx_word' id='word_1_369' title='bbox 306 2585 421 2657; x_wconf 84' lang='lat' dir='ltr'>pondus</span> <span class='ocrx_word' id='word_1_370' title='bbox 441 2587 533 2640; x_wconf 88' lang='lat' dir='ltr'>inesse</span> <span class='ocrx_word' id='word_1_371' title='bbox 557 2584 769 2649; x_wconf 88' lang='lat' dir='ltr'>demonstrabit,</span> <span class='ocrx_word' id='word_1_372' title='bbox 795 2585 907 2657; x_wconf 91' lang='lat' dir='ltr'>quando</span> <span class='ocrx_word' id='word_1_373' title='bbox 933 2598 964 2641; x_wconf 86' lang='lat' dir='ltr'>nt</span> <span class='ocrx_word' id='word_1_374' title='bbox 991 2597 1101 2642; x_wconf 83' lang='lat' dir='ltr'>torrens</span> <span class='ocrx_word' id='word_1_375' title='bbox 1125 2587 1248 2652; x_wconf 78' lang='lat' dir='ltr'>sulfuris</span> <span class='ocrx_word' id='word_1_376' title='bbox 1275 2587 1417 2650; x_wconf 77' lang='lat' dir='ltr'>infernam</span> <span class='ocrx_word' id='word_1_377' title='bbox 1443 2603 1629 2640; x_wconf 71' lang='lat' dir='ltr'>succensurus</span> <span class='ocrx_word' id='word_1_378' title='bbox 1662 2588 1768 2642; x_wconf 82' lang='lat' dir='ltr'>dicitnr</span> 
     </span>
     <span class='ocr_line' id='line_1_27' title="bbox 67 2671 1767 2746; baseline -0.003 -14"><span class='ocrx_word' id='word_1_379' title='bbox 67 2678 105 2732; x_wconf 87' lang='lat' dir='ltr'>ad</span> <span class='ocrx_word' id='word_1_380' title='bbox 123 2675 223 2746; x_wconf 90' lang='lat' dir='ltr'>impios</span> <span class='ocrx_word' id='word_1_381' title='bbox 242 2672 428 2726; x_wconf 88' lang='lat' dir='ltr'>sinistrorsum</span> <span class='ocrx_word' id='word_1_382' title='bbox 446 2671 596 2726; x_wconf 88' lang='lat' dir='ltr'>collocatos</span> <span class='ocrx_word' id='word_1_383' title='bbox 616 2672 706 2727; x_wconf 90' lang='lat' dir='ltr'>dicet:</span> <span class='ocrx_word' id='word_1_384' title='bbox 728 2672 876 2725; x_wconf 81' lang='lat' dir='ltr'>Discedite</span> <span class='ocrx_word' id='word_1_385' title='bbox 888 2689 907 2724; x_wconf 83' lang='lat' dir='ltr'>a</span> <span class='ocrx_word' id='word_1_386' title='bbox 933 2674 996 2728; x_wconf 88' lang='lat' dir='ltr'>Esa.</span> <span class='ocrx_word' id='word_1_387' title='bbox 1020 2680 1060 2743; x_wconf 80' lang='lat'>30,</span> <span class='ocrx_word' id='word_1_388' title='bbox 1080 2693 1104 2727; x_wconf 83' lang='lat' dir='ltr'>r.</span> <span class='ocrx_word' id='word_1_389' title='bbox 1124 2678 1166 2728; x_wconf 86' lang='grc'>33.</span> <span class='ocrx_word' id='word_1_390' title='bbox 1184 2677 1216 2726; x_wconf 90' lang='lat' dir='ltr'>nt</span> <span class='ocrx_word' id='word_1_391' title='bbox 1235 2673 1307 2726; x_wconf 89' lang='lat' dir='ltr'>anim</span> <span class='ocrx_word' id='word_1_392' title='bbox 1332 2671 1422 2725; x_wconf 88' lang='lat' dir='ltr'>sulfur</span> <span class='ocrx_word' id='word_1_393' title='bbox 1447 2673 1577 2726; x_wconf 86' lang='lat' dir='ltr'>torrentis</span> <span class='ocrx_word' id='word_1_394' title='bbox 1602 2678 1767 2743; x_wconf 88' lang='lat' dir='ltr'>perpetuum</span> 
     </span>
     <span class='ocr_line' id='line_1_28' title="bbox 66 2757 1768 2832; baseline -0.002 -15"><span class='ocrx_word' id='word_1_395' title='bbox 66 2780 111 2817; x_wconf 86' lang='lat' dir='ltr'>me</span> <span class='ocrx_word' id='word_1_396' title='bbox 136 2762 282 2815; x_wconf 83' lang='lat' dir='ltr'>maledicti</span> <span class='ocrx_word' id='word_1_397' title='bbox 303 2760 333 2811; x_wconf 88' lang='lat' dir='ltr'>in</span> <span class='ocrx_word' id='word_1_398' title='bbox 358 2760 449 2827; x_wconf 75' lang='lat' dir='ltr'>ipnem</span> <span class='ocrx_word' id='word_1_399' title='bbox 474 2765 617 2811; x_wconf 85' lang='lat' dir='ltr'>aeternam</span> <span class='ocrx_word' id='word_1_400' title='bbox 642 2757 741 2813; x_wconf 88' lang='lat' dir='ltr'>Matth.</span> <span class='ocrx_word' id='word_1_401' title='bbox 760 2763 803 2828; x_wconf 86' lang='grc'>25,</span> <span class='ocrx_word' id='word_1_402' title='bbox 822 2776 846 2811; x_wconf 89' lang='lat' dir='ltr'>v.</span> <span class='ocrx_word' id='word_1_403' title='bbox 866 2763 907 2814; x_wconf 89' lang='grc'>41.</span> <span class='ocrx_word' id='word_1_404' title='bbox 933 2761 1095 2832; x_wconf 88' lang='lat' dir='ltr'>suppeditat</span> <span class='ocrx_word' id='word_1_405' title='bbox 1116 2758 1174 2830; x_wconf 87' lang='lat' dir='ltr'>igni</span> <span class='ocrx_word' id='word_1_406' title='bbox 1198 2759 1410 2824; x_wconf 90' lang='lat' dir='ltr'>nutrimentum,</span> <span class='ocrx_word' id='word_1_407' title='bbox 1432 2774 1467 2812; x_wconf 90' lang='lat' dir='ltr'>ne</span> <span class='ocrx_word' id='word_1_408' title='bbox 1494 2758 1701 2829; x_wconf 78' lang='lat' dir='ltr'>exstinguatur3</span> <span class='ocrx_word' id='word_1_409' title='bbox 1729 2759 1768 2813; x_wconf 90' lang='lat' dir='ltr'>ita</span> 
     </span>
     <span class='ocr_line' id='line_1_29' title="bbox 67 2843 1765 2920; baseline -0.002 -17"><span class='ocrx_word' id='word_1_410' title='bbox 67 2866 153 2920; x_wconf 91' lang='lat' dir='ltr'>quam</span> <span class='ocrx_word' id='word_1_411' title='bbox 170 2845 407 2900; x_wconf 87' lang='lat' dir='ltr'>denuntiationem</span> <span class='ocrx_word' id='word_1_412' title='bbox 433 2843 527 2896; x_wconf 87' lang='lat' dir='ltr'>statim</span> <span class='ocrx_word' id='word_1_413' title='bbox 554 2848 686 2912; x_wconf 87' lang='lat' dir='ltr'>sequetur</span> <span class='ocrx_word' id='word_1_414' title='bbox 713 2843 852 2898; x_wconf 87' lang='lat' dir='ltr'>exsecutio</span> <span class='ocrx_word' id='word_1_415' title='bbox 880 2862 905 2898; x_wconf 87' lang='lat' dir='ltr'>v.</span> <span class='ocrx_word' id='word_1_416' title='bbox 934 2863 1043 2918; x_wconf 89' lang='lat' dir='ltr'>quoque</span> <span class='ocrx_word' id='word_1_417' title='bbox 1061 2845 1178 2899; x_wconf 85' lang='lat' dir='ltr'>vindicis</span> <span class='ocrx_word' id='word_1_418' title='bbox 1197 2844 1250 2898; x_wconf 90' lang='lat' dir='ltr'>Dei</span> <span class='ocrx_word' id='word_1_419' title='bbox 1271 2844 1312 2898; x_wconf 89' lang='lat' dir='ltr'>ira</span> <span class='ocrx_word' id='word_1_420' title='bbox 1330 2860 1393 2897; x_wconf 92' lang='lat' dir='ltr'>cum</span> <span class='ocrx_word' id='word_1_421' title='bbox 1408 2843 1444 2897; x_wconf 88' lang='lat' dir='ltr'>sit</span> <span class='ocrx_word' id='word_1_422' title='bbox 1458 2850 1610 2899; x_wconf 88' lang='lat' dir='ltr'>aeternaet</span> <span class='ocrx_word' id='word_1_423' title='bbox 1624 2861 1765 2916; x_wconf 89' lang='lat' dir='ltr'>nunquam</span> 
     </span>
     <span class='ocr_line' id='line_1_30' title="bbox 66 2928 1766 3001; baseline -0.005 -9"><span class='ocrx_word' id='word_1_424' title='bbox 66 2941 110 2992; x_wconf 88' lang='grc'>46.</span> <span class='ocrx_word' id='word_1_425' title='bbox 129 2935 209 2987; x_wconf 81' lang='lat' dir='ltr'>ibant</span> <span class='ocrx_word' id='word_1_426' title='bbox 226 2933 257 2984; x_wconf 78' lang='lat' dir='ltr'>ln·</span> <span class='ocrx_word' id='word_1_427' title='bbox 273 2932 303 2983; x_wconf 88' lang='lat' dir='ltr'>in</span> <span class='ocrx_word' id='word_1_428' title='bbox 321 2930 492 3000; x_wconf 75' lang='lat' dir='ltr'>suppliciam</span> <span class='ocrx_word' id='word_1_429' title='bbox 510 2937 661 2984; x_wconf 72' lang='lat' dir='ltr'>adernam.</span> <span class='ocrx_word' id='word_1_430' title='bbox 698 2931 731 2982; x_wconf 90' lang='lat' dir='ltr'>In</span> <span class='ocrx_word' id='word_1_431' title='bbox 752 2930 805 2983; x_wconf 89' lang='lat' dir='ltr'>hac</span> <span class='ocrx_word' id='word_1_432' title='bbox 830 2945 905 2983; x_wconf 87' lang='lat' dir='ltr'>exse·</span> <span class='ocrx_word' id='word_1_433' title='bbox 933 2932 1071 2999; x_wconf 90' lang='lat' dir='ltr'>desitura,</span> <span class='ocrx_word' id='word_1_434' title='bbox 1096 2937 1261 3001; x_wconf 90' lang='lat' dir='ltr'>perpetuum</span> <span class='ocrx_word' id='word_1_435' title='bbox 1279 2929 1335 2999; x_wconf 87' lang='lat' dir='ltr'>igni</span> <span class='ocrx_word' id='word_1_436' title='bbox 1356 2928 1485 2983; x_wconf 84' lang='lat' dir='ltr'>infernali</span> <span class='ocrx_word' id='word_1_437' title='bbox 1505 2928 1647 2984; x_wconf 84' lang='lat' dir='ltr'>exhibebit</span> <span class='ocrx_word' id='word_1_438' title='bbox 1663 2929 1766 2984; x_wconf 87' lang='lat' dir='ltr'>famen·</span> 
     </span>
     <span class='ocr_line' id='line_1_31' title="bbox 66 3015 1765 3087; baseline -0.004 -11"><span class='ocrx_word' id='word_1_439' title='bbox 66 3021 189 3076; x_wconf 70' lang='lat' dir='ltr'>cutione*</span> <span class='ocrx_word' id='word_1_440' title='bbox 204 3025 298 3073; x_wconf 91' lang='lat' dir='ltr'>utetur</span> <span class='ocrx_word' id='word_1_441' title='bbox 325 3017 476 3071; x_wconf 88' lang='lat' dir='ltr'>ministerio</span> <span class='ocrx_word' id='word_1_442' title='bbox 504 3017 673 3087; x_wconf 88' lang='lat' dir='ltr'>angelorum,</span> <span class='ocrx_word' id='word_1_443' title='bbox 703 3016 801 3071; x_wconf 88' lang='lat' dir='ltr'>Matth.</span> <span class='ocrx_word' id='word_1_444' title='bbox 824 3021 863 3080; x_wconf 90' lang='grc'>13,</span> <span class='ocrx_word' id='word_1_445' title='bbox 882 3033 904 3071; x_wconf 88' lang='lat' dir='ltr'>v.</span> <span class='ocrx_word' id='word_1_446' title='bbox 933 3024 991 3072; x_wconf 90' lang='lat' dir='ltr'>tum</span> <span class='ocrx_word' id='word_1_447' title='bbox 1019 3025 1047 3072; x_wconf 90' lang='lat' dir='ltr'>et</span> <span class='ocrx_word' id='word_1_448' title='bbox 1071 3017 1283 3078; x_wconf 87' lang='lat' dir='ltr'>nutrimentum,</span> <span class='ocrx_word' id='word_1_449' title='bbox 1307 3032 1342 3068; x_wconf 89' lang='lat' dir='ltr'>ne</span> <span class='ocrx_word' id='word_1_450' title='bbox 1359 3015 1415 3068; x_wconf 92' lang='lat' dir='ltr'>ullo</span> <span class='ocrx_word' id='word_1_451' title='bbox 1439 3031 1561 3084; x_wconf 88' lang='lat' dir='ltr'>anquam</span> <span class='ocrx_word' id='word_1_452' title='bbox 1588 3023 1711 3085; x_wconf 91' lang='lat' dir='ltr'>tempore</span> <span class='ocrx_word' id='word_1_453' title='bbox 1736 3016 1765 3070; x_wconf 93' lang='lat' dir='ltr'>in</span> 
     </span>
     <span class='ocr_line' id='line_1_32' title="bbox 68 3101 1766 3171; baseline -0.006 -5"><span class='ocrx_word' id='word_1_454' title='bbox 68 3116 117 3168; x_wconf 84' lang='lat' dir='ltr'>tt:</span> <span class='ocrx_word' id='word_1_455' title='bbox 149 3108 185 3159; x_wconf 89' lang='lat' dir='ltr'>In</span> <span class='ocrx_word' id='word_1_456' title='bbox 204 3104 439 3158; x_wconf 82' lang='lat' dir='ltr'>consummatione</span> <span class='ocrx_word' id='word_1_457' title='bbox 459 3103 550 3158; x_wconf 78' lang='lat' dir='ltr'>seculi</span> <span class='ocrx_word' id='word_1_458' title='bbox 567 3104 655 3161; x_wconf 87' lang='lat' dir='ltr'>mittet</span> <span class='ocrx_word' id='word_1_459' title='bbox 672 3103 766 3156; x_wconf 82' lang='lat' dir='ltr'>Filius</span> <span class='ocrx_word' id='word_1_460' title='bbox 785 3103 905 3156; x_wconf 84' lang='lat' dir='ltr'>laminis</span> <span class='ocrx_word' id='word_1_461' title='bbox 932 3122 1040 3161; x_wconf 91' lang='lat' dir='ltr'>omnem</span> <span class='ocrx_word' id='word_1_462' title='bbox 1060 3103 1250 3159; x_wconf 84' lang='lat' dir='ltr'>aeternitatem</span> <span class='ocrx_word' id='word_1_463' title='bbox 1270 3101 1477 3171; x_wconf 79' lang='lat' dir='ltr'>exstinguatur3</span> <span class='ocrx_word' id='word_1_464' title='bbox 1503 3104 1535 3153; x_wconf 91' lang='lat' dir='ltr'>ut</span> <span class='ocrx_word' id='word_1_465' title='bbox 1557 3103 1624 3165; x_wconf 78' lang='lat' dir='ltr'>fons</span> <span class='ocrx_word' id='word_1_466' title='bbox 1650 3103 1723 3155; x_wconf 84' lang='lat' dir='ltr'>sitae</span> <span class='ocrx_word' id='word_1_467' title='bbox 1748 3119 1766 3155; x_wconf 90' lang='lat' dir='ltr'>a</span> 
     </span>
     <span class='ocr_line' id='line_1_33' title="bbox 67 3186 1765 3264; baseline -0.004 -15"><span class='ocrx_word' id='word_1_468' title='bbox 67 3195 185 3264; x_wconf 76' lang='lat' dir='ltr'>ampelos</span> <span class='ocrx_word' id='word_1_469' title='bbox 203 3209 277 3258; x_wconf 75' lang='lat' dir='ltr'>mos,</span> <span class='ocrx_word' id='word_1_470' title='bbox 293 3197 319 3243; x_wconf 92' lang='lat' dir='ltr'>et</span> <span class='ocrx_word' id='word_1_471' title='bbox 337 3191 470 3257; x_wconf 78' lang='lat' dir='ltr'>collipent</span> <span class='ocrx_word' id='word_1_472' title='bbox 489 3193 524 3242; x_wconf 86' lang='lat' dir='ltr'>de</span> <span class='ocrx_word' id='word_1_473' title='bbox 544 3207 630 3258; x_wconf 76' lang='lat' dir='ltr'>repno</span> <span class='ocrx_word' id='word_1_474' title='bbox 643 3191 704 3258; x_wconf 85' lang='lat' dir='ltr'>ejus</span> <span class='ocrx_word' id='word_1_475' title='bbox 720 3190 903 3243; x_wconf 87' lang='lat' dir='ltr'>omniascan·</span> <span class='ocrx_word' id='word_1_476' title='bbox 931 3192 997 3245; x_wconf 88' lang='lat' dir='ltr'>sede</span> <span class='ocrx_word' id='word_1_477' title='bbox 1026 3190 1079 3244; x_wconf 87' lang='lat' dir='ltr'>Dei</span> <span class='ocrx_word' id='word_1_478' title='bbox 1109 3190 1136 3242; x_wconf 93' lang='lat' dir='ltr'>in</span> <span class='ocrx_word' id='word_1_479' title='bbox 1165 3187 1312 3242; x_wconf 87' lang='lat' dir='ltr'>coelestem</span> <span class='ocrx_word' id='word_1_480' title='bbox 1340 3186 1560 3256; x_wconf 86' lang='lat' dir='ltr'>Hierosolymam</span> <span class='ocrx_word' id='word_1_481' title='bbox 1588 3188 1701 3256; x_wconf 86' lang='lat' dir='ltr'>profluit</span> <span class='ocrx_word' id='word_1_482' title='bbox 1728 3189 1765 3242; x_wconf 89' lang='lat' dir='ltr'>ad</span> 
     </span>
     <span class='ocr_line' id='line_1_34' title="bbox 67 3273 1763 3346; baseline -0.004 -11"><span class='ocrx_word' id='word_1_483' title='bbox 67 3282 140 3335; x_wconf 80' lang='lat' dir='ltr'>dala</span> <span class='ocrx_word' id='word_1_484' title='bbox 160 3288 187 3333; x_wconf 88' lang='lat' dir='ltr'>et</span> <span class='ocrx_word' id='word_1_485' title='bbox 206 3295 260 3341; x_wconf 86' lang='lat' dir='ltr'>eos,</span> <span class='ocrx_word' id='word_1_486' title='bbox 279 3277 328 3346; x_wconf 81' lang='lat' dir='ltr'>qni</span> <span class='ocrx_word' id='word_1_487' title='bbox 339 3277 458 3346; x_wconf 84' lang='lat' dir='ltr'>saciant</span> <span class='ocrx_word' id='word_1_488' title='bbox 474 3277 664 3345; x_wconf 79' lang='lat' dir='ltr'>iniquitatem,</span> <span class='ocrx_word' id='word_1_489' title='bbox 691 3293 716 3328; x_wconf 95' lang='lat' dir='ltr'>v.</span> <span class='ocrx_word' id='word_1_490' title='bbox 735 3280 777 3330; x_wconf 91' lang='grc'>42.</span> <span class='ocrx_word' id='word_1_491' title='bbox 798 3283 824 3327; x_wconf 87' lang='lat' dir='ltr'>st</span> <span class='ocrx_word' id='word_1_492' title='bbox 840 3275 904 3326; x_wconf 89' lang='lat' dir='ltr'>mit·</span> <span class='ocrx_word' id='word_1_493' title='bbox 930 3276 1135 3331; x_wconf 83' lang='lat' dir='ltr'>laetificandam</span> <span class='ocrx_word' id='word_1_494' title='bbox 1153 3274 1294 3329; x_wconf 88' lang='lat' dir='ltr'>civitatem</span> <span class='ocrx_word' id='word_1_495' title='bbox 1314 3274 1368 3327; x_wconf 92' lang='lat' dir='ltr'>Dei</span> <span class='ocrx_word' id='word_1_496' title='bbox 1386 3279 1413 3326; x_wconf 89' lang='lat' dir='ltr'>et</span> <span class='ocrx_word' id='word_1_497' title='bbox 1432 3273 1649 3328; x_wconf 88' lang='lat' dir='ltr'>conservandam</span> <span class='ocrx_word' id='word_1_498' title='bbox 1668 3274 1763 3329; x_wconf 88' lang='lat' dir='ltr'>beato·</span> 
     </span>
     <span class='ocr_line' id='line_1_35' title="bbox 65 3358 1763 3431; baseline -0.004 -10"><span class='ocrx_word' id='word_1_499' title='bbox 65 3375 123 3423; x_wconf 85' lang='lat' dir='ltr'>tent</span> <span class='ocrx_word' id='word_1_500' title='bbox 140 3383 187 3421; x_wconf 83' lang='lat' dir='ltr'>eos</span> <span class='ocrx_word' id='word_1_501' title='bbox 213 3366 243 3418; x_wconf 87' lang='lat' dir='ltr'>in</span> <span class='ocrx_word' id='word_1_502' title='bbox 261 3364 400 3417; x_wconf 86' lang='lat' dir='ltr'>caminum</span> <span class='ocrx_word' id='word_1_503' title='bbox 424 3363 506 3431; x_wconf 76' lang='lat' dir='ltr'>ipnis.</span> <span class='ocrx_word' id='word_1_504' title='bbox 542 3361 660 3425; x_wconf 84' lang='lat' dir='ltr'>Quidam</span> <span class='ocrx_word' id='word_1_505' title='bbox 687 3361 738 3415; x_wconf 91' lang='lat' dir='ltr'>hoc</span> <span class='ocrx_word' id='word_1_506' title='bbox 763 3361 904 3431; x_wconf 91' lang='lat' dir='ltr'>accipiunt</span> <span class='ocrx_word' id='word_1_507' title='bbox 930 3382 990 3418; x_wconf 90' lang='lat' dir='ltr'>rum</span> <span class='ocrx_word' id='word_1_508' title='bbox 1008 3362 1123 3431; x_wconf 87' lang='lat' dir='ltr'>gloriam</span> <span class='ocrx_word' id='word_1_509' title='bbox 1145 3361 1173 3413; x_wconf 91' lang='lat' dir='ltr'>in</span> <span class='ocrx_word' id='word_1_510' title='bbox 1191 3365 1326 3429; x_wconf 86' lang='lat' dir='ltr'>perpetua</span> <span class='ocrx_word' id='word_1_511' title='bbox 1344 3358 1485 3412; x_wconf 86' lang='lat' dir='ltr'>viriditate</span> <span class='ocrx_word' id='word_1_512' title='bbox 1503 3358 1618 3428; x_wconf 87' lang='lat' dir='ltr'>Apoeal.</span> <span class='ocrx_word' id='word_1_513' title='bbox 1632 3364 1673 3426; x_wconf 93' lang='grc'>22,</span> <span class='ocrx_word' id='word_1_514' title='bbox 1695 3376 1720 3410; x_wconf 88' lang='lat' dir='ltr'>v.</span> <span class='ocrx_word' id='word_1_515' title='bbox 1742 3367 1763 3419; x_wconf 85' lang='lat' dir='ltr'>l.</span> 
     </span>
     <span class='ocr_line' id='line_1_36' title="bbox 67 3444 1763 3520; baseline -0.006 -13"><span class='ocrx_word' id='word_1_516' title='bbox 67 3455 104 3508; x_wconf 89' lang='lat' dir='ltr'>de</span> <span class='ocrx_word' id='word_1_517' title='bbox 123 3451 233 3520; x_wconf 67' lang='lat' dir='ltr'>angelis</span> <span class='ocrx_word' id='word_1_518' title='bbox 252 3451 338 3513; x_wconf 79' lang='lat' dir='ltr'>lonis,</span> <span class='ocrx_word' id='word_1_519' title='bbox 357 3449 423 3520; x_wconf 90' lang='lat' dir='ltr'>quia</span> <span class='ocrx_word' id='word_1_520' title='bbox 443 3450 574 3502; x_wconf 89' lang='lat' dir='ltr'>dicuntur</span> <span class='ocrx_word' id='word_1_521' title='bbox 592 3449 690 3518; x_wconf 78' lang='lat' dir='ltr'>ampeli</span> <span class='ocrx_word' id='word_1_522' title='bbox 709 3448 823 3510; x_wconf 81' lang='lat' dir='ltr'>Christi,</span> <span class='ocrx_word' id='word_1_523' title='bbox 840 3464 902 3501; x_wconf 91' lang='lat' dir='ltr'>cum</span> <span class='ocrx_word' id='word_1_524' title='bbox 929 3449 970 3502; x_wconf 90' lang='lat' dir='ltr'>sic</span> <span class='ocrx_word' id='word_1_525' title='bbox 987 3457 1098 3502; x_wconf 85' lang='lat' dir='ltr'>torrens</span> <span class='ocrx_word' id='word_1_526' title='bbox 1114 3446 1236 3508; x_wconf 76' lang='lat' dir='ltr'>sulfuris</span> <span class='ocrx_word' id='word_1_527' title='bbox 1253 3462 1270 3499; x_wconf 92' lang='lat' dir='ltr'>a</span> <span class='ocrx_word' id='word_1_528' title='bbox 1290 3444 1343 3499; x_wconf 89' lang='lat' dir='ltr'>Dei</span> <span class='ocrx_word' id='word_1_529' title='bbox 1369 3444 1439 3497; x_wconf 88' lang='lat' dir='ltr'>flatu</span> <span class='ocrx_word' id='word_1_530' title='bbox 1462 3451 1602 3514; x_wconf 87' lang='lat' dir='ltr'>erumpet,</span> <span class='ocrx_word' id='word_1_531' title='bbox 1629 3445 1676 3515; x_wconf 86' lang='lat' dir='ltr'>qui</span> <span class='ocrx_word' id='word_1_532' title='bbox 1704 3461 1763 3514; x_wconf 87' lang='lat' dir='ltr'>per·</span> 
     </span>
     <span class='ocr_line' id='line_1_37' title="bbox 64 3520 1761 3605; baseline -0.006 -11"><span class='ocrx_word' id='word_1_533' title='bbox 64 3545 163 3594; x_wconf 90' lang='lat' dir='ltr'>contra</span> <span class='ocrx_word' id='word_1_534' title='bbox 182 3536 248 3591; x_wconf 91' lang='lat' dir='ltr'>mali</span> <span class='ocrx_word' id='word_1_535' title='bbox 267 3535 396 3589; x_wconf 86' lang='lat' dir='ltr'>dicantur</span> <span class='ocrx_word' id='word_1_536' title='bbox 412 3536 509 3602; x_wconf 77' lang='lat' dir='ltr'>ampeli</span> <span class='ocrx_word' id='word_1_537' title='bbox 529 3535 639 3588; x_wconf 83' lang='lat' dir='ltr'>diaboli</span> <span class='ocrx_word' id='word_1_538' title='bbox 656 3520 754 3587; x_wconf 80' lang='lat' dir='ltr'>Matth.</span> <span class='ocrx_word' id='word_1_539' title='bbox 768 3539 808 3601; x_wconf 87' lang='grc'>25,</span> <span class='ocrx_word' id='word_1_540' title='bbox 822 3551 847 3588; x_wconf 89' lang='lat' dir='ltr'>v.</span> <span class='ocrx_word' id='word_1_541' title='bbox 861 3539 902 3588; x_wconf 83' lang='lat' dir='ltr'>tt.</span> <span class='ocrx_word' id='word_1_542' title='bbox 929 3542 1013 3605; x_wconf 90' lang='lat' dir='ltr'>petuo</span> <span class='ocrx_word' id='word_1_543' title='bbox 1031 3535 1096 3604; x_wconf 83' lang='lat' dir='ltr'>igne</span> <span class='ocrx_word' id='word_1_544' title='bbox 1115 3534 1259 3587; x_wconf 87' lang='lat' dir='ltr'>damnatos</span> <span class='ocrx_word' id='word_1_545' title='bbox 1276 3531 1304 3584; x_wconf 91' lang='lat' dir='ltr'>in</span> <span class='ocrx_word' id='word_1_546' title='bbox 1322 3537 1464 3585; x_wconf 87' lang='lat' dir='ltr'>aeternum</span> <span class='ocrx_word' id='word_1_547' title='bbox 1480 3529 1622 3583; x_wconf 88' lang='lat' dir='ltr'>cruciabit.</span> <span class='ocrx_word' id='word_1_548' title='bbox 1659 3531 1761 3585; x_wconf 88' lang='lat' dir='ltr'>Psalm.</span> 
     </span>
     <span class='ocr_line' id='line_1_38' title="bbox 66 3617 1761 3696; baseline -0.003 -19"><span class='ocrx_word' id='word_1_549' title='bbox 66 3627 155 3696; x_wconf 85' lang='lat' dir='ltr'>Apoc.</span> <span class='ocrx_word' id='word_1_550' title='bbox 173 3627 211 3688; x_wconf 91' lang='grc'>12,</span> <span class='ocrx_word' id='word_1_551' title='bbox 223 3639 248 3676; x_wconf 90' lang='lat' dir='ltr'>v.</span> <span class='ocrx_word' id='word_1_552' title='bbox 261 3629 285 3677; x_wconf 81' lang='lat' dir='ltr'>t.</span> <span class='ocrx_word' id='word_1_553' title='bbox 304 3627 332 3676; x_wconf 89' lang='lat' dir='ltr'>et</span> <span class='ocrx_word' id='word_1_554' title='bbox 353 3621 419 3692; x_wconf 85' lang='lat' dir='ltr'>quia</span> <span class='ocrx_word' id='word_1_555' title='bbox 438 3620 618 3688; x_wconf 78' lang='lat' dir='ltr'>conprepatio</span> <span class='ocrx_word' id='word_1_556' title='bbox 638 3621 787 3673; x_wconf 83' lang='lat' dir='ltr'>electorum</span> <span class='ocrx_word' id='word_1_557' title='bbox 800 3639 818 3672; x_wconf 90' lang='lat' dir='ltr'>a</span> <span class='ocrx_word' id='word_1_558' title='bbox 835 3639 903 3690; x_wconf 74' lang='lat' dir='ltr'>orsa·</span> <span class='ocrx_word' id='word_1_559' title='bbox 931 3629 971 3690; x_wconf 83' lang='lat'>75,</span> <span class='ocrx_word' id='word_1_560' title='bbox 990 3639 1015 3674; x_wconf 90' lang='lat' dir='ltr'>v.</span> <span class='ocrx_word' id='word_1_561' title='bbox 1034 3626 1059 3676; x_wconf 78' lang='grc'>9.</span> <span class='ocrx_word' id='word_1_562' title='bbox 1085 3619 1215 3674; x_wconf 89' lang='lat' dir='ltr'>dicuntur</span> <span class='ocrx_word' id='word_1_563' title='bbox 1238 3618 1314 3688; x_wconf 90' lang='lat' dir='ltr'>impii</span> <span class='ocrx_word' id='word_1_564' title='bbox 1334 3618 1429 3678; x_wconf 79' lang='lat' dir='ltr'>faeces</span> <span class='ocrx_word' id='word_1_565' title='bbox 1448 3617 1514 3669; x_wconf 82' lang='lat' dir='ltr'>irae&#39;</span> <span class='ocrx_word' id='word_1_566' title='bbox 1534 3617 1648 3671; x_wconf 88' lang='lat' dir='ltr'>divinae</span> <span class='ocrx_word' id='word_1_567' title='bbox 1671 3619 1761 3672; x_wconf 83' lang='lat' dir='ltr'>sorbi-</span> 
     </span>
     <span class='ocr_line' id='line_1_39' title="bbox 65 3704 1762 3779; baseline -0.004 -13"><span class='ocrx_word' id='word_1_568' title='bbox 65 3721 130 3766; x_wconf 82' lang='lat' dir='ltr'>tuor</span> <span class='ocrx_word' id='word_1_569' title='bbox 152 3710 242 3764; x_wconf 70' lang='lat' dir='ltr'>ventes</span> <span class='ocrx_word' id='word_1_570' title='bbox 267 3710 387 3778; x_wconf 87' lang='lat' dir='ltr'>ipsoram</span> <span class='ocrx_word' id='word_1_571' title='bbox 413 3706 563 3760; x_wconf 79' lang='lat' dir='ltr'>ministerio</span> <span class='ocrx_word' id='word_1_572' title='bbox 583 3705 715 3760; x_wconf 88' lang='lat' dir='ltr'>tribuitur</span> <span class='ocrx_word' id='word_1_573' title='bbox 742 3705 840 3760; x_wconf 90' lang='lat' dir='ltr'>Matth.</span> <span class='ocrx_word' id='word_1_574' title='bbox 860 3710 901 3770; x_wconf 91' lang='grc'>24,</span> <span class='ocrx_word' id='word_1_575' title='bbox 929 3710 1000 3772; x_wconf 87' lang='lat' dir='ltr'>tari,</span> <span class='ocrx_word' id='word_1_576' title='bbox 1027 3707 1092 3779; x_wconf 89' lang='lat' dir='ltr'>quia</span> <span class='ocrx_word' id='word_1_577' title='bbox 1112 3722 1176 3760; x_wconf 90' lang='lat' dir='ltr'>vero</span> <span class='ocrx_word' id='word_1_578' title='bbox 1196 3706 1237 3759; x_wconf 89' lang='lat' dir='ltr'>ira</span> <span class='ocrx_word' id='word_1_579' title='bbox 1254 3705 1301 3758; x_wconf 93' lang='lat' dir='ltr'>illa</span> <span class='ocrx_word' id='word_1_580' title='bbox 1321 3710 1363 3759; x_wconf 87' lang='lat' dir='ltr'>est</span> <span class='ocrx_word' id='word_1_581' title='bbox 1386 3712 1513 3774; x_wconf 89' lang='lat' dir='ltr'>aeterna,</span> <span class='ocrx_word' id='word_1_582' title='bbox 1534 3704 1597 3759; x_wconf 89' lang='lat' dir='ltr'>ideo</span> <span class='ocrx_word' id='word_1_583' title='bbox 1622 3721 1669 3759; x_wconf 88' lang='lat' dir='ltr'>eas</span> <span class='ocrx_word' id='word_1_584' title='bbox 1693 3722 1762 3759; x_wconf 90' lang='lat' dir='ltr'>nnn-</span> 
     </span>
     <span class='ocr_line' id='line_1_40' title="bbox 65 3788 1763 3866; baseline -0.004 -14"><span class='ocrx_word' id='word_1_585' title='bbox 65 3816 89 3852; x_wconf 81' lang='lat' dir='ltr'>r.</span> <span class='ocrx_word' id='word_1_586' title='bbox 111 3802 151 3852; x_wconf 89' lang='grc'>31.</span> <span class='ocrx_word' id='word_1_587' title='bbox 182 3794 302 3864; x_wconf 91' lang='lat' dir='ltr'>denique</span> <span class='ocrx_word' id='word_1_588' title='bbox 328 3793 394 3864; x_wconf 89' lang='lat' dir='ltr'>quia</span> <span class='ocrx_word' id='word_1_589' title='bbox 419 3793 500 3847; x_wconf 87' lang='lat' dir='ltr'>etiam</span> <span class='ocrx_word' id='word_1_590' title='bbox 528 3792 639 3845; x_wconf 80' lang='lat' dir='ltr'>diaboli</span> <span class='ocrx_word' id='word_1_591' title='bbox 664 3794 849 3844; x_wconf 71' lang='lat' dir='ltr'>(innodentur</span> <span class='ocrx_word' id='word_1_592' title='bbox 873 3792 902 3844; x_wconf 90' lang='lat' dir='ltr'>in</span> <span class='ocrx_word' id='word_1_593' title='bbox 930 3812 1012 3866; x_wconf 87' lang='lat' dir='ltr'>qnam</span> <span class='ocrx_word' id='word_1_594' title='bbox 1031 3792 1176 3849; x_wconf 86' lang='lat' dir='ltr'>exsorbere</span> <span class='ocrx_word' id='word_1_595' title='bbox 1194 3797 1223 3845; x_wconf 93' lang='lat' dir='ltr'>et</span> <span class='ocrx_word' id='word_1_596' title='bbox 1240 3790 1371 3861; x_wconf 90' lang='lat' dir='ltr'>poculum</span> <span class='ocrx_word' id='word_1_597' title='bbox 1384 3789 1453 3844; x_wconf 90' lang='lat' dir='ltr'>illud</span> <span class='ocrx_word' id='word_1_598' title='bbox 1473 3788 1525 3842; x_wconf 90' lang='lat' dir='ltr'>sibi</span> <span class='ocrx_word' id='word_1_599' title='bbox 1544 3790 1763 3846; x_wconf 88' lang='lat' dir='ltr'>exhauriendum</span> 
     </span>
     <span class='ocr_line' id='line_1_41' title="bbox 64 3875 1764 3951; baseline -0.003 -13"><span class='ocrx_word' id='word_1_600' title='bbox 64 3886 219 3951; x_wconf 76' lang='lat' dir='ltr'>infernam,</span> <span class='ocrx_word' id='word_1_601' title='bbox 237 3881 334 3950; x_wconf 87' lang='lat' dir='ltr'>utique</span> <span class='ocrx_word' id='word_1_602' title='bbox 352 3896 407 3933; x_wconf 90' lang='lat' dir='ltr'>non</span> <span class='ocrx_word' id='word_1_603' title='bbox 428 3896 446 3933; x_wconf 90' lang='lat' dir='ltr'>s</span> <span class='ocrx_word' id='word_1_604' title='bbox 464 3878 547 3932; x_wconf 88' lang='lat' dir='ltr'>sociis</span> <span class='ocrx_word' id='word_1_605' title='bbox 565 3879 631 3942; x_wconf 88' lang='lat' dir='ltr'>suis,</span> <span class='ocrx_word' id='word_1_606' title='bbox 651 3878 700 3932; x_wconf 87' lang='lat' dir='ltr'>sed</span> <span class='ocrx_word' id='word_1_607' title='bbox 722 3877 836 3932; x_wconf 89' lang='lat' dir='ltr'>abonis</span> <span class='ocrx_word' id='word_1_608' title='bbox 854 3894 900 3931; x_wconf 89' lang='lat' dir='ltr'>an·</span> <span class='ocrx_word' id='word_1_609' title='bbox 929 3895 1063 3935; x_wconf 89' lang='lat' dir='ltr'>evacuare</span> <span class='ocrx_word' id='word_1_610' title='bbox 1083 3883 1221 3948; x_wconf 90' lang='lat' dir='ltr'>potarunt,</span> <span class='ocrx_word' id='word_1_611' title='bbox 1239 3892 1294 3946; x_wconf 88' lang='lat' dir='ltr'>qua</span> <span class='ocrx_word' id='word_1_612' title='bbox 1314 3876 1348 3929; x_wconf 87' lang='lat' dir='ltr'>de</span> <span class='ocrx_word' id='word_1_613' title='bbox 1369 3893 1399 3931; x_wconf 92' lang='lat' dir='ltr'>re</span> <span class='ocrx_word' id='word_1_614' title='bbox 1418 3875 1446 3929; x_wconf 91' lang='lat' dir='ltr'>in</span> <span class='ocrx_word' id='word_1_615' title='bbox 1466 3876 1628 3946; x_wconf 89' lang='lat' dir='ltr'>quaestione</span> <span class='ocrx_word' id='word_1_616' title='bbox 1646 3877 1681 3931; x_wconf 89' lang='lat' dir='ltr'>de</span> <span class='ocrx_word' id='word_1_617' title='bbox 1700 3895 1764 3948; x_wconf 88' lang='lat' dir='ltr'>poe·</span> 
     </span>
     <span class='ocr_line' id='line_1_42' title="bbox 66 3961 1666 4041; baseline -0.005 -18"><span class='ocrx_word' id='word_1_618' title='bbox 66 3968 136 4041; x_wconf 90' lang='lat' dir='ltr'>gelis</span> <span class='ocrx_word' id='word_1_619' title='bbox 154 3969 241 4037; x_wconf 89' lang='lat' dir='ltr'>Apoc.</span> <span class='ocrx_word' id='word_1_620' title='bbox 263 3972 304 4030; x_wconf 92' lang='grc'>20,</span> <span class='ocrx_word' id='word_1_621' title='bbox 324 3983 351 4021; x_wconf 93' lang='lat' dir='ltr'>v.</span> <span class='ocrx_word' id='word_1_622' title='bbox 372 3971 396 4020; x_wconf 81' lang='lat'>³.</span> <span class='ocrx_word' id='word_1_623' title='bbox 415 3964 529 4036; x_wconf 87' lang='lat' dir='ltr'>qnidam</span> <span class='ocrx_word' id='word_1_624' title='bbox 549 3980 614 4018; x_wconf 91' lang='lat' dir='ltr'>vero</span> <span class='ocrx_word' id='word_1_625' title='bbox 633 3963 667 4017; x_wconf 90' lang='lat' dir='ltr'>de</span> <span class='ocrx_word' id='word_1_626' title='bbox 681 3963 773 4033; x_wconf 85' lang='lat' dir='ltr'>malis,</span> <span class='ocrx_word' id='word_1_627' title='bbox 794 3964 842 4033; x_wconf 90' lang='lat' dir='ltr'>qui</span> <span class='ocrx_word' id='word_1_628' title='bbox 855 3963 901 4018; x_wconf 87' lang='lat' dir='ltr'>ab·</span> <span class='ocrx_word' id='word_1_629' title='bbox 930 3983 1027 4021; x_wconf 89' lang='lat' dir='ltr'>narum</span> <span class='ocrx_word' id='word_1_630' title='bbox 1045 3963 1222 4018; x_wconf 89' lang='lat' dir='ltr'>infernalium</span> <span class='ocrx_word' id='word_1_631' title='bbox 1241 3961 1405 4017; x_wconf 85' lang='lat' dir='ltr'>aeternitate</span> <span class='ocrx_word' id='word_1_632' title='bbox 1420 3962 1531 4017; x_wconf 87' lang='lat' dir='ltr'>uberius</span> <span class='ocrx_word' id='word_1_633' title='bbox 1552 3962 1666 4016; x_wconf 89' lang='lat' dir='ltr'>dicetur.</span> 
     </span>
     <span class='ocr_line' id='line_1_43' title="bbox 66 4048 1764 4125; baseline -0.004 -16"><span class='ocrx_word' id='word_1_634' title='bbox 66 4054 158 4109; x_wconf 89' lang='lat' dir='ltr'>solute</span> <span class='ocrx_word' id='word_1_635' title='bbox 177 4052 236 4107; x_wconf 89' lang='lat' dir='ltr'>sine</span> <span class='ocrx_word' id='word_1_636' title='bbox 256 4051 350 4105; x_wconf 88' lang='lat' dir='ltr'>addito</span> <span class='ocrx_word' id='word_1_637' title='bbox 369 4054 582 4125; x_wconf 75' lang='grc' dir='ltr'><strong><em>προςδιορισμῴ</em></strong></span> <span class='ocrx_word' id='word_1_638' title='bbox 601 4050 629 4103; x_wconf 91' lang='lat' dir='ltr'>in</span> <span class='ocrx_word' id='word_1_639' title='bbox 648 4049 797 4120; x_wconf 89' lang='lat' dir='ltr'>Scripturis</span> <span class='ocrx_word' id='word_1_640' title='bbox 817 4064 903 4119; x_wconf 90' lang='lat' dir='ltr'>quan·</span> <span class='ocrx_word' id='word_1_641' title='bbox 965 4056 1005 4108; x_wconf 85' lang='grc'>32,</span> <span class='ocrx_word' id='word_1_642' title='bbox 1040 4049 1125 4104; x_wconf 88' lang='lat' dir='ltr'>Hisce</span> <span class='ocrx_word' id='word_1_643' title='bbox 1152 4055 1272 4119; x_wconf 90' lang='lat' dir='ltr'>quatuor</span> <span class='ocrx_word' id='word_1_644' title='bbox 1298 4048 1386 4102; x_wconf 85' lang='lat' dir='ltr'>modis</span> <span class='ocrx_word' id='word_1_645' title='bbox 1409 4049 1491 4118; x_wconf 90' lang='lat' dir='ltr'>juxta</span> <span class='ocrx_word' id='word_1_646' title='bbox 1515 4048 1579 4102; x_wconf 88' lang='lat' dir='ltr'>fidei</span> <span class='ocrx_word' id='word_1_647' title='bbox 1608 4049 1764 4120; x_wconf 89' lang='lat' dir='ltr'>analogiam</span> 
     </span>
     <span class='ocr_line' id='line_1_44' title="bbox 66 4133 1763 4211; baseline -0.005 -16"><span class='ocrx_word' id='word_1_648' title='bbox 66 4141 159 4211; x_wconf 88' lang='lat' dir='ltr'>doque</span> <span class='ocrx_word' id='word_1_649' title='bbox 177 4139 308 4193; x_wconf 91' lang='lat' dir='ltr'>dicuntur</span> <span class='ocrx_word' id='word_1_650' title='bbox 335 4137 432 4206; x_wconf 78' lang='lat' dir='ltr'>onpeli</span> <span class='ocrx_word' id='word_1_651' title='bbox 459 4135 555 4190; x_wconf 82' lang='lat' dir='ltr'>Actor.</span> <span class='ocrx_word' id='word_1_652' title='bbox 574 4141 615 4204; x_wconf 83' lang='lat'>23,</span> <span class='ocrx_word' id='word_1_653' title='bbox 635 4154 660 4189; x_wconf 94' lang='lat' dir='ltr'>v.</span> <span class='ocrx_word' id='word_1_654' title='bbox 680 4142 702 4190; x_wconf 82' lang='lat'>8.</span> <span class='ocrx_word' id='word_1_655' title='bbox 737 4135 814 4190; x_wconf 83' lang='lat' dir='ltr'>Rom.</span> <span class='ocrx_word' id='word_1_656' title='bbox 834 4141 858 4199; x_wconf 84' lang='lat'>8,</span> <span class='ocrx_word' id='word_1_657' title='bbox 877 4151 903 4191; x_wconf 91' lang='lat' dir='ltr'>v.</span> <span class='ocrx_word' id='word_1_658' title='bbox 931 4136 1062 4207; x_wconf 87' lang='lat' dir='ltr'>expositis</span> <span class='ocrx_word' id='word_1_659' title='bbox 1081 4136 1140 4188; x_wconf 90' lang='lat' dir='ltr'>Dei</span> <span class='ocrx_word' id='word_1_660' title='bbox 1155 4135 1277 4187; x_wconf 80' lang='lat' dir='ltr'>vindicis</span> <span class='ocrx_word' id='word_1_661' title='bbox 1296 4135 1342 4188; x_wconf 85' lang='lat' dir='ltr'>ira</span> <span class='ocrx_word' id='word_1_662' title='bbox 1356 4135 1447 4188; x_wconf 88' lang='lat' dir='ltr'>causis</span> <span class='ocrx_word' id='word_1_663' title='bbox 1464 4133 1563 4188; x_wconf 87' lang='lat' dir='ltr'>inferni</span> <span class='ocrx_word' id='word_1_664' title='bbox 1579 4141 1763 4189; x_wconf 88' lang='lat' dir='ltr'>enumeratur.</span> 
     </span>
     <span class='ocr_line' id='line_1_45' title="bbox 66 4216 1764 4290; baseline -0.005 -9"><span class='ocrx_word' id='word_1_665' title='bbox 66 4232 107 4284; x_wconf 81' lang='grc'>38.</span> <span class='ocrx_word' id='word_1_666' title='bbox 131 4233 153 4281; x_wconf 94' lang='grc'>1.</span> <span class='ocrx_word' id='word_1_667' title='bbox 175 4226 235 4279; x_wconf 88' lang='lat' dir='ltr'>Cor.</span> <span class='ocrx_word' id='word_1_668' title='bbox 257 4229 281 4288; x_wconf 85' lang='grc'>6,</span> <span class='ocrx_word' id='word_1_669' title='bbox 301 4242 326 4278; x_wconf 94' lang='lat' dir='ltr'>v.</span> <span class='ocrx_word' id='word_1_670' title='bbox 350 4228 372 4277; x_wconf 90' lang='grc'>3.</span> <span class='ocrx_word' id='word_1_671' title='bbox 409 4222 516 4278; x_wconf 84' lang='lat' dir='ltr'>Neutra</span> <span class='ocrx_word' id='word_1_672' title='bbox 534 4221 724 4290; x_wconf 86' lang='lat' dir='ltr'>interpretatio</span> <span class='ocrx_word' id='word_1_673' title='bbox 748 4220 814 4275; x_wconf 89' lang='lat' dir='ltr'>fidei</span> <span class='ocrx_word' id='word_1_674' title='bbox 838 4236 903 4275; x_wconf 88' lang='lat' dir='ltr'>ana·</span> <span class='ocrx_word' id='word_1_675' title='bbox 930 4224 986 4290; x_wconf 86' lang='lat' dir='ltr'>Qui</span> <span class='ocrx_word' id='word_1_676' title='bbox 1004 4222 1141 4275; x_wconf 89' lang='lat' dir='ltr'>infernum</span> <span class='ocrx_word' id='word_1_677' title='bbox 1163 4225 1289 4274; x_wconf 85' lang='lat' dir='ltr'>statuunt</span> <span class='ocrx_word' id='word_1_678' title='bbox 1308 4237 1367 4274; x_wconf 87' lang='lat' dir='ltr'>esse</span> <span class='ocrx_word' id='word_1_679' title='bbox 1384 4216 1441 4273; x_wconf 81' lang='lat' dir='ltr'>noi</span> <span class='ocrx_word' id='word_1_680' title='bbox 1459 4219 1573 4289; x_wconf 89' lang='lat' dir='ltr'>aliquod</span> <span class='ocrx_word' id='word_1_681' title='bbox 1593 4226 1715 4272; x_wconf 88' lang='lat' dir='ltr'>creatum</span> <span class='ocrx_word' id='word_1_682' title='bbox 1736 4226 1764 4272; x_wconf 90' lang='lat' dir='ltr'>et</span> 
     </span>
     <span class='ocr_line' id='line_1_46' title="bbox 65 4305 1762 4384; baseline -0.004 -18"><span class='ocrx_word' id='word_1_683' title='bbox 65 4312 157 4384; x_wconf 87' lang='lat' dir='ltr'>logiae</span> <span class='ocrx_word' id='word_1_684' title='bbox 175 4321 320 4381; x_wconf 84' lang='lat' dir='ltr'>repugnat.</span> <span class='ocrx_word' id='word_1_685' title='bbox 357 4307 531 4379; x_wconf 82' lang='lat' dir='ltr'>Augustinus</span> <span class='ocrx_word' id='word_1_686' title='bbox 559 4306 605 4361; x_wconf 93' lang='lat' dir='ltr'>lib.</span> <span class='ocrx_word' id='word_1_687' title='bbox 629 4313 650 4360; x_wconf 91' lang='grc'>1.</span> <span class='ocrx_word' id='word_1_688' title='bbox 675 4312 781 4377; x_wconf 88' lang='lat' dir='ltr'>quaest.</span> <span class='ocrx_word' id='word_1_689' title='bbox 806 4323 902 4374; x_wconf 84' lang='lat' dir='ltr'>evang.</span> <span class='ocrx_word' id='word_1_690' title='bbox 931 4325 1106 4379; x_wconf 89' lang='lat' dir='ltr'>corporeum,</span> <span class='ocrx_word' id='word_1_691' title='bbox 1138 4308 1178 4361; x_wconf 91' lang='lat' dir='ltr'>illi</span> <span class='ocrx_word' id='word_1_692' title='bbox 1209 4307 1342 4361; x_wconf 89' lang='lat' dir='ltr'>adderent</span> <span class='ocrx_word' id='word_1_693' title='bbox 1371 4306 1453 4360; x_wconf 89' lang='lat' dir='ltr'>etiam</span> <span class='ocrx_word' id='word_1_694' title='bbox 1483 4305 1609 4374; x_wconf 91' lang='lat' dir='ltr'>quintum</span> <span class='ocrx_word' id='word_1_695' title='bbox 1643 4305 1762 4370; x_wconf 91' lang='lat' dir='ltr'>modum,</span> 
     </span>
     <span class='ocr_line' id='line_1_47' title="bbox 65 4388 1761 4469; baseline -0.006 -15"><span class='ocrx_word' id='word_1_696' title='bbox 65 4414 127 4469; x_wconf 77' lang='lat' dir='ltr'>cap.</span> <span class='ocrx_word' id='word_1_697' title='bbox 149 4404 193 4453; x_wconf 78' lang='grc' dir='ltr'>1οτ</span> <span class='ocrx_word' id='word_1_698' title='bbox 213 4395 320 4464; x_wconf 75' lang='lat' dir='ltr'>Officia</span> <span class='ocrx_word' id='word_1_699' title='bbox 338 4395 481 4447; x_wconf 82' lang='lat' dir='ltr'>vindictae</span> <span class='ocrx_word' id='word_1_700' title='bbox 500 4400 617 4462; x_wconf 83' lang='lat' dir='ltr'>possunt</span> <span class='ocrx_word' id='word_1_701' title='bbox 640 4393 757 4461; x_wconf 86' lang='lat' dir='ltr'>implere</span> <span class='ocrx_word' id='word_1_702' title='bbox 778 4392 844 4444; x_wconf 86' lang='lat' dir='ltr'>boni</span> <span class='ocrx_word' id='word_1_703' title='bbox 854 4410 902 4443; x_wconf 89' lang='lat' dir='ltr'>an·</span> <span class='ocrx_word' id='word_1_704' title='bbox 930 4395 1004 4465; x_wconf 89' lang='lat' dir='ltr'>quod</span> <span class='ocrx_word' id='word_1_705' title='bbox 1023 4394 1129 4448; x_wconf 90' lang='lat' dir='ltr'>scilicet</span> <span class='ocrx_word' id='word_1_706' title='bbox 1149 4392 1209 4446; x_wconf 90' lang='lat' dir='ltr'>Deo</span> <span class='ocrx_word' id='word_1_707' title='bbox 1227 4391 1367 4445; x_wconf 90' lang='lat' dir='ltr'>tribuatur</span> <span class='ocrx_word' id='word_1_708' title='bbox 1379 4391 1489 4443; x_wconf 86' lang='lat' dir='ltr'>ratione</span> <span class='ocrx_word' id='word_1_709' title='bbox 1506 4390 1665 4443; x_wconf 80' lang='lat' dir='ltr'>creationis.</span> <span class='ocrx_word' id='word_1_710' title='bbox 1693 4388 1761 4444; x_wconf 86' lang='lat' dir='ltr'>Gre-</span> 
     </span>
     <span class='ocr_line' id='line_1_48' title="bbox 64 4474 1762 4553; baseline -0.002 -22"><span class='ocrx_word' id='word_1_711' title='bbox 64 4484 124 4553; x_wconf 72' lang='lat' dir='ltr'>90tt</span> <span class='ocrx_word' id='word_1_712' title='bbox 142 4485 212 4536; x_wconf 71' lang='lat' dir='ltr'>herro</span> <span class='ocrx_word' id='word_1_713' title='bbox 233 4483 337 4544; x_wconf 79' lang='lat' dir='ltr'>animo,</span> <span class='ocrx_word' id='word_1_714' title='bbox 357 4482 496 4549; x_wconf 76' lang='lat' dir='ltr'>quomodo</span> <span class='ocrx_word' id='word_1_715' title='bbox 509 4480 561 4546; x_wconf 76' lang='lat' dir='ltr'>lea,</span> <span class='ocrx_word' id='word_1_716' title='bbox 579 4479 717 4548; x_wconf 79' lang='lat' dir='ltr'>qssomodo</span> <span class='ocrx_word' id='word_1_717' title='bbox 735 4478 838 4544; x_wconf 63' lang='lat' dir='ltr'>instem</span> <span class='ocrx_word' id='word_1_718' title='bbox 858 4478 901 4539; x_wconf 77' lang='lat' dir='ltr'>os·</span> <span class='ocrx_word' id='word_1_719' title='bbox 930 4481 1024 4551; x_wconf 88' lang='lat' dir='ltr'>gorius</span> <span class='ocrx_word' id='word_1_720' title='bbox 1049 4481 1077 4533; x_wconf 90' lang='lat' dir='ltr'>in</span> <span class='ocrx_word' id='word_1_721' title='bbox 1095 4495 1154 4549; x_wconf 88' lang='lat' dir='ltr'>cap.</span> <span class='ocrx_word' id='word_1_722' title='bbox 1179 4484 1217 4533; x_wconf 91' lang='grc'>10.</span> <span class='ocrx_word' id='word_1_723' title='bbox 1237 4476 1304 4531; x_wconf 84' lang='lat' dir='ltr'>lobi</span> <span class='ocrx_word' id='word_1_724' title='bbox 1320 4492 1402 4545; x_wconf 89' lang='lat' dir='ltr'>super</span> <span class='ocrx_word' id='word_1_725' title='bbox 1419 4474 1506 4528; x_wconf 89' lang='lat' dir='ltr'>verba</span> <span class='ocrx_word' id='word_1_726' title='bbox 1525 4475 1681 4528; x_wconf 87' lang='lat' dir='ltr'>Decorabit</span> <span class='ocrx_word' id='word_1_727' title='bbox 1702 4493 1762 4529; x_wconf 86' lang='lat' dir='ltr'>enm</span> 
     </span>
     <span class='ocr_line' id='line_1_49' title="bbox 64 4559 1762 4634; baseline -0.005 -10"><span class='ocrx_word' id='word_1_728' title='bbox 64 4571 131 4634; x_wconf 70' lang='lat' dir='ltr'>ficia</span> <span class='ocrx_word' id='word_1_729' title='bbox 148 4586 214 4623; x_wconf 83' lang='lat' dir='ltr'>vero</span> <span class='ocrx_word' id='word_1_730' title='bbox 234 4567 447 4620; x_wconf 84' lang='lat' dir='ltr'>misericordiae</span> <span class='ocrx_word' id='word_1_731' title='bbox 465 4565 537 4616; x_wconf 81' lang='lat' dir='ltr'>nsali</span> <span class='ocrx_word' id='word_1_732' title='bbox 554 4565 672 4632; x_wconf 86' lang='lat' dir='ltr'>implere</span> <span class='ocrx_word' id='word_1_733' title='bbox 700 4579 754 4616; x_wconf 91' lang='lat' dir='ltr'>non</span> <span class='ocrx_word' id='word_1_734' title='bbox 775 4570 902 4630; x_wconf 83' lang='lat' dir='ltr'>poseant.</span> <span class='ocrx_word' id='word_1_735' title='bbox 930 4568 1013 4634; x_wconf 67' lang='lat' dir='ltr'>ignis,</span> <span class='ocrx_word' id='word_1_736' title='bbox 1032 4566 1081 4634; x_wconf 75' lang='lat' dir='ltr'>qni</span> <span class='ocrx_word' id='word_1_737' title='bbox 1092 4582 1148 4618; x_wconf 91' lang='lat' dir='ltr'>non</span> <span class='ocrx_word' id='word_1_738' title='bbox 1165 4561 1343 4616; x_wconf 80' lang='lat' dir='ltr'>accenditur:</span> <span class='ocrx_word' id='word_1_739' title='bbox 1364 4559 1568 4628; x_wconf 83' lang='lat' dir='ltr'>Omnipotentis</span> <span class='ocrx_word' id='word_1_740' title='bbox 1579 4561 1697 4629; x_wconf 80' lang='lat' dir='ltr'>justitia</span> <span class='ocrx_word' id='word_1_741' title='bbox 1714 4561 1762 4627; x_wconf 74' lang='lat' dir='ltr'>fa·</span> 
     </span>
     <span class='ocr_line' id='line_1_50' title="bbox 65 4647 1763 4723; baseline -0.006 -13"><span class='ocrx_word' id='word_1_742' title='bbox 65 4656 109 4710; x_wconf 86' lang='lat' dir='ltr'>De</span> <span class='ocrx_word' id='word_1_743' title='bbox 127 4654 181 4708; x_wconf 91' lang='lat' dir='ltr'>hac</span> <span class='ocrx_word' id='word_1_744' title='bbox 198 4669 350 4723; x_wconf 87' lang='lat' dir='ltr'>poenarum</span> <span class='ocrx_word' id='word_1_745' title='bbox 372 4650 549 4704; x_wconf 83' lang='lat' dir='ltr'>infernalium</span> <span class='ocrx_word' id='word_1_746' title='bbox 565 4649 731 4720; x_wconf 83' lang='lat' dir='ltr'>irrogatione</span> <span class='ocrx_word' id='word_1_747' title='bbox 744 4648 788 4701; x_wconf 88' lang='lat' dir='ltr'>die</span> <span class='ocrx_word' id='word_1_748' title='bbox 804 4647 902 4717; x_wconf 86' lang='lat' dir='ltr'>judicii</span> <span class='ocrx_word' id='word_1_749' title='bbox 931 4661 1058 4704; x_wconf 76' lang='lat' dir='ltr'>tar-oram</span> <span class='ocrx_word' id='word_1_750' title='bbox 1077 4650 1211 4720; x_wconf 82' lang='lat' dir='ltr'>praescia</span> <span class='ocrx_word' id='word_1_751' title='bbox 1230 4649 1266 4699; x_wconf 81' lang='lat' dir='ltr'>ab</span> <span class='ocrx_word' id='word_1_752' title='bbox 1283 4649 1346 4715; x_wconf 75' lang='lat' dir='ltr'>spon</span> <span class='ocrx_word' id='word_1_753' title='bbox 1372 4647 1472 4698; x_wconf 84' lang='lat' dir='ltr'>mundi</span> <span class='ocrx_word' id='word_1_754' title='bbox 1493 4647 1601 4716; x_wconf 69' lang='lat' dir='ltr'>origine</span> <span class='ocrx_word' id='word_1_755' title='bbox 1623 4647 1763 4715; x_wconf 75' lang='lat' dir='ltr'>pedennae</span> 
     </span>
     <span class='ocr_line' id='line_1_51' title="bbox 64 4731 1763 4807; baseline -0.006 -10"><span class='ocrx_word' id='word_1_756' title='bbox 64 4744 161 4798; x_wconf 86' lang='lat' dir='ltr'>futura</span> <span class='ocrx_word' id='word_1_757' title='bbox 180 4745 290 4794; x_wconf 87' lang='lat' dir='ltr'>exstant</span> <span class='ocrx_word' id='word_1_758' title='bbox 305 4739 447 4792; x_wconf 89' lang='lat' dir='ltr'>luculenta</span> <span class='ocrx_word' id='word_1_759' title='bbox 465 4736 623 4806; x_wconf 82' lang='lat' dir='ltr'>Scripturas</span> <span class='ocrx_word' id='word_1_760' title='bbox 654 4735 728 4788; x_wconf 89' lang='lat' dir='ltr'>dicta</span> <span class='ocrx_word' id='word_1_761' title='bbox 752 4733 855 4787; x_wconf 91' lang='lat' dir='ltr'>Psalm.</span> <span class='ocrx_word' id='word_1_762' title='bbox 877 4740 902 4798; x_wconf 84' lang='lat' dir='ltr'>t,</span> <span class='ocrx_word' id='word_1_763' title='bbox 929 4738 1021 4807; x_wconf 76' lang='lat' dir='ltr'>ipnem</span> <span class='ocrx_word' id='word_1_764' title='bbox 1050 4736 1162 4789; x_wconf 85' lang='lat' dir='ltr'>creavit.</span> <span class='ocrx_word' id='word_1_765' title='bbox 1199 4733 1379 4789; x_wconf 85' lang='lat' dir='ltr'>innocentius</span> <span class='ocrx_word' id='word_1_766' title='bbox 1410 4731 1472 4788; x_wconf 89' lang='lat' dir='ltr'>libr.</span> <span class='ocrx_word' id='word_1_767' title='bbox 1499 4738 1522 4787; x_wconf 87' lang='grc'>3.</span> <span class='ocrx_word' id='word_1_768' title='bbox 1555 4731 1590 4786; x_wconf 90' lang='lat' dir='ltr'>de</span> <span class='ocrx_word' id='word_1_769' title='bbox 1623 4739 1763 4788; x_wconf 86' lang='lat' dir='ltr'>contemtu</span> 
     </span>
     <span class='ocr_line' id='line_1_52' title="bbox 64 4819 1762 4893; baseline -0.006 -11"><span class='ocrx_word' id='word_1_770' title='bbox 64 4847 92 4887; x_wconf 87' lang='lat' dir='ltr'>v.</span> <span class='ocrx_word' id='word_1_771' title='bbox 116 4834 160 4883; x_wconf 80' lang='lat'>14:</span> <span class='ocrx_word' id='word_1_772' title='bbox 191 4827 331 4880; x_wconf 76' lang='lat' dir='ltr'>[lominus</span> <span class='ocrx_word' id='word_1_773' title='bbox 354 4825 474 4893; x_wconf 66' lang='lat' dir='ltr'>sagittas</span> <span class='ocrx_word' id='word_1_774' title='bbox 500 4841 568 4875; x_wconf 83' lang='lat' dir='ltr'>sans</span> <span class='ocrx_word' id='word_1_775' title='bbox 588 4823 692 4886; x_wconf 74' lang='lat' dir='ltr'>efficiet</span> <span class='ocrx_word' id='word_1_776' title='bbox 710 4823 740 4874; x_wconf 89' lang='lat' dir='ltr'>in</span> <span class='ocrx_word' id='word_1_777' title='bbox 760 4822 901 4873; x_wconf 85' lang='lat' dir='ltr'>ardentes.</span> <span class='ocrx_word' id='word_1_778' title='bbox 929 4823 1024 4878; x_wconf 88' lang='lat' dir='ltr'>mundi</span> <span class='ocrx_word' id='word_1_779' title='bbox 1044 4840 1067 4876; x_wconf 87' lang='lat' dir='ltr'>c.</span> <span class='ocrx_word' id='word_1_780' title='bbox 1087 4828 1114 4878; x_wconf 83' lang='lat'>6:</span> <span class='ocrx_word' id='word_1_781' title='bbox 1135 4820 1215 4889; x_wconf 77' lang='lat' dir='ltr'>Ipnis</span> <span class='ocrx_word' id='word_1_782' title='bbox 1232 4820 1372 4890; x_wconf 59' lang='lat' dir='ltr'>cebennae</span> <span class='ocrx_word' id='word_1_783' title='bbox 1389 4835 1440 4872; x_wconf 90' lang='lat' dir='ltr'>nec</span> <span class='ocrx_word' id='word_1_784' title='bbox 1460 4819 1546 4887; x_wconf 80' lang='lat' dir='ltr'>lipnis</span> <span class='ocrx_word' id='word_1_785' title='bbox 1564 4819 1695 4889; x_wconf 82' lang='lat' dir='ltr'>nutritur,</span> <span class='ocrx_word' id='word_1_786' title='bbox 1712 4836 1762 4872; x_wconf 91' lang='lat' dir='ltr'>nec</span> 
     </span>
     <span class='ocr_line' id='line_1_53' title="bbox 60 4907 1763 4980; baseline -0.005 -12"><span class='ocrx_word' id='word_1_787' title='bbox 60 4914 165 4968; x_wconf 86' lang='lat' dir='ltr'>Psalm.</span> <span class='ocrx_word' id='word_1_788' title='bbox 189 4919 227 4980; x_wconf 89' lang='grc'>11,</span> <span class='ocrx_word' id='word_1_789' title='bbox 246 4928 272 4964; x_wconf 77' lang='lat' dir='ltr'>v.</span> <span class='ocrx_word' id='word_1_790' title='bbox 293 4917 321 4969; x_wconf 83' lang='lat'>6:</span> <span class='ocrx_word' id='word_1_791' title='bbox 354 4911 439 4963; x_wconf 75' lang='lat' dir='ltr'>Plutt</span> <span class='ocrx_word' id='word_1_792' title='bbox 457 4909 598 4961; x_wconf 78' lang='lat' dir='ltr'>Dominus</span> <span class='ocrx_word' id='word_1_793' title='bbox 626 4925 711 4979; x_wconf 78' lang='lat' dir='ltr'>snper</span> <span class='ocrx_word' id='word_1_794' title='bbox 733 4907 836 4976; x_wconf 69' lang='lat' dir='ltr'>ineptiae</span> <span class='ocrx_word' id='word_1_795' title='bbox 860 4907 900 4959; x_wconf 80' lang='lat' dir='ltr'>la·</span> <span class='ocrx_word' id='word_1_796' title='bbox 924 4913 1000 4980; x_wconf 85' lang='lat' dir='ltr'>flata</span> <span class='ocrx_word' id='word_1_797' title='bbox 1017 4909 1208 4972; x_wconf 83' lang='lat' dir='ltr'>srsccenditnr,</span> <span class='ocrx_word' id='word_1_798' title='bbox 1232 4909 1285 4961; x_wconf 83' lang='lat' dir='ltr'>sed</span> <span class='ocrx_word' id='word_1_799' title='bbox 1308 4924 1326 4959; x_wconf 89' lang='lat' dir='ltr'>a</span> <span class='ocrx_word' id='word_1_800' title='bbox 1347 4908 1409 4959; x_wconf 89' lang='lat' dir='ltr'>Deo</span> <span class='ocrx_word' id='word_1_801' title='bbox 1434 4915 1543 4959; x_wconf 81' lang='lat' dir='ltr'>creatas</span> <span class='ocrx_word' id='word_1_802' title='bbox 1566 4915 1606 4960; x_wconf 83' lang='lat' dir='ltr'>est</span> <span class='ocrx_word' id='word_1_803' title='bbox 1631 4907 1763 4959; x_wconf 75' lang='lat' dir='ltr'>inexstin-</span> 
     </span>
     <span class='ocr_line' id='line_1_54' title="bbox 62 4986 1761 5069; baseline -0.008 -15"><span class='ocrx_word' id='word_1_804' title='bbox 62 5017 155 5069; x_wconf 76' lang='lat' dir='ltr'>qsseos,</span> <span class='ocrx_word' id='word_1_805' title='bbox 174 4999 271 5061; x_wconf 78' lang='lat' dir='ltr'>sulfur</span> <span class='ocrx_word' id='word_1_806' title='bbox 288 5004 313 5049; x_wconf 89' lang='lat' dir='ltr'>et</span> <span class='ocrx_word' id='word_1_807' title='bbox 332 4996 431 5064; x_wconf 78' lang='lat' dir='ltr'>ipnem.</span> <span class='ocrx_word' id='word_1_808' title='bbox 467 4993 568 5049; x_wconf 83' lang='lat' dir='ltr'>Eaech.</span> <span class='ocrx_word' id='word_1_809' title='bbox 586 4997 627 5056; x_wconf 84' lang='grc'>26,</span> <span class='ocrx_word' id='word_1_810' title='bbox 646 5010 671 5047; x_wconf 89' lang='lat' dir='ltr'>v.</span> <span class='ocrx_word' id='word_1_811' title='bbox 690 4999 736 5048; x_wconf 80' lang='grc' dir='ltr'>2οι</span> <span class='ocrx_word' id='word_1_812' title='bbox 767 4995 836 5047; x_wconf 83' lang='lat' dir='ltr'>Cam</span> <span class='ocrx_word' id='word_1_813' title='bbox 854 4995 900 5047; x_wconf 84' lang='lat' dir='ltr'>de·</span> <span class='ocrx_word' id='word_1_814' title='bbox 927 4993 1042 5062; x_wconf 75' lang='lat' dir='ltr'>ynibs&#39;lie</span> <span class='ocrx_word' id='word_1_815' title='bbox 1072 4991 1107 5043; x_wconf 82' lang='lat' dir='ltr'>ab</span> <span class='ocrx_word' id='word_1_816' title='bbox 1134 4990 1242 5057; x_wconf 79' lang='lat' dir='ltr'>oripine</span> <span class='ocrx_word' id='word_1_817' title='bbox 1273 4989 1380 5042; x_wconf 85' lang='lat' dir='ltr'>mandi.</span> <span class='ocrx_word' id='word_1_818' title='bbox 1422 4986 1661 5051; x_wconf 83' lang='lat' dir='ltr'>Quemadmodum</span> <span class='ocrx_word' id='word_1_819' title='bbox 1689 4987 1761 5041; x_wconf 90' lang='lat' dir='ltr'>enim</span> 
     </span>
     <span class='ocr_line' id='line_1_55' title="bbox 61 5072 1762 5151; baseline -0.007 -11"><span class='ocrx_word' id='word_1_820' title='bbox 61 5095 177 5139; x_wconf 65' lang='lat' dir='ltr'>manem</span> <span class='ocrx_word' id='word_1_821' title='bbox 193 5091 218 5136; x_wconf 91' lang='lat' dir='ltr'>te</span> <span class='ocrx_word' id='word_1_822' title='bbox 239 5082 364 5149; x_wconf 80' lang='lat' dir='ltr'>sumtis,</span> <span class='ocrx_word' id='word_1_823' title='bbox 383 5080 432 5151; x_wconf 72' lang='lat' dir='ltr'>mli</span> <span class='ocrx_word' id='word_1_824' title='bbox 446 5081 617 5132; x_wconf 84' lang='lat' dir='ltr'>descendunt</span> <span class='ocrx_word' id='word_1_825' title='bbox 632 5080 661 5131; x_wconf 90' lang='lat' dir='ltr'>in</span> <span class='ocrx_word' id='word_1_826' title='bbox 675 5080 776 5132; x_wconf 79' lang='lat' dir='ltr'>laeam.</span> <span class='ocrx_word' id='word_1_827' title='bbox 802 5077 899 5131; x_wconf 87' lang='lat' dir='ltr'>Matth.</span> <span class='ocrx_word' id='word_1_828' title='bbox 927 5095 1042 5149; x_wconf 85' lang='lat' dir='ltr'>regnum</span> <span class='ocrx_word' id='word_1_829' title='bbox 1061 5076 1181 5131; x_wconf 81' lang='lat' dir='ltr'>eoeleste</span> <span class='ocrx_word' id='word_1_830' title='bbox 1194 5074 1295 5129; x_wconf 89' lang='lat' dir='ltr'>dicitur</span> <span class='ocrx_word' id='word_1_831' title='bbox 1312 5075 1366 5145; x_wconf 91' lang='lat' dir='ltr'>piis</span> <span class='ocrx_word' id='word_1_832' title='bbox 1379 5082 1517 5142; x_wconf 84' lang='lat' dir='ltr'>paratam</span> <span class='ocrx_word' id='word_1_833' title='bbox 1536 5092 1554 5126; x_wconf 89' lang='lat' dir='ltr'>a</span> <span class='ocrx_word' id='word_1_834' title='bbox 1568 5072 1762 5128; x_wconf 69' lang='lat' dir='ltr'>scandalione</span> 
     </span>
     <span class='ocr_line' id='line_1_56' title="bbox 62 5152 1762 5239; baseline -0.008 -14"><span class='ocrx_word' id='word_1_835' title='bbox 62 5177 87 5239; x_wconf 85' lang='grc'>’1,</span> <span class='ocrx_word' id='word_1_836' title='bbox 105 5189 130 5224; x_wconf 89' lang='lat' dir='ltr'>v.</span> <span class='ocrx_word' id='word_1_837' title='bbox 148 5152 196 5224; x_wconf 76' lang='grc' dir='ltr'>Ι23ι</span> <span class='ocrx_word' id='word_1_838' title='bbox 215 5170 367 5236; x_wconf 77' lang='lat' dir='ltr'>Nunquam</span> <span class='ocrx_word' id='word_1_839' title='bbox 385 5167 450 5220; x_wconf 66' lang='lat' dir='ltr'>stessi</span> <span class='ocrx_word' id='word_1_840' title='bbox 466 5182 523 5232; x_wconf 83' lang='lat' dir='ltr'>aas,</span> <span class='ocrx_word' id='word_1_841' title='bbox 542 5165 677 5217; x_wconf 70' lang='lat' dir='ltr'>discedite</span> <span class='ocrx_word' id='word_1_842' title='bbox 692 5180 773 5218; x_wconf 84' lang='lat' dir='ltr'>ome.</span> <span class='ocrx_word' id='word_1_843' title='bbox 800 5162 897 5217; x_wconf 87' lang='lat' dir='ltr'>Matth.</span> <span class='ocrx_word' id='word_1_844' title='bbox 927 5165 1026 5218; x_wconf 79' lang='lat' dir='ltr'>mrtndi</span> <span class='ocrx_word' id='word_1_845' title='bbox 1045 5161 1144 5216; x_wconf 87' lang='lat' dir='ltr'>Matth.</span> <span class='ocrx_word' id='word_1_846' title='bbox 1161 5167 1201 5225; x_wconf 88' lang='grc'>25,</span> <span class='ocrx_word' id='word_1_847' title='bbox 1219 5179 1245 5215; x_wconf 90' lang='lat' dir='ltr'>v.</span> <span class='ocrx_word' id='word_1_848' title='bbox 1262 5167 1303 5216; x_wconf 87' lang='grc'>34.</span> <span class='ocrx_word' id='word_1_849' title='bbox 1324 5161 1390 5232; x_wconf 90' lang='lat' dir='ltr'>quia</span> <span class='ocrx_word' id='word_1_850' title='bbox 1406 5159 1513 5213; x_wconf 90' lang='lat' dir='ltr'>coelum</span> <span class='ocrx_word' id='word_1_851' title='bbox 1532 5158 1589 5212; x_wconf 90' lang='lat' dir='ltr'>sive</span> <span class='ocrx_word' id='word_1_852' title='bbox 1608 5155 1663 5212; x_wconf 82' lang='grc' dir='ltr'>πού</span> <span class='ocrx_word' id='word_1_853' title='bbox 1683 5157 1762 5220; x_wconf 84' lang='lat' dir='ltr'>illud,</span> 
     </span>
     <span class='ocr_line' id='line_1_57' title="bbox 11 5242 1761 5324; baseline -0.009 -13"><span class='ocrx_word' id='word_1_854' title='bbox 11 5275 51 5317; x_wconf 77' lang='lat' dir='ltr'>rsa</span> <span class='ocrx_word' id='word_1_855' title='bbox 65 5262 106 5324; x_wconf 86' lang='lat' dir='ltr'>tt),</span> <span class='ocrx_word' id='word_1_856' title='bbox 122 5272 149 5307; x_wconf 91' lang='lat' dir='ltr'>v.</span> <span class='ocrx_word' id='word_1_857' title='bbox 168 5260 215 5310; x_wconf 77' lang='lat'>28:</span> <span class='ocrx_word' id='word_1_858' title='bbox 252 5255 357 5307; x_wconf 82' lang='lat' dir='ltr'>Timete</span> <span class='ocrx_word' id='word_1_859' title='bbox 376 5269 445 5314; x_wconf 85' lang='lat' dir='ltr'>eam,</span> <span class='ocrx_word' id='word_1_860' title='bbox 470 5251 520 5318; x_wconf 76' lang='lat' dir='ltr'>qni</span> <span class='ocrx_word' id='word_1_861' title='bbox 533 5256 627 5317; x_wconf 81' lang='lat' dir='ltr'>potest</span> <span class='ocrx_word' id='word_1_862' title='bbox 645 5249 768 5301; x_wconf 85' lang='lat' dir='ltr'>animam</span> <span class='ocrx_word' id='word_1_863' title='bbox 793 5258 819 5301; x_wconf 91' lang='lat' dir='ltr'>et</span> <span class='ocrx_word' id='word_1_864' title='bbox 839 5265 899 5301; x_wconf 85' lang='lat' dir='ltr'>cor-</span> <span class='ocrx_word' id='word_1_865' title='bbox 928 5252 955 5305; x_wconf 88' lang='lat' dir='ltr'>in</span> <span class='ocrx_word' id='word_1_866' title='bbox 975 5265 1030 5321; x_wconf 92' lang='lat' dir='ltr'>qno</span> <span class='ocrx_word' id='word_1_867' title='bbox 1051 5264 1184 5302; x_wconf 89' lang='lat' dir='ltr'>summam</span> <span class='ocrx_word' id='word_1_868' title='bbox 1203 5248 1279 5301; x_wconf 91' lang='lat' dir='ltr'>illam</span> <span class='ocrx_word' id='word_1_869' title='bbox 1306 5245 1506 5302; x_wconf 90' lang='lat' dir='ltr'>beatitudinem</span> <span class='ocrx_word' id='word_1_870' title='bbox 1532 5243 1570 5312; x_wconf 91' lang='lat' dir='ltr'>pii</span> <span class='ocrx_word' id='word_1_871' title='bbox 1595 5242 1761 5313; x_wconf 86' lang='lat' dir='ltr'>percipiunt,</span> 
     </span>
     <span class='ocr_line' id='line_1_58' title="bbox 62 5328 1761 5412; baseline -0.006 -18"><span class='ocrx_word' id='word_1_872' title='bbox 62 5344 258 5412; x_wconf 74' lang='lat' dir='ltr'>parperdere</span> <span class='ocrx_word' id='word_1_873' title='bbox 278 5341 458 5409; x_wconf 63' lang='lat' dir='ltr'>ingelranno.</span> <span class='ocrx_word' id='word_1_874' title='bbox 495 5336 593 5391; x_wconf 86' lang='lat' dir='ltr'>Matth.</span> <span class='ocrx_word' id='word_1_875' title='bbox 616 5341 657 5401; x_wconf 90' lang='grc'>22,</span> <span class='ocrx_word' id='word_1_876' title='bbox 674 5352 700 5387; x_wconf 91' lang='lat' dir='ltr'>v.</span> <span class='ocrx_word' id='word_1_877' title='bbox 723 5341 766 5390; x_wconf 78' lang='lat' dir='ltr'>lt:</span> <span class='ocrx_word' id='word_1_878' title='bbox 798 5335 901 5388; x_wconf 85' lang='lat' dir='ltr'>Tollite</span> <span class='ocrx_word' id='word_1_879' title='bbox 928 5339 956 5391; x_wconf 92' lang='lat' dir='ltr'>in</span> <span class='ocrx_word' id='word_1_880' title='bbox 974 5337 1063 5407; x_wconf 87' lang='lat' dir='ltr'>prima</span> <span class='ocrx_word' id='word_1_881' title='bbox 1084 5335 1178 5389; x_wconf 91' lang='lat' dir='ltr'>mundi</span> <span class='ocrx_word' id='word_1_882' title='bbox 1198 5334 1393 5388; x_wconf 89' lang='lat' dir='ltr'>constitutione</span> <span class='ocrx_word' id='word_1_883' title='bbox 1415 5332 1497 5401; x_wconf 83' lang='lat' dir='ltr'>juxta</span> <span class='ocrx_word' id='word_1_884' title='bbox 1522 5328 1694 5401; x_wconf 90' lang='lat' dir='ltr'>quorundam</span> <span class='ocrx_word' id='word_1_885' title='bbox 1711 5329 1761 5399; x_wconf 87' lang='lat' dir='ltr'>hy-</span> 
     </span>
     <span class='ocr_line' id='line_1_59' title="bbox 67 5415 1763 5496; baseline -0.008 -13"><span class='ocrx_word' id='word_1_886' title='bbox 67 5445 129 5483; x_wconf 85' lang='lat' dir='ltr'>enm</span> <span class='ocrx_word' id='word_1_887' title='bbox 147 5437 174 5482; x_wconf 87' lang='lat' dir='ltr'>et</span> <span class='ocrx_word' id='word_1_888' title='bbox 186 5428 323 5496; x_wconf 76' lang='lat' dir='ltr'>projicite</span> <span class='ocrx_word' id='word_1_889' title='bbox 349 5428 378 5479; x_wconf 87' lang='lat' dir='ltr'>in</span> <span class='ocrx_word' id='word_1_890' title='bbox 403 5426 531 5478; x_wconf 85' lang='lat' dir='ltr'>tenebras</span> <span class='ocrx_word' id='word_1_891' title='bbox 558 5423 710 5477; x_wconf 78' lang='lat' dir='ltr'>exteriores</span> <span class='ocrx_word' id='word_1_892' title='bbox 728 5429 778 5476; x_wconf 86' lang='lat' dir='ltr'>etc.</span> <span class='ocrx_word' id='word_1_893' title='bbox 814 5423 901 5490; x_wconf 82' lang='lat' dir='ltr'>Apoc.</span> <span class='ocrx_word' id='word_1_894' title='bbox 929 5424 1057 5494; x_wconf 87' lang='lat' dir='ltr'>pothesin</span> <span class='ocrx_word' id='word_1_895' title='bbox 1087 5428 1130 5476; x_wconf 90' lang='lat' dir='ltr'>est</span> <span class='ocrx_word' id='word_1_896' title='bbox 1158 5428 1293 5484; x_wconf 80' lang='lat' dir='ltr'>creatnm3</span> <span class='ocrx_word' id='word_1_897' title='bbox 1324 5419 1364 5472; x_wconf 91' lang='lat' dir='ltr'>sic</span> <span class='ocrx_word' id='word_1_898' title='bbox 1391 5417 1463 5488; x_wconf 87' lang='lat' dir='ltr'>ignis</span> <span class='ocrx_word' id='word_1_899' title='bbox 1491 5415 1634 5470; x_wconf 87' lang='lat' dir='ltr'>infernalis</span> <span class='ocrx_word' id='word_1_900' title='bbox 1661 5416 1763 5470; x_wconf 88' lang='lat' dir='ltr'>dicitur</span> 
     </span>
     <span class='ocr_line' id='line_1_60' title="bbox 70 5502 1762 5582; baseline -0.008 -12"><span class='ocrx_word' id='word_1_901' title='bbox 70 5522 91 5582; x_wconf 93' lang='grc'>1,</span> <span class='ocrx_word' id='word_1_902' title='bbox 116 5531 143 5568; x_wconf 90' lang='lat' dir='ltr'>v.</span> <span class='ocrx_word' id='word_1_903' title='bbox 173 5519 212 5570; x_wconf 84' lang='grc'>18.</span> <span class='ocrx_word' id='word_1_904' title='bbox 245 5511 371 5567; x_wconf 86' lang='lat' dir='ltr'>Christus</span> <span class='ocrx_word' id='word_1_905' title='bbox 400 5510 503 5567; x_wconf 89' lang='lat' dir='ltr'>dicitur</span> <span class='ocrx_word' id='word_1_906' title='bbox 537 5512 638 5565; x_wconf 78' lang='lat' dir='ltr'>tatere</span> <span class='ocrx_word' id='word_1_907' title='bbox 669 5508 761 5562; x_wconf 81' lang='lat' dir='ltr'>claves</span> <span class='ocrx_word' id='word_1_908' title='bbox 786 5508 903 5575; x_wconf 83' lang='lat' dir='ltr'>inferni,</span> <span class='ocrx_word' id='word_1_909' title='bbox 928 5517 1048 5580; x_wconf 82' lang='lat' dir='ltr'>paratas</span> <span class='ocrx_word' id='word_1_910' title='bbox 1065 5507 1179 5562; x_wconf 83' lang='lat' dir='ltr'>diabolo</span> <span class='ocrx_word' id='word_1_911' title='bbox 1197 5515 1223 5560; x_wconf 88' lang='lat' dir='ltr'>et</span> <span class='ocrx_word' id='word_1_912' title='bbox 1242 5505 1352 5575; x_wconf 77' lang='lat' dir='ltr'>sepelis</span> <span class='ocrx_word' id='word_1_913' title='bbox 1369 5504 1430 5572; x_wconf 82' lang='lat' dir='ltr'>ejas</span> <span class='ocrx_word' id='word_1_914' title='bbox 1448 5519 1474 5557; x_wconf 81' lang='lat' dir='ltr'>v.</span> <span class='ocrx_word' id='word_1_915' title='bbox 1494 5508 1535 5558; x_wconf 91' lang='grc'>41.</span> <span class='ocrx_word' id='word_1_916' title='bbox 1555 5503 1621 5574; x_wconf 89' lang='lat' dir='ltr'>quia</span> <span class='ocrx_word' id='word_1_917' title='bbox 1639 5502 1762 5557; x_wconf 84' lang='lat' dir='ltr'>infernus</span> 
     </span>
    </p>
   </div>
   <div class='ocr_carea' id='block_1_3' title="bbox 67 5589 1768 5672">
    <p class='ocr_par' dir='ltr' id='par_1_3' title="bbox 67 5589 1768 5672">
     <span class='ocr_line' id='line_1_61' title="bbox 67 5589 1768 5672; baseline -0.009 -17"><span class='ocrx_word' id='word_1_918' title='bbox 67 5600 142 5672; x_wconf 85' lang='lat' dir='ltr'>qood</span> <span class='ocrx_word' id='word_1_919' title='bbox 154 5599 310 5654; x_wconf 75' lang='lat' dir='ltr'>Bishai-dus</span> <span class='ocrx_word' id='word_1_920' title='bbox 321 5599 356 5654; x_wconf 87' lang='lat' dir='ltr'>ds</span> <span class='ocrx_word' id='word_1_921' title='bbox 367 5599 395 5656; x_wconf 87' lang='lat' dir='ltr'>S.</span> <span class='ocrx_word' id='word_1_922' title='bbox 403 5599 515 5654; x_wconf 85' lang='lat' dir='ltr'>Victore</span> <span class='ocrx_word' id='word_1_923' title='bbox 530 5595 650 5668; x_wconf 70' lang='lat' dir='ltr'>exponit</span> <span class='ocrx_word' id='word_1_924' title='bbox 667 5610 721 5664; x_wconf 85' lang='lat' dir='ltr'>per</span> <span class='ocrx_word' id='word_1_925' title='bbox 736 5598 904 5662; x_wconf 78' lang='lat' dir='ltr'>potestatem</span> <span class='ocrx_word' id='word_1_926' title='bbox 929 5597 988 5651; x_wconf 88' lang='lat' dir='ltr'>sive</span> <span class='ocrx_word' id='word_1_927' title='bbox 1002 5591 1059 5651; x_wconf 81' lang='lat' dir='ltr'>noi</span> <span class='ocrx_word' id='word_1_928' title='bbox 1079 5595 1160 5664; x_wconf 88' lang='lat' dir='ltr'>illud,</span> <span class='ocrx_word' id='word_1_929' title='bbox 1181 5594 1209 5649; x_wconf 92' lang='lat' dir='ltr'>in</span> <span class='ocrx_word' id='word_1_930' title='bbox 1229 5609 1285 5665; x_wconf 89' lang='lat' dir='ltr'>quo</span> <span class='ocrx_word' id='word_1_931' title='bbox 1308 5589 1412 5646; x_wconf 84' lang='lat' dir='ltr'>diaboli</span> <span class='ocrx_word' id='word_1_932' title='bbox 1437 5597 1465 5645; x_wconf 92' lang='lat' dir='ltr'>et</span> <span class='ocrx_word' id='word_1_933' title='bbox 1489 5589 1612 5645; x_wconf 90' lang='lat' dir='ltr'>homines</span> <span class='ocrx_word' id='word_1_934' title='bbox 1638 5589 1768 5643; x_wconf 67' lang='lat' dir='ltr'>damnati</span> 
     </span>
    </p>
   </div>
   <div class='ocr_carea' id='block_1_4' title="bbox 0 0 2030 6007">
    <p class='ocr_par' dir='ltr' id='par_1_4' title="bbox 0 0 2030 6007">
     <span class='ocr_line' id='line_1_62' title="bbox 0 0 2030 6007; baseline 0 0"><span class='ocrx_word' id='word_1_935' title='bbox 0 0 2030 6007; x_wconf 95' lang='lat' dir='ltr'> </span> 
     </span>
    </p>
   </div>
  </div>
 </body>
</html>
