4050 6014
205 259 243 318 73
607 210 610 217 ’
853 246 1083 307 mauranus
1099 247 1265 306 innume

201 422 235 462 ac
252 406 301 461 alii
319 405 444 461 nituntur
469 405 588 459 occultis
613 405 844 469 revelationibus,
871 404 917 459 alii
942 403 1036 458 rahhi-
1064 402 1135 456 Item
1153 419 1186 456 cn
1202 403 1335 458 Jotuuns
1352 404 1526 473 Apocalppe
1546 405 1592 456 20.
1609 403 1660 472 qut
1675 401 1808 456 einsiliter
1823 407 1900 470 post·

203 509 304 545 norum
313 492 523 558 tradutouttus,
543 487 590 544 alii
600 491 809 560 astrologorum
821 489 1036 558 computationi·
1064 506 1148 558 quarn
1166 490 1252 558 dicit,
1281 495 1411 559 oportere
1431 491 1582 543 draconem
1601 488 1676 541 solui
1698 487 1811 541 modico
1838 492 1903 540 test·

203 578 261 644 bus,
285 575 335 631 alii
352 577 444 631 liam
461 576 656 642 arithmeticis,
681 575 729 630 ulii
748 574 954 645 chronologicis
973 591 1036 628 coa·
1061 590 1141 644 pore,
1159 576 1258 632 addit:
1289 583 1315 629 ct
1331 575 1394 630 uidi
1408 576 1503 636 sedes,
1527 582 1553 627 ct
1569 576 1702 628 ssdcrm
1719 589 1806 642 super
1824 571 1903 636 silas,

196 663 318 729 pecturis
334 668 365 717 et
381 668 537 731 temporum
556 660 736 732 epilogismis,
754 660 783 714 in
802 659 904 732 quihus
922 658 1036 731 proprio
1064 669 1089 715 ct
1107 661 1254 729 judicium
1278 662 1376 714 ααιιιιη
1400 667 1441 715 est
1464 661 1512 715 cis.
1532 658 1656 714 ·Blasius
1683 657 1718 714 de
1741 657 1847 729 Viegas
1872 656 1902 710 in

202 745 316 802 arbitrio
344 753 449 801 certum
475 746 596 817 aliquem
619 746 768 802 terminum
791 746 910 816 eligant,
941 761 959 799 a
982 760 1038 815 quo
1064 753 1210 802 comment.
1228 747 1317 817 Apte
1332 764 1359 818 p.
1379 752 1438 802 llil.
1464 763 1499 801 ex
1519 745 1611 801 uerbis
1628 743 1754 799 Danielis
1778 760 1802 801 c.
1822 747 1864 798 12.
1883 759 1905 796 a

202 832 366 888 numerandi
385 832 494 887 initium
514 831 630 888 iaciunt.
666 831 740 896 Quin
767 837 794 886 et
818 830 922 886 multae
948 831 1039 900 impo-
1064 839 1272 900 temporetam
1288 832 1412 886 ablatum
1429 832 1520 899 fucrit
1532 832 1603 901 jupe
1621 830 1834 894 sacrificiumct
1849 844 1902 897 po

202 924 296 973 sturae
313 918 342 973 in
361 918 496 989 ejusmodi
514 917 637 989 auguriis
657 913 834 980 concurrunt,
855 915 957 987 quibus
975 915 1039 969 sim·
1063 917 1121 970 situ
1138 919 1236 986 suerit
1253 917 1423 972 abominatio
1445 920 1475 972 iu
1493 917 1711 983 denotationem,
1739 915 1802 971 dies
1823 913 1905 969 mile

202 1003 349 1073 pliciorum
367 1005 466 1058 animis
487 1004 619 1058 illuditur.
652 1003 796 1058 lohannes
813 1001 992 1056 'l‘ritheimius
1009 1000 1038 1055 in
1065 1004 1180 1056 ducenti
1197 1004 1369 1072 nouapinta5
1389 1004 1494 1071 beatus,
1512 1003 1562 1072 qui
1575 1009 1717 1072 exspectat
1730 1009 1757 1055 st
1769 999 1903 1070 peruenit

202 1089 295 1144 chron.
316 1095 459 1154 memorat,
482 1105 555 1144 auno
573 1088 675 1143 Christi
700 1093 758 1144 847.
781 1087 920 1158 quandam
944 1086 1038 1142 mulie·
1064 1089 1106 1140 ud
1123 1089 1185 1141 dics
1205 1089 1282 1142 mim
1300 1097 1438 1143 trecentos
1455 1089 1574 1156 tripiuta
1593 1089 1729 1156 quinque,
1757 1085 1798 1140 sic
1816 1085 1903 1141 ratiu-

203 1191 259 1229 rem
279 1173 399 1243 finxisse,
419 1176 495 1246 quod
513 1175 631 1241 capulus
648 1175 769 1228 Domini
785 1174 840 1227 sibi
858 1173 1037 1243 appamcrit,
1063 1172 1186 1232 ciuntur:
1215 1174 1386 1228 Antichristi
1401 1174 1559 1243 pascendis
1576 1173 1692 1226 durabit
1711 1172 1800 1225 tribue
1817 1171 1904 1224 annm

203 1262 252 1328 qui
268 1261 449 1314 amissimum
468 1260 544 1314 diem
563 1259 675 1329 judt'cii
697 1276 760 1314 rnoa
784 1259 892 1313 iactare
913 1276 1038 1329 pronun·
1064 1276 1125 1312 cum
1145 1259 1266 1314 dimidio
1283 1269 1311 1314 ct
1323 1267 1477 1329 praeterea
1495 1262 1590 1314 elecem
1610 1266 1659 1311 aut
1677 1258 1828 1312 duodecim
1842 1257 1904 1310 die·

201 1346 311 1408 tiaeset,
335 1362 392 1416 qua
408 1345 517 1400 ratione
536 1343 638 1400 multos
655 1350 712 1398 tam
731 1360 764 1397 ex
785 1344 872 1411 clero,
897 1361 980 1415 quam
1004 1360 1036 1397 ex
1064 1345 1122 1412 lus,
1142 1346 1194 1398 ssd
1212 1344 1316 1409 lectus,
1337 1345 1387 1415 qui
1406 1353 1516 1398 mortuo
1526 1344 1703 1399 Antichristo
1715 1342 1903 1412 supervixerit

202 1430 307 1501 populo
328 1446 379 1499 per
401 1430 542 1486 dioecesin
564 1429 758 1501 Moguutinam
781 1429 929 1501 deceperit.
963 1428 1037 1484 Tan·
1063 1430 1256 1499 quandrapinta
1282 1430 1403 1499 quinque
1426 1431 1502 1499 dies,
1529 1430 1581 1483 loc
1609 1436 1649 1483 cst
1675 1429 1837 1497 perenm’t
1861 1427 1903 1480 ad

203 1515 266 1571 dem
293 1531 359 1571 vero
391 1533 442 1586 per
471 1515 617 1572 Rabanunr
649 1513 887 1586 archiepiscopum
914 1531 1037 1585 compre·
1064 1513 1904 1584 dics1335,quurcsipnificatur,quadrapiutaquinque

202 1600 288 1656 hensa
307 1600 435 1656 confessa
455 1608 511 1664 est,
532 1602 629 1671 fuisse
645 1617 675 1656 sc
691 1619 744 1670 per
768 1601 917 1656 consilium
945 1601 1038 1670 cujus-
1064 1602 1126 1653 dies
1142 1601 1259 1664 futuros
1278 1619 1297 1652 a
1314 1602 1583 1655 morteAnticlu-isti
1600 1616 1687 1670 usqae
1706 1601 1747 1654 ad
1762 1599 1838 1654 diem
1852 1598 1903 1667 ju·

203 1688 270 1740 ulum
285 1687 447 1754 precipui
470 1687 583 1740 adhoc
606 1695 737 1756 quaestus
763 1687 862 1757 pratia
885 1688 1036 1740 iri-ductam.
1064 1684 1141 1737 dicii.
1167 1684 1416 1741 Bellarminuslib.
1436 1684 1656 1741 t.deRomano
1676 1683 1899 1754 pontiliacus:

202 1771 276 1827 Vide
302 1770 448 1827 Centurias
470 1771 727 1844 Mugdeburgeuses
751 1778 774 1826 9.
798 1772 850 1827 col.
869 1776 928 1827 224.
963 1771 1036 1826 Mar·
1063 1769 1255 1824 Antichristus
1271 1788 1327 1824 nou
1346 1771 1475 1840 repnahit
1498 1771 1556 1823 nisi
1573 1788 1662 1823 anuos
1687 1778 1746 1823 tres
1771 1786 1833 1823 cum
1857 1768 1901 1822 di·

201 1857 275 1911 tinus
293 1856 407 1912 Crusius
425 1856 453 1911 iu
470 1856 696 1913 'I'urcoGraecia
707 1865 850 1924 memorat,
868 1856 1035 1912 Monachum
1064 1857 1159 1911 midio.
1186 1873 1208 1912 c.
1226 1862 1251 1912 9.
1271 1857 1329 1910 Dic
1348 1856 1566 1926 quuslruqesimo
1584 1857 1681 1924 quinto
1697 1863 1762 1924 post
1783 1861 1901 1908 mortem

201 1943 340 2012 quendam
357 1942 495 1999 Graecum
514 1950 579 1999 aute
595 1960 683 1998 annos
707 1942 849 2012 plusculos
871 1941 1036 2012 Hierosoly·
1063 1942 1235 1995 Anticles-icti
1241 1943 1383 1995 Dominus
1400 1943 1489 1996 reniet
1507 1943 1548 1994 ad
1568 1941 1709 2008 judicium
1729 1948 1755 1993 ct
1776 1955 1899 1993 coronas

200 2027 252 2080 mis
270 2027 534 2099 Constantinopolin
553 2030 661 2084 nemeae
678 2044 712 2083 ac
728 2036 793 2083 unte
810 2029 916 2098 templa
934 2028 963 2080 in
981 2045 1037 2082 ma·
1056 2027 1190 2094 justitiae
1210 2027 1362 2080 uictoribus
1385 2029 1495 2081 reddet.
1529 2044 1553 2081 c.
1573 2033 1613 2082 ll.
1645 2027 1715 2080 Post
1730 2024 1902 2079 Antielsristi

71 2123 126 2166 xix.
140 2123 186 2168 tte.
200 2128 256 2181 gno
286 2112 427 2168 hominum
459 2129 615 2181 concursu,
644 2119 676 2167 ut
703 2113 851 2184 pecuniam
881 2112 1035 2183 colligeret,
1064 2120 1177 2166 urortem
1196 2129 1253 2165 aon
1272 2113 1374 2182 futuri
1391 2121 1456 2166 sunt
1474 2113 1530 2166 nid
1554 2112 1748 2182 quadrapiuta
1779 2111 1901 2182 quinque

202 2196 317 2266 dixisse,
341 2217 397 2253 nou
416 2200 521 2268 procaci
540 2198 746 2267 Hierosolymis
769 2199 896 2268 lapidem
920 2199 1038 2252 coelitus
1063 2197 1125 2252 dies
1144 2215 1232 2268 resque
1254 2200 1296 2252 ad
1319 2201 1403 2263 finem
1426 2201 1531 2252 mundi.
1566 2198 1673 2268 Caspai·
1689 2196 1839 2267 Scioppius
1862 2193 1903 2249 ab

202 2284 346 2350 cecidisse,
363 2285 411 2337 cui
425 2285 600 2354 inscriptum,
614 2301 725 2353 paucos
739 2291 805 2354 post
824 2284 884 2338 dics
905 2285 1037 2337 mundum
1063 2282 1184 2337 adventu
1195 2284 1359 2339 antichristi
1378 2301 1466 2355 usque
1485 2285 1520 2339 ad
1536 2283 1673 2356 judicium
1695 2282 1821 2353 praecise
1847 2298 1900 2336 uu-

202 2368 387 2433 iutcriturum,
408 2368 494 2439 idque
509 2369 596 2425 literis
612 2368 758 2441 probabat,
779 2386 849 2440 quas
869 2386 899 2424 se
917 2368 954 2424 ab
972 2370 1036 2426 Ale
1064 2374 1150 2422 meret
1168 2368 1244 2422 mille
1262 2374 1401 2425 trecentos
1418 2370 1535 2442 triginta
1555 2370 1677 2441 quinque
1696 2369 1763 2423 dies.
1790 2366 1900 2423 similis

202 2452 337 2508 xandrino
356 2453 516 2523 patriarche
531 2453 634 2509 habere
652 2453 756 2524 ajebat,
775 2454 803 2509 in
823 2454 878 2509 illis
895 2455 1037 2524 promitte·
1063 2460 1209 2508 occurrunt
1227 2455 1303 2525 apud
1322 2454 1465 2510 Pererium
1488 2454 1536 2512 lib.
1560 2461 1599 2512 15.
1625 2462 1771 2510 comment.
1795 2452 1825 2508 in
1843 2450 1901 2507 Du·

203 2537 304 2592 bantur
329 2545 504 2606 peccatorum
526 2539 717 2608 indulgentiae
741 2539 883 2605 omnibus,
913 2539 960 2610 qui
990 2557 1038 2595 eas
1062 2539 1126 2593 niel.
1145 2556 1173 2609 p.
1192 2545 1249 2595 915.
1269 2540 1424 2611 losephum
1441 2557 1458 2595 a
1477 2539 1563 2595 Costa
1580 2539 1625 2595 lib.
1645 2546 1668 2596 3.
1689 2539 1724 2594 de
1742 2536 1902 2594 nonusimis

201 2623 320 2692 pecunia
341 2632 548 2694 compararent,
572 2624 621 2679 sed
642 2624 727 2695 paulo
745 2631 809 2694 post
824 2624 973 2694 prudentia
989 2642 1037 2696 pa·
1061 2624 1232 2694 temporibus
1249 2641 1273 2679 a
1294 2630 1331 2682 18.
1351 2643 1378 2697 p.
1398 2631 1457 2683 563.
1492 2625 1581 2696 Atqui
1598 2626 1666 2681 haec
1684 2625 1779 2696 opinio
1800 2630 1825 2680 l.
1846 2640 1902 2694 pu·

201 2708 338 2764 triarchae
358 2708 661 2780 Oomtautinopolitani
679 2709 790 2764 detecta
816 2710 985 2781 impostura,
1009 2718 1038 2765 et
1061 2718 1132 2780 guat
1148 2727 1209 2764 cum
1229 2713 1313 2780 efflato
1333 2709 1449 2780 Christi,
1467 2728 1523 2782 quo
1543 2711 1615 2766 diem
1635 2711 1751 2767 extremi
1764 2709 1902 2780 ,iudiciis

202 2794 353 2850 monachus
371 2801 400 2850 et
417 2794 452 2864 ii,
476 2796 524 2864 qui
544 2794 614 2850 tales
636 2793 673 2849 ab
698 2810 731 2850 eo
753 2793 941 2866 indulgentias
964 2812 1036 2851 eme
1062 2812 1202 2867 quoquam
1220 2795 1362 2852 homiuum
1379 2796 1511 2866 praesciri
1534 2812 1616 2866 posse
1636 2802 1721 2868 negat
1739 2795 1840 2851 Matth.
1858 2800 1902 2859 tt,

201 2887 272 2948 rant,
290 2880 603 2937 excummuniutisunt
627 2880 681 2946 Qui
694 2879 1036 2950 iuposturamconiessus,
1062 2898 1087 2934 v.
1108 2886 1149 2936 36.
1185 2881 1269 2937 Marc.
1291 2885 1330 2944 te,
1348 2899 1374 2936 v.
1393 2887 1435 2937 tt.
1471 2882 1567 2937 Actor.
1587 2885 1610 2946 1.
1628 2901 1654 2935 v.
1673 2888 1695 2936 l.
1720 2883 1801 2953 qu'us
1830 2881 1944 2936 veri-rr

202 2981 349 3035 animeque
368 2963 437 3019 fleus
457 2965 563 3020 exires
584 2963 699 3035 templo,
726 2965 779 3020 nisi
797 2982 815 3021 a
833 2966 991 3036 patriarcha
1008 2967 1037 3020 iu
1061 2972 1148 3021 tatem
1169 2967 1332 3038 comprobet
1350 2968 1410 3038 ipae
1429 2968 1614 3023 Bellarminus
1632 2968 1685 3023 sibi
1704 2967 1902 3023 contradicens

201 3050 337 3120 mimium
353 3050 488 3106 ecclesiae
507 3058 644 3120 receptus,
662 3050 761 3113 noluit,
786 3050 815 3104 id
836 3050 911 3121 quod
931 3051 1036 3108 iactum
1062 3051 1110 3106 lib.
1131 3058 1156 3107 l.
1175 3052 1209 3107 de
1222 3051 1331 3108 Christo
1346 3071 1369 3109 c.
1383 3060 1412 3109 5:
1431 3055 1538 3107 Mundi
1551 3054 1621 3123 finis
1639 3071 1696 3108 non
1713 3062 1806 3122 potest
1820 3053 1901 3107 sciri.

202 3143 253 3200 est,
273 3152 336 3191 cum
356 3136 427 3193 serlo
444 3137 566 3207 jocoque
584 3136 767 3208 reprehensus
780 3136 946 3206 prodromua
960 3139 1036 3193 avari
1062 3144 1086 3193 2.
1108 3139 1263 3192 Securituti
1278 3141 1420 3202 fouendus
1438 3140 1548 3208 oblique
1566 3139 1688 3194 inseruit.
1724 3140 1795 3194 llum
1823 3138 1899 3194 enim

202 3238 293 3293 papae
310 3222 466 3293 appellatus
480 3223 587 3278 fuisset.
622 3222 725 3278 Nostro
745 3222 839 3278 seculo
857 3223 970 3295 quidam
996 3224 1036 3280 ia·
1061 3240 1094 3278 ex
1113 3223 1323 3279 Pontificiorum
1343 3223 1492 3295 hypothesi
1504 3223 1692 3280 Antichristus
1710 3225 1836 3279 noudum
1854 3240 1901 3279 ve·

201 3308 310 3364 naticus
331 3308 443 3363 nomine
460 3308 610 3379 Burghans
631 3307 814 3363 revelationes
841 3309 975 3379 quasdam
1000 3310 1036 3365 de
1062 3308 1147 3377 uerit,
1172 3309 1235 3364 ideo
1256 3308 1376 3364 mundus
1397 3310 1502 3365 interea
1522 3327 1586 3364 cum
1606 3327 1686 3366 servo
1713 3325 1834 3381 nequem
1859 3309 1901 3364 di·

200 3383 326 3464 tempore
347 3394 447 3465 judicii
469 3394 600 3462 jactavit,
627 3394 675 3448 sed
701 3410 770 3464 quas
793 3394 856 3463 ipsa
881 3400 1036 3465 temporum
1061 3410 1124 3449 cere
1141 3395 1257 3465 poterit:
1288 3397 1403 3450 Moram
1430 3397 1504 3459 facit
1531 3397 1672 3449 Dominus
1700 3413 1777 3449 mats
1803 3396 1902 3451 uenire

202 3478 373 3549 experientia
390 3479 479 3534 elusit.
1062 3480 1160 3536 Mstth.
1179 3485 1220 3545 tt,
1236 3498 1261 3536 r.
1275 3488 1323 3547 48,
1347 3480 1411 3537 Non
1428 3489 1478 3550 cst,
1498 3482 1573 3552 quod
1593 3483 1655 3553 quis
1674 3487 1793 3552 regerat,
1813 3481 1900 3535 etiam

236 3569 275 3620 80.
323 3565 369 3619 Ad
399 3565 518 3619 classem
548 3563 719 3619 curiosorum
749 3580 782 3618 ac
811 3564 1036 3634 scrupulosorum
1062 3566 1220 3637 apostolum
1246 3567 1472 3634 praemonuisse,
1503 3567 1577 3620 diem
1605 3568 1723 3620 Domini
1750 3584 1807 3620 non
1839 3583 1902 3621 esse

201 3649 408 3718 calculatorum,
432 3651 480 3722 qui
501 3656 622 3707 exuemu
645 3650 754 3721 judicio
772 3656 878 3706 certum
895 3667 929 3706 ac
947 3652 1037 3707 deter·
1060 3659 1213 3716 namucum,
1230 3659 1381 3721 antequam
1390 3652 1580 3706 Antichristus
1601 3653 1782 3708 scrutaturi.
1801 3651 1900 3708 Thess.

200 3735 335 3788 minatum
353 3734 426 3789 diem
444 3735 610 3807 praefigunt,
631 3735 861 3790 acceduntetium
881 3736 1036 3800 Pontificii,
1062 3742 1087 3804 2,
1104 3754 1129 3789 v.
1150 3742 1176 3791 3.
1204 3754 1254 3791 ncc
1278 3737 1369 3790 ultam
1394 3739 1429 3790 dc
1452 3739 1635 3806 suppeditato
1666 3737 1828 3791 sccrsritatis
1847 3740 1900 3808 so·

202 3820 251 3890 qul
269 3821 412 3891 utopicum
431 3838 511 3876 suurn
528 3821 729 3876 Antichristum
758 3838 790 3876 ex
808 3821 883 3876 tribu
898 3821 962 3877 Dan
988 3822 1035 3876 ad·
1061 3828 1152 3876 mento
1167 3822 1261 3874 ἀὼαηι
1274 3821 1333 3889 ipsi
1339 3829 1489 3891 propterea
1504 3823 1593 3877 scribi
1606 3823 1750 3892 potuisse,·
1770 3825 1814 3877 est
1825 3822 1900 3877 enim

199 3905 255 3960 huc
274 3907 445 3961 nasciturum
472 3913 647 3976 exspectant,
672 3922 754 3977 quem
778 3913 834 3960 tres
860 3922 947 3962 anuos
971 3924 1035 3962 cum
1059 3906 1131 3961 ratio
1155 3906 1273 3961 maxime
1300 3907 1407 3976 dispar,
1434 3907 1500 3977 quia
1524 3912 1649 3978 tempore
1675 3907 1796 3978 apostoli
1814 3908 1898 3963 Auti-

200 3991 315 4046 dimidio
339 3991 368 4047 iu
390 3991 471 4048 terris
495 3996 675 4062 regnaturum
700 4008 733 4045 ac
756 3991 803 4047 die
828 3999 893 4062 pust
918 3999 1034 4047 mortem
1060 3991 1179 4045 christus
1196 3990 1320 4046 nondum
1338 3999 1464 4060 venerat,
1483 4008 1565 4062 quem
1582 3991 1636 4047 hcc
1655 3999 1750 4048 nostru
1771 4000 1899 4063 tempore

199 4079 260 4147 ejus
278 4077 490 4148 quadragesimo
511 4077 608 4147 quinto
628 4076 765 4147 judicium
791 4084 949 4132 secuturum
974 4095 1035 4134 esse
1059 4078 1212 4131 revelatum
1232 4091 1264 4129 er
1274 4075 1419 4146 Scriptura
1435 4082 1462 4130 et
1471 4077 1642 4146 experientia
1656 4085 1775 4133 constat.
1800 4080 1898 4135 &Ad-

199 4163 354 4227 somniant,
384 4178 419 4216 ac
443 4169 519 4218 certo
547 4162 623 4217 velut
648 4177 680 4216 ex
710 4162 820 4233 tripode
845 4163 1034 4233 pronuntiant,
1059 4171 1188 4217 necatur
1206 4162 1322 4214 crocata
1339 4162 1505 4230 apostolico,
1523 4163 1598 4232 quod
1617 4161 1755 4218 Dominus
1769 4163 1897 4234 glorioso

200 4265 256 4318 qua
274 4247 381 4303 ratione
404 4265 454 4318 per
473 4255 529 4303 tres
546 4264 635 4303 annos
661 4248 783 4319 integros
807 4249 944 4319 judicium
970 4266 1034 4320 pro·
1060 4263 1111 4303 suo
1135 4247 1258 4301 adventu
1276 4246 1478 4301 Antichristnm
1507 4264 1522 4302 e
1548 4247 1637 4303 medio
1666 4248 1703 4302 sit
1724 4247 1896 4304 sublaturus.

199 4335 270 4388 xime
300 4340 492 4389 antecessurus
522 4333 667 4388 definitum
699 4334 823 4404 ejusdem
854 4343 963 4405 tempus
997 4335 1034 4390 ab
1061 4340 1085 4389 2.
1104 4332 1201 4387 Thess.
1221 4338 1245 4400 2,
1265 4349 1290 4386 v.
1311 4338 1334 4388 8.
1353 4332 1450 4403 utiquc
1469 4348 1536 4404 ergo
1556 4350 1613 4390 non
1631 4335 1816 4410 morietur‘ls
1838 4334 1898 4389 die·

199 4418 327 4474 omnihus
346 4418 480 4489 praesciri
499 4434 582 4489 posse
606 4425 843 4489 praesupponunt.
880 4419 1032 4491 Gregorius
1060 4419 1112 4473 bus
1130 4424 1195 4472 ante
1212 4416 1315 4473 Christi
1330 4417 1489 4475 adventum.
1515 4426 1539 4473 l.
1559 4421 1716 4483 Oorrfssudit
1733 4421 1794 4474 dies
1812 4438 1900 4491 unpe-

197 4505 232 4559 de
251 4503 383 4561 Valentia
407 4511 474 4559 lom.
492 4511 515 4561 t.
540 4509 688 4560 comment.
707 4504 841 4574 disputat.
863 4511 901 4563 ll.
926 4512 1033 4576 quaest.
1057 4505 1173 4558 licceat
1191 4504 1369 4572 propheticus
1388 4521 1451 4558 cum
1469 4504 1644 4571 scalpas-ihus,
1670 4504 1771 4560 Erech.
1790 4511 1817 4570 l,
1830 4511 1897 4562 ui:

196 4596 220 4644 2.
239 4605 304 4661 pag.
324 4595 407 4648 2273:
439 4590 613 4658 Dicendum,
637 4591 711 4643 inter
726 4591 899 4645 Antichristi
916 4601 1032 4647 mortem
1058 4591 1143 4645 Diem
1156 4608 1214 4659 pro
1233 4608 1306 4644 anuo
1327 4591 1399 4645 dedi
1413 4591 1470 4646 tili.
1494 4590 1585 4646 Docet
1605 4591 1749 4662 apostolus
1763 4596 1787 4647 2.
1796 4590 1899 4647 Thess.

196 4683 222 4727 ct
242 4674 350 4728 Chresti
365 4677 516 4729 aduerstum
542 4676 584 4728 ad
602 4674 760 4744 judicium,
784 4679 910 4745 adeoque
934 4679 1035 4732 mundi
1059 4684 1083 4745 2,
1092 4694 1117 4730 v.
1131 4682 1156 4731 l.
1176 4675 1378 4730 Antichristum
1393 4677 1453 4746 jam
1463 4681 1522 4731 tum
1536 4693 1587 4733 suo
1597 4683 1723 4746 tempore
1731 4677 1897 4744 mysterium

195 4761 457 4815 consummationem
482 4760 673 4814 breuissimum
696 4762 828 4830 temporis
851 4763 1033 4817 interuallum
1058 4762 1218 4832 iniquitatis
1245 4761 1365 4828 operari
1387 4761 1520 4830 coepisse.
1555 4761 1621 4818 lah.
1643 4769 1664 4817 l.
1681 4762 1761 4832 epist.
1783 4767 1808 4828 4,
1823 4781 1850 4820 v.
1868 4768 1897 4819 t.

187 4846 332 4912 futurum,
350 4862 447 4914 sempe
462 4847 789 4916 quadragintaquinque
803 4849 921 4904 dierum.
949 4848 1034 4911 Quod
1057 4847 1264 4902 Antichristum
1276 4847 1342 4915 jam
1361 4848 1469 4902 senuas
1486 4849 1592 4913 amerit,
1610 4866 1643 4904 ac
1661 4866 1705 4904 ree
1724 4848 1786 4918 ipsa
1802 4855 1899 4905 osten-

195 4937 286 4985 uutem
306 4949 362 4986 nou
391 4933 499 4986 diutius
521 4933 572 4986 scd
594 4933 688 4986 statim
710 4941 778 5002 post
802 4934 932 5001 csipunsm
955 4935 1033 4990 illud
1056 4933 1111 4999 dit,
1134 4949 1192 4989 nou
1209 4932 1333 5003 potuisse
1349 4938 1456 4988 tantam
1476 4934 1640 4990 Antichristi
1664 4936 1818 5005 potentiam
1837 4942 1898 4991 tam

195 5019 329 5086 temporis
347 5017 528 5072 interuallum
552 5034 571 5069 a
589 5026 677 5072 morte
696 5020 868 5074 Antichristi
891 5019 1031 5086 iudicium
1058 5018 1134 5073 brevi
1152 5024 1277 5088 tempore
1296 5017 1409 5090 colligi,
1434 5027 1467 5075 ut
1486 5018 1554 5075 nihil
1573 5020 1697 5076 dieamus
1717 5021 1752 5075 de
1769 5021 1898 5079 matimo-

189 5105 325 5168 futurum
343 5105 381 5158 sit
398 5112 424 5157 et
442 5103 543 5157 usundi
560 5106 770 5169 consummatio,
785 5105 1030 5175 patamDanie·
1057 5104 1110 5158 niis
1138 5110 1305 5174 martyrum,
1339 5106 1386 5176 qui
1411 5107 1577 5178 jamdudum
1609 5108 1638 5160 in
1672 5107 1791 5162 ccclesia
1814 5109 1899 5162 anti-

194 5187 232 5241 lis
251 5206 276 5243 c.
297 5193 319 5244 7.
341 5189 391 5243 uhi
407 5196 559 5258 postquam
577 5188 651 5243 dicit
674 5191 711 5244 de
737 5189 929 5253 Anticlsristo,
954 5193 1032 5259 quod
1057 5187 1189 5244 chrimum
1220 5205 1352 5261 regnasse
1382 5191 1575 5262 superioribus
1612 5191 1713 5246 seculis
1748 5193 1898 5264 conquesti

194 5282 306 5330 sanctos
330 5274 476 5329 Altissimi
497 5281 632 5342 tantast,
662 5282 690 5329 ct
717 5276 796 5344 quod
823 5275 975 5329 tradentur
1001 5275 1030 5328 iu
1057 5280 1134 5340 suut,
1163 5281 1195 5329 ut
1213 5275 1281 5331 alibi
1301 5276 1409 5347 plenius
1427 5277 1580 5334 docebitur.
1615 5278 1657 5332 Ex
1682 5278 1784 5349 quibus
1808 5280 1897 5334 omni-

193 5376 293 5413 neanus
310 5359 373 5429 ejus
394 5375 482 5430 usque
499 5361 540 5414 ad
556 5368 664 5429 tempus
687 5367 714 5414 st
740 5367 869 5429 tempora
895 5365 923 5412 et
948 5358 1030 5413 dimi·
1057 5359 1109 5413 bus
1122 5358 1287 5431 colligimus,
1304 5362 1334 5416 in
1352 5362 1522 5433 propheticis
1540 5363 1596 5416 illis
1608 5362 1643 5417 de
1657 5363 1804 5418 duratione
1815 5365 1897 5435 regni

193 5447 272 5499 dium
291 5446 434 5516 temporis,
451 5464 514 5500 snos
532 5447 680 5518 adjunxit:
708 5454 735 5500 et
757 5446 899 5516 judicium
916 5445 1031 5500 sedebit.
1057 5444 1258 5501 antichristiani
1272 5448 1392 5503 oraculis
1407 5464 1464 5503 non
1481 5446 1611 5518 vulgares
1625 5447 1821 5520 intelligendos
1832 5465 1897 5505 esse
