4050 6014
213 173 274 232 386
871 159 1102 219 aucturus
1121 159 1271 220 SEXTUS

69 320 90 362 ³
103 319 198 361 sores·
250 323 308 376 118.
345 323 370 374 3.
389 318 438 373 An
454 318 598 373 beatitudo
612 317 947 373 ritbomim'saccidensl
970 315 1050 371 Solus
1078 323 1104 368 et
1123 316 1274 370 delectatio
1292 315 1322 370 in
1341 331 1373 370 eo
1386 317 1450 384 jam
1459 324 1618 385 praesente.
1649 315 1714 372 lam
1730 331 1796 370 vcro
1816 320 1915 370 neutm

70 372 202 465 ιιιιιιιιΙΙῑ
216 405 293 462 Deus
303 405 491 461 essentialiter
506 403 606 458 beatus
616 411 704 459 etsua
719 403 805 474 ipsius
820 401 973 471 beatitudo,
986 400 1052 473 quia
1078 407 1143 455 actu
1163 400 1245 456 finem
1258 401 1385 455 ultimum
1395 400 1582 472 adipiscimur,
1600 418 1656 456 nou
1674 418 1724 472 per
1734 400 1915 469 desidorium,

72 477 188 518 ΜΨ·
213 488 509 559 beatusestaseipso,
520 489 589 545 inse
600 489 669 560 ipso,
682 491 878 559 perseipsum.
891 490 1050 544 Electorum
1078 485 1146 556 quia
1164 487 1355 542 desideramus
1373 487 1539 559 quandoque
1558 504 1600 552 ea,
1617 503 1689 557 quaa
1707 503 1764 542 uon
1784 485 1915 556 adipisci·

216 575 303 647 igitur
321 576 463 630 beatitudo
480 575 619 640 formalis
642 593 698 630 non
717 574 771 630 erit
790 575 910 645 ipsorum
932 573 1051 629 essentia
1078 589 1154 641 mur;
1171 589 1223 628 nec
1241 591 1290 644 per
1308 575 1545 643 acquiescentium
1563 581 1591 627 et
1608 574 1831 641 delectationem,
1850 573 1916 643 quis

216 661 267 716 sed
287 661 425 718 accidens.
469 662 531 715 Erit
553 678 609 716 non
633 662 722 732 ipsum
745 661 819 718 elnae
842 661 891 714 sed
917 657 948 715 εὖ
970 661 1051 715 siunt.
1077 658 1126 714 illa
1156 660 1338 730 praerequirit
1364 660 1403 713 rei
1432 659 1630 729 praesentiam,
1657 675 1714 714 non
1739 666 1833 713 autem
1854 675 1915 713 eam

216 744 300 802 Patet
312 745 367 801 hoc
380 746 540 816 insuperex
553 763 594 812 eo,
613 747 688 816 quod
707 746 882 817 potissimum
901 745 1051 801 iunctione
1077 743 1163 799 efficit
1190 752 1372 814 praesentem.
1418 748 1446 813 8)
1472 750 1559 799 Actus
1591 745 1742 800 voluntatis
1769 754 1798 799 et
1824 744 1916 799 cordis

215 832 360 901 consistat,
379 832 409 885 in
420 832 527 887 visione
543 832 650 887 scilicet
667 838 695 886 et
712 832 842 887 fruitione
859 831 957 885 summi
977 830 1051 896 boni,
1077 830 1196 886 affectus
1211 848 1266 885 nou
1284 830 1371 885 trahit
1388 831 1530 901 objectum
1548 831 1584 885 ad
1598 849 1636 898 se,
1653 837 1686 885 ιιι
1703 831 1771 885 illud
1790 830 1917 885 obtineat

214 918 264 973 illa
278 935 343 974 vero
364 917 495 973 accidens
509 925 560 986 cst,
578 935 634 972 non
651 918 714 989 ipsa
730 919 769 972 rei
788 917 916 972 essentia
953 916 1051 986 Neque
1077 924 1106 970 et
1119 916 1270 987 possideat,
1291 917 1339 970 sed
1353 917 1445 988 potius
1460 917 1549 973 tendit
1561 918 1598 972 ad
1612 916 1761 986 objectum.
1786 921 1813 982 t)
1827 917 1916 970 Actus

215 1020 281 1059 vero
295 1004 446 1074 quidquam
459 1004 621 1073 perfectioni
632 1003 813 1058 beatitudinis
829 1003 882 1057 hac
900 1002 1052 1057 assertione
1078 1002 1235 1057 intellectus
1263 1011 1305 1056 est
1322 1002 1524 1068 nobilissimus,
1550 1011 1578 1056 et
1602 1019 1667 1057 vera
1684 1001 1831 1058 beatitudo
1852 1018 1916 1056 con·

216 1088 381 1157 detrahitur,
400 1089 466 1160 quia
487 1107 541 1143 non
561 1089 729 1152 essentialis,
749 1088 799 1141 sed
818 1087 998 1142 accidentalis
1018 1102 1052 1142 ea
1079 1088 1153 1143 sistit
1171 1088 1199 1141 in
1217 1105 1259 1153 eo,
1277 1095 1309 1142 ut
1327 1088 1427 1160 aliquis
1444 1088 1516 1142 norit
1531 1089 1675 1143 sunbona.
1711 1087 1787 1159 Ergo
1801 1087 1916 1141 ultimus

98 1188 143 1232 11.
156 1188 201 1232 tte.
215 1182 259 1232 est
290 1175 408 1228 hominis
435 1174 584 1246 perfectio,
616 1190 708 1245 neque
735 1173 876 1228 beatitudo
904 1177 1053 1243 propterea
1078 1190 1148 1242 apex
1177 1173 1276 1227 summi
1302 1173 1367 1228 boni
1388 1174 1441 1227 erit
1461 1174 1659 1243 contemplatio
1675 1173 1738 1239 Dei,
1757 1181 1788 1228 ut
1806 1188 1917 1244 semper

215 1259 357 1315 mutabilis
372 1277 406 1314 ac
422 1259 565 1314 varhbilis
585 1261 724 1324 statuitur,
744 1260 810 1330 quia
828 1278 883 1314 non
903 1265 946 1313 est
963 1258 1052 1312 varia·
1080 1258 1171 1313 Patris
1191 1258 1220 1312 in
1236 1258 1346 1314 Christo
1360 1276 1393 1313 ac
1411 1260 1533 1330 cognitio
1552 1260 1661 1314 illorum
1679 1258 1825 1326 bonorum,
1844 1275 1917 1329 quae

216 1346 271 1400 bile
292 1353 320 1400 ct
340 1345 475 1401 mutabile
495 1347 633 1414 accidens,
650 1349 700 1401 sed
717 1354 844 1417 respectu
857 1346 894 1400 ad
912 1345 1051 1400 actualem
1077 1344 1248 1399 habebimus.
1284 1344 1429 1399 Posterior
1448 1345 1586 1399 sententia
1611 1345 1686 1399 hisce
1711 1343 1809 1400 nititur
1834 1361 1915 1416 argu·

215 1431 290 1485 vitae
309 1438 438 1486 aeternae
459 1431 660 1502 possessionem
676 1430 771 1485 habito
792 1429 985 1501 inseparabile,
1008 1429 1051 1482 in·
1078 1431 1193 1485 mentis:
1248 1432 1271 1495 1)
1299 1429 1446 1501 Scriptura
1471 1429 1672 1486 beatitudiuem
1703 1430 1836 1485 describit
1867 1447 1916 1500 per
1929 1437 1970 1479 11.
1984 1435 2021 1476 w

216 1515 348 1571 variabile
367 1524 395 1571 et
418 1516 603 1585 immutabile,
631 1516 705 1572 beati
734 1518 805 1571 enim
832 1525 898 1571 suut
923 1515 952 1569 in
979 1515 1051 1570 bono
1078 1524 1171 1570 actum
1198 1516 1349 1571 voluntatis
1375 1523 1403 1570 et
1427 1517 1560 1571 affectum
1587 1517 1686 1582 cordis,
1709 1516 1841 1571 videlicet
1867 1532 1916 1586 per

215 1601 369 1658 confirmati
396 1618 429 1655 ac
453 1601 569 1672 proinde
595 1602 631 1656 ab
656 1602 731 1656 omni
751 1619 783 1657 ex
805 1602 852 1657 illo
870 1600 1051 1657 beatitudinis
1079 1619 1199 1656 amorem
1227 1608 1256 1657 ct
1282 1601 1425 1674 gaudium.
1456 1602 1558 1658 Psalm.
1579 1607 1620 1672 36,
1648 1620 1673 1659 v.
1700 1607 1724 1656 9.
1752 1601 1853 1657 Matth.
1874 1604 1906 1657 28

216 1694 291 1742 statu
309 1688 454 1743 excidendi
475 1687 599 1756 periculo
612 1686 730 1744 liberati.
763 1687 850 1754 Deus,
867 1687 915 1758 qui
929 1686 1051 1757 ipsorum
1078 1706 1102 1745 v.
1122 1693 1164 1744 23.
1197 1688 1262 1743 doh.
1290 1693 1329 1754 16,
1356 1704 1381 1741 ιι.
1403 1691 1444 1743 22.
1471 1692 1524 1743 etc.
1568 1690 1595 1756 2)
1623 1687 1721 1742 Patres
1745 1686 1842 1740 itidem
1866 1703 1917 1756 per

215 1779 257 1829 est
274 1772 419 1828 beatitudo
439 1774 585 1842 objectiva,
601 1790 657 1828 non
677 1772 849 1829 mutabiliter
867 1771 1050 1841 acseparabi·
1079 1779 1171 1829 actum
1195 1773 1345 1828 voluntatis
1368 1790 1429 1827 eam
1455 1773 1599 1828 definiunt.
1628 1772 1805 1844 Augustinus
1822 1770 1870 1825 lib.
1894 1778 1916 1827 1.

215 1858 279 1914 liter
308 1859 358 1913 sed
386 1858 587 1914 invariabiliter
615 1875 648 1913 ac
678 1859 900 1929 inseparabiliter
920 1874 980 1913 ease
999 1857 1053 1911 illis
1079 1860 1115 1914 de
1133 1860 1220 1914 doctr.
1243 1858 1342 1914 Christ.
1362 1875 1422 1929 cap.
1443 1862 1488 1915 bt:
1519 1858 1632 1913 &mmo
1657 1876 1761 1912 merces
1778 1858 1849 1911 boec
1867 1867 1916 1925 est,

215 1945 409 2000 communicat.
453 1946 497 2011 At,
525 1944 632 2016 inquis,
657 1962 737 1998 omno
760 1946 893 1998 accidens
914 1952 954 1996 est
973 1944 1051 2013 igno·
1079 1948 1187 1999 utDeo
1199 1946 1395 2014 perfruiumur.
1414 1943 1463 1998 lib.
1487 1949 1525 2000 19.
1544 1944 1660 1999 confess.
1674 1961 1735 2014 cap.
1754 1949 1803 1999 tl:
1822 1945 1916 1997 Bouto

215 2030 300 2084 bilius
317 2031 377 2096 illo,
396 2032 478 2099 cujus
497 2039 538 2084 est
556 2031 696 2098 accidens,
719 2048 754 2084 uc
766 2048 823 2099 per
834 2046 864 2081 se
884 2037 910 2082 et
929 2047 982 2082 sua
1003 2046 1053 2081 na·
1079 2031 1138 2082 usto
1166 2038 1206 2083 est
1234 2031 1371 2099 gaudium
1401 2031 1437 2083 de
1464 2031 1590 2082 ueritate.
1619 2027 1667 2083 lib.
1688 2033 1711 2084 8.
1735 2029 1770 2084 de
1789 2029 1842 2083 civ.
1863 2028 1916 2083 Dei

214 2124 281 2171 tura
300 2117 442 2171 mmobite.
481 2115 706 2185 Respondemus:
724 2114 881 2170 accidentia
900 2121 965 2168 sunt
985 2114 1052 2168 duo·
1079 2130 1142 2184 cap.
1165 2119 1196 2168 9:
1215 2116 1304 2168 Nemo
1317 2115 1423 2181 beatus,
1437 2117 1488 2183 qui
1498 2131 1539 2181 eo,
1554 2116 1631 2183 quod
1640 2123 1725 2183 amat,
1736 2131 1793 2167 non
1805 2115 1916 2175 fruitur

214 2220 277 2257 rum
299 2219 449 2274 generum,
475 2201 612 2272 quaedam
640 2218 674 2257 cx
696 2201 810 2255 internis
839 2198 959 2270 subjecti
979 2199 1052 2270 prin·
1079 2207 1130 2255 etc.
1169 2203 1195 2267 3)
1214 2199 1298 2256 Nuda
1312 2200 1365 2255 Dei
1386 2200 1484 2255 notitia
1505 2217 1600 2256 amore
1618 2205 1646 2255 et
1662 2199 1764 2255 affectu
1781 2201 1916 2255 destituta

214 2288 295 2358 cipiis
315 2292 460 2354 emanant,
483 2286 532 2341 illa
556 2295 622 2340 sunt
645 2285 812 2358 ignobiliora
828 2286 889 2355 ipso
912 2283 1052 2355 subject0;
1080 2301 1135 2339 non
1153 2285 1240 2340 efficit
1252 2285 1372 2354 beatum,
1390 2286 1440 2340 sed
1453 2303 1486 2341 ea
1498 2286 1643 2351 duntaxat,
1663 2302 1734 2357 quac
1748 2303 1811 2340 cum
1823 2302 1917 2341 amora

215 2373 354 2446 quaedam
375 2389 441 2427 vero
466 2372 640 2443 aprincipio
660 2378 774 2427 externo
794 2371 1006 2442 proficiscuntur
1024 2377 1053 2425 et
1080 2371 1236 2441 conjuncta.
1282 2372 1337 2426 Per
1364 2378 1457 2426 actum
1481 2371 1631 2427 voluntatis
1660 2371 1782 2428 intimius
1808 2377 1838 2425 et
1855 2387 1916 2441 per·

215 2459 343 2529 subjecto
366 2459 619 2522 communicantur,
643 2474 677 2513 ea
703 2465 820 2528 possunt
845 2475 906 2513 csse
924 2456 1052 2527 digniora
1080 2456 1182 2512 sectius
1200 2458 1397 2529 conjungimur
1411 2457 1480 2524 Deo,
1501 2458 1549 2528 qui
1567 2464 1610 2512 est
1627 2456 1771 2512 beatitudo
1783 2457 1916 2514 increata

215 2544 276 2614 ipso
303 2544 437 2615 subjecto.
481 2543 632 2599 beatitudo
659 2559 714 2597 uon
742 2543 779 2597 ad
804 2543 923 2613 priorem
941 2541 997 2607 [sed
1015 2542 1051 2596 ad
1079 2547 1106 2612 t)
1126 2543 1204 2599 Visio
1221 2543 1275 2598 Dei
1296 2543 1440 2599 ordinatur
1460 2543 1496 2596 ad
1513 2543 1564 2598 Dei
1584 2559 1704 2599 amorem
1723 2548 1860 2615 tanquam
1879 2542 1916 2598 ad

216 2630 394 2702 posteriorem
419 2629 605 2684 accidentium
630 2630 748 2683 classem
773 2628 901 2699 partinet.
936 2627 978 2682 Ex
997 2645 1052 2699 quo
1078 2647 1159 2684 suum
1176 2629 1267 2684 tinem.
1303 2630 1379 2700 Ergo
1397 2630 1426 2683 in
1442 2645 1535 2683 amore
1548 2629 1640 2698 potius
1660 2645 1745 2700 quam
1763 2629 1791 2683 in
1810 2629 1916 2684 visione

216 2715 300 2770 etiam
319 2714 499 2786 intelligitur,
524 2714 592 2786 quid
613 2714 648 2769 de
669 2712 854 2768 mutabilitate
871 2713 1051 2769 beatitudinis
1077 2733 1213 2769 summurn
1235 2714 1378 2769 beatorum
1400 2714 1503 2769 honum
1522 2715 1656 2770 consistit.
1687 2715 1855 2781 Intelleetio,
1874 2714 1914 2768 in·

215 2800 401 2856 statuendum.
435 2800 499 2857 Non
518 2800 631 2872 quidem
650 2816 700 2870 per
719 2816 749 2854 se
767 2805 796 2855 et
813 2816 865 2854 sua
884 2805 985 2853 natura
1000 2799 1051 2853 im·
1078 2801 1139 2872 quit
1160 2799 1282 2871 Scaliger
1296 2816 1384 2855 exerc.
1406 2805 1463 2855 301.
1483 2806 1548 2855 sect.
1570 2805 1611 2855 26.
1629 2807 1670 2852 est
1689 2800 1832 2854 incboatio
1853 2800 1914 2853 beu·
1987 2805 1997 2817 '

216 2887 360 2942 mirabilis
379 2903 413 2942 ea
432 2892 488 2955 est,
505 2886 556 2940 sed
575 2901 609 2940 ex
625 2885 679 2941 Dei
700 2884 881 2955 ordinatione,
900 2901 950 2957 per
967 2901 1050 2956 quam
1077 2886 1209 2938 titudinis
1232 2885 1278 2939 uel
1304 2885 1439 2938 inrltoata
1460 2885 1616 2951 beatitudo,
1643 2885 1714 2939 uelle
1739 2893 1833 2939 amem
1853 2902 1915 2938 eum

216 2973 245 3028 in
263 2972 337 3028 hono
355 2979 437 3027 erunt
450 2970 605 3026 confirmati
625 2988 658 3026 ac
674 2971 792 3043 proinde
807 2970 891 3025 etiam
905 2971 933 3025 in
948 2975 1049 3025 statum
1077 2979 1117 3024 est
1135 2972 1215 3026 illius
1234 2971 1383 3040 perfectio.
1418 2970 1488 3023 (lum
1504 2972 1597 3024 Deum
1615 2971 1758 3038 intelligo,
1775 2971 1843 3040 jam
1861 2973 1912 3024 da·

215 3057 446 3114 immutabilitatis
463 3057 598 3113 translati.
1077 3064 1124 3109 tur
1136 3073 1264 3110 accessus
1276 3059 1318 3110 ud
1338 3057 1469 3110 unionem
1487 3074 1519 3112 ea
1539 3057 1703 3124 cognitione,
1723 3057 1792 3125 quia
1809 3058 1915 3125 species

70 3157 91 3198 t.
104 3154 201 3198 tnasu
252 3150 309 3202 119.
339 3151 365 3200 4.
385 3145 430 3199 An
444 3145 587 3198 beatitudo
604 3144 701 3213 potius
721 3143 762 3195 ael
778 3141 947 3195 intellectum
967 3160 1051 3211 quum
1079 3144 1185 3210 cogniti
1208 3151 1248 3197 est
1275 3144 1343 3197 talis
1361 3146 1460 3209 formu
1479 3143 1676 3212 cognoscentis.
1717 3141 1812 3205 Quare
1829 3161 1916 3196 unum

70 3208 200 3300 {ifffiissss
215 3232 256 3285 ud
273 3231 444 3284 uoluntatem
459 3230 635 3299 pertinebit!
653 3228 766 3284 Certum
782 3234 833 3296 cst,
851 3228 887 3282 ad
905 3233 1051 3299 utramque
1078 3229 1109 3290 fit
1122 3228 1219 3297 aliquo
1236 3231 1329 3283 modo.
1361 3229 1416 3283 Ubi
1432 3246 1543 3283 ueroeu
1557 3229 1611 3282 bac
1628 3228 1817 3283 intellectione
1832 3231 1914 3283 rideo

70 3309 187 3402 mmm?
214 3316 323 3372 animae
343 3316 495 3387 potentiam
516 3331 577 3371 eam
596 3314 750 3386 pertinere,
776 3313 842 3384 quia
868 3320 910 3368 est
929 3315 1050 3369 omnium
1079 3316 1217 3383 quiddam
1236 3315 1355 3370 alterius
1374 3318 1489 3382 bonnm,
1513 3316 1577 3370 uolo
1595 3331 1637 3370 me
1656 3316 1822 3371 similiorem
1842 3319 1915 3384 Deo,

70 3371 178 3453 iiiiii:
214 3401 400 3476 potentiarum
413 3401 555 3471 perfectio,
573 3418 606 3455 ac
619 3398 695 3455 Deus
709 3400 867 3454 eritomnia
885 3401 914 3452 in
927 3401 1051 3453 omnibus
1079 3403 1174 3468 quoad
1197 3401 1290 3466 licent,
1316 3404 1440 3472 efficere.
1478 3402 1581 3470 Itaque
1600 3402 1635 3454 ab
1653 3419 1686 3456 oo
1701 3419 1852 3471 promoveo
1871 3420 1914 3457 me

69 3467 117 3504 Μ
133 3464 203 3515 Μ’
218 3497 240 3548 1.
256 3490 318 3545 Cor.
343 3495 382 3556 15,
403 3507 427 3541 v.
446 3492 488 3545 28.
511 3487 628 3560 proinde
644 3488 727 3542 etiam
744 3486 897 3555 plenitudo
917 3486 989 3539 lucis
1008 3487 1051 3538 in·
1079 3488 1120 3538 ud
1137 3487 1250 3554 aliquid
1263 3489 1437 3555 faciendum,
1458 3488 1656 3556 quounionem
1675 3488 1834 3556 adipiscor.
1864 3492 1914 3543 At-

215 3577 353 3640 tellectui,
375 3575 525 3627 mrrltitudo
539 3574 624 3642 pacis
642 3573 788 3626 uoluntati.
825 3571 880 3626 Sed
900 3572 1052 3642 quaeritur,
1079 3589 1131 3640 que
1150 3572 1217 3626 ilico
1236 3574 1363 3626 nuscitur
1384 3592 1472 3641 umor,
1493 3591 1549 3643 quo
1568 3575 1598 3626 in
1615 3574 1725 3627 actione
1742 3574 1852 3628 sistitur
1868 3593 1913 3630 oo·

215 3662 296 3732 cujus
308 3659 449 3714 facultatis
462 3658 585 3728 potiores
600 3657 711 3712 futurae
727 3658 783 3711 sint
797 3656 910 3727 partas?
928 3657 1050 3711 Thomas
1078 3660 1179 3712 luntas.
1219 3662 1246 3728 b)
1263 3659 1351 3713 Actus
1373 3659 1525 3714 voluntatis
1545 3658 1665 3714 nobilior
1683 3664 1726 3716 est
1749 3666 1814 3715 actu
1831 3662 1915 3715 intel-

216 3749 251 3802 de
265 3744 379 3817 Aquino
402 3751 423 3800 1.
434 3751 456 3799 2.
467 3763 493 3814 q.
504 3747 529 3799 3.
547 3749 599 3800 art.
613 3750 637 3799 4.
655 3744 685 3798 ιιι
703 3745 867 3811 operatione
885 3743 1050 3812 intellectus,
1076 3742 1174 3813 lectus,
1193 3744 1260 3813 quia
1279 3743 1326 3797 ille
1340 3743 1468 3799 libertate
1481 3745 1633 3814 praeditus,
1651 3745 1717 3800 huic
1728 3762 1793 3801 vero
1810 3747 1847 3802 ab
1864 3748 1914 3802 ob·

215 3830 315 3887 Scotus
344 3836 373 3884 et
397 3829 519 3883 Thomas
547 3828 582 3883 dc
607 3829 762 3899 Argentina
792 3835 816 3885 t.
845 3836 962 3885 sentent.
986 3829 1050 3885 dist.
1072 3831 1149 3900 jecto
1169 3830 1319 3885 necessitas
1338 3830 1494 3901 imponitur.
1531 3835 1557 3898 b)
1577 3831 1726 3887 Beatitudo
1740 3833 1868 3888 consistit
1884 3834 1913 3888 in

215 3921 257 3973 49.
283 3915 313 3969 in
338 3916 501 3984 operatione
524 3915 678 3967 uoluntatis
698 3931 758 3968 eam
779 3914 951 3983 potissimum
968 3915 1049 3968 situm
1078 3915 1289 3985 participatione
1312 3924 1338 3971 et
1364 3915 1494 3970 fruitione
1520 3917 1619 3970 summi
1645 3917 1718 3972 boni.
1762 3917 1827 3972 lam
1845 3935 1912 3973 vero

216 4002 278 4057 fore
299 4001 465 4057 existimant.
499 4000 580 4054 Prior
600 4000 737 4055 sententia
760 3999 856 4053 nititur
876 3999 950 4054 bisce
969 4001 1049 4054 ratio·
1078 4001 1188 4068 honum,
1208 4018 1264 4070 qua
1282 4000 1346 4068 talc,
1366 4009 1409 4055 est
1425 4001 1565 4071 obJecturn
1577 4003 1738 4070 voluntatis,
1757 4021 1811 4057 non
1832 4004 1912 4059 intel·

215 4086 311 4143 nibus:
334 4091 359 4153 1)
379 4085 522 4156 Scriptura
533 4084 733 4140 beatitudinem
747 4083 844 4138 delinit
855 4101 904 4154 per
915 4086 1049 4138 unionem
1078 4089 1175 4142 lectus.
1213 4087 1301 4141 Totus
1320 4087 1401 4142 horno
1423 4087 1526 4141 dicitur
1543 4088 1706 4155 simpliciter
1724 4087 1814 4143 bouus
1833 4089 1911 4145 boni·

216 4179 243 4226 et
267 4174 450 4243 cognitionem
474 4172 545 4237 Dei,
573 4186 646 4242 quaa
673 4170 794 4240 pertinet
819 4169 855 4223 ad
878 4170 1049 4224 intellectum
1076 4180 1135 4226 tata
1152 4172 1237 4225 solius
1256 4172 1415 4238 voluntatis,
1433 4172 1540 4226 etiamsi
1555 4172 1647 4226 hebeti
1667 4182 1695 4227 et
1711 4174 1810 4229 obtuso
1830 4174 1911 4230 intel·

214 4256 279 4313 tob.
307 4263 346 4323 17,
372 4275 397 4310 v.
416 4263 440 4313 3.
474 4264 495 4313 l.
518 4256 580 4312 Cor.
603 4261 647 4318 13,
672 4271 698 4308 v.
723 4259 760 4309 12.
800 4259 821 4308 1.
844 4254 906 4311 tob.
928 4260 951 4319 3,
975 4274 1001 4310 v.
1025 4261 1049 4313 2.
1076 4257 1149 4312 lectu
1175 4258 1211 4310 sit
1238 4257 1388 4326 praeditus.
1428 4263 1453 4322 1)
1472 4258 1584 4319 Melum,
1609 4259 1683 4329 quod
1704 4262 1856 4329 opponitur
1872 4261 1912 4315 di·

216 4343 243 4412 2)
270 4343 416 4413 Philippus
445 4341 586 4412 apostolus
614 4343 730 4394 Patrem
756 4340 811 4392 sibi
840 4344 950 4394 ostendi
980 4343 1050 4411 petit
1076 4343 1189 4398 lectioni
1199 4341 1261 4407 Dei,
1283 4343 1414 4397 videlicet
1428 4343 1522 4398 odium
1532 4343 1594 4411 Dei,
1608 4347 1687 4414 pejus
1696 4352 1738 4399 est
1747 4363 1831 4416 quam
1842 4347 1911 4401 illud

215 4428 323 4500 sibique
335 4429 371 4482 ad
388 4427 587 4483 beatitudiuem
603 4426 672 4480 illud
684 4428 816 4488 rusticare
827 4427 925 4480 asserit
936 4426 999 4481 doh.
1011 4433 1049 4495 11,
1076 4429 1187 4498 malum,
1203 4429 1278 4497 quod
1292 4429 1441 4498 opponitur
1450 4427 1502 4482 Dei
1515 4429 1675 4498 cognitioni,
1688 4430 1819 4486 videlicet
1833 4432 1911 4504 igno·

215 4532 240 4568 v.
250 4520 273 4572 8.
293 4519 319 4583 9)
329 4513 426 4569 Patres
436 4530 486 4584 per
498 4513 632 4565 visionem
644 4511 702 4564 Dei
709 4517 797 4566 totum
806 4510 922 4566 formale
931 4513 1048 4568 beatitu-
1075 4516 1154 4569 ratio.
1182 4514 1256 4584 Ergo
1272 4514 1356 4567 etiam
1370 4512 1794 4584 dilectioDeiestpraestantius
1807 4516 1910 4572 honum

216 4600 289 4655 dinis
306 4599 476 4666 describunt,
490 4603 522 4652 ut
534 4597 705 4652 ostendimus
720 4597 853 4667 superius.
876 4598 902 4664 t)
919 4598 1049 4668 Operatio
1076 4617 1159 4670 quam
1180 4598 1233 4653 Dei
1250 4599 1388 4670 cognitio,
1413 4598 1441 4652 id
1463 4599 1638 4669 quodetiam
1659 4603 1795 4670 expressis
1818 4601 1910 4656 verbis

214 4682 1048 4753 voluntatisnouproptersesedpropteroperationemintcl-
1077 4686 1187 4739 videtur
1208 4684 1349 4755 apostolus
1370 4701 1493 4740 asserere
1512 4684 1614 4754 Ephes.
1635 4694 1658 4751 3,
1675 4704 1700 4743 v.
1723 4692 1767 4742 te:
1798 4689 1910 4744 Careias

214 4771 304 4824 luctus
318 4768 468 4839 quaeritur,
481 4768 552 4821 sicut
566 4768 706 4838 appetitus
717 4768 850 4822 naturalis
857 4784 890 4822 ac
903 4771 1049 4825 sensitivus
1077 4770 1184 4825 Obristi
1200 4772 1387 4839 supereminet
1405 4772 1546 4825 scientiae.
1577 4773 1671 4842 Atque
1689 4772 1757 4826 baec
1774 4790 1824 4842 pro
1838 4781 1910 4829 utra·

214 4871 270 4909 non
289 4862 331 4910 est
349 4859 462 4923 propter
481 4854 570 4907 sesed
587 4861 702 4923 propter
716 4853 838 4923 aliquam
852 4853 1048 4923 perfectionem
1076 4874 1130 4927 que
1152 4857 1322 4926 quaestionis
1343 4862 1421 4927 parto
1441 4856 1609 4912 stabilienda
1629 4858 1791 4914 afferuntur.
1823 4861 1911 4917 Nobis

218 4940 384 5010 appetentis.
415 4938 490 5008 Ergo
511 4938 594 4992 etiam
608 4939 731 5008 operatio
750 4938 906 4993 intellectus
918 4949 959 4994 est
971 4958 1048 5011 prae·
1075 4944 1288 4997 Bonaventurae
1301 4948 1326 4997 4.
1341 4950 1409 4996 sent.
1423 4943 1484 4997 dist.
1497 4949 1539 4999 49.
1554 4961 1579 5014 q.
1594 4951 1617 4998 5.
1632 4949 1682 4997 art
1697 4951 1719 5001 1.
1737 4950 1766 4999 et
1776 4945 1909 5000 Richardi

215 5025 340 5079 stantior.
385 5027 411 5092 b)
439 5023 588 5078 Beatitudo
615 5030 657 5079 est
679 5023 790 5094 adeptio
815 5024 877 5078 finis
901 5025 990 5080 ultimi
1015 5045 1048 5082 ac
1075 5028 1142 5082 ibid.
1162 5045 1187 5097 q.
1200 5032 1224 5080 6.
1243 5033 1291 5082 art.
1309 5034 1328 5081 1.
1346 5029 1484 5082 sententia
1497 5029 1608 5083 videtur
1619 5030 1820 5099 amplectenda,
1835 5032 1908 5102 quod

212 5110 351 5180 possessio
368 5111 466 5164 summi
479 5110 553 5178 boni,
574 5109 685 5164 utfinis
704 5109 816 5164 ultimus
839 5127 893 5163 ιιοιι
909 5112 1049 5167 obtinetur
1075 5113 1218 5183 utriusque
1235 5113 1385 5183 potentiae,
1406 5114 1562 5168 intellectus
1582 5115 1686 5169 scilicet
1705 5132 1738 5169 ac
1750 5117 1910 5183 voluntatis,

212 5213 262 5264 ιιι
285 5203 380 5250 actum
404 5195 552 5250 voluntatis
572 5195 621 5249 sed
643 5195 815 5260 intellectus,
836 5195 909 5264 quod
929 5197 969 5251 sic
985 5216 1047 5268 pro·
1075 5204 1204 5269 respectu
1222 5199 1367 5254 beatitudo
1384 5218 1472 5270 aequa
1486 5202 1688 5272 principaliter
1707 5210 1732 5255 et
1749 5203 1907 5257 immediate

212 5280 309 5336 batur:
333 5280 484 5335 voluntatis
509 5287 588 5335 actus
611 5281 685 5334 circa
707 5279 789 5334 fiunem
810 5281 938 5335 ultimum
958 5291 1049 5353 potest
1075 5285 1172 5341 electis
1190 5292 1345 5356 competat,
1364 5288 1431 5358 quia
1448 5287 1590 5358 utriusque
1608 5289 1714 5342 ratione
1735 5288 1826 5343 Deum
1847 5309 1908 5361 pos·

212 5384 272 5421 cese
285 5365 398 5435 duplex,
409 5366 454 5420 vel
467 5368 639 5420 desiderium
653 5366 775 5420 absentis
788 5366 832 5421 vel
841 5370 1048 5437 acquiescentia
1075 5372 1220 5439 ridebunt,
1247 5389 1297 5442 per
1323 5374 1433 5426 claram
1461 5372 1569 5428 scilicet
1594 5374 1742 5441 visionem,
1768 5392 1840 5446 quac
1868 5382 1910 5432 est
