4050 6014
232 219 291 278 let
876 212 1107 270 TRAC'I'A'I'US
1125 214 1306 280 QUARTUS

229 367 292 422 aaa
308 366 418 431 suimus
435 368 607 436 mutuando,
628 370 680 421 sed
697 385 760 422 cum
780 385 840 437 eos,
864 368 914 438 qui
929 376 995 422 tuuc
1021 385 1063 422 re·
1088 373 1112 422 ³.
1136 368 1284 424 Cerinthus
1308 376 1376 425 natu
1407 352 1499 442 major
1518 369 1573 425 fuit
1601 370 1662 441 ipso
1687 369 1785 440 Papio.
1819 368 1927 434 Quodsi

229 454 414 522 surreserint,
429 455 526 508 ducat
537 455 810 508 immoderatissimis
820 456 985 511 carnalitur
998 473 1062 525 epu·
1088 470 1154 525 ergo
1178 453 1284 525 Papiae
1308 455 1402 526 opinio
1426 471 1476 527 per
1501 457 1594 511 omnia
1617 456 1714 510 eudem
1736 455 1838 510 fuisset
1864 470 1928 509 cum

231 539 268 594 lis
285 548 450 608 uacaturus,
472 539 503 594 iu
521 540 621 609 puilia
638 541 716 594 silus
733 540 771 594 sit
795 548 889 594 tantus
915 558 950 595 ac
970 549 1064 611 patus,
1088 541 1213 596 Corinthi
1229 541 1345 609 haeresi,
1363 542 1460 614 utique
1480 542 1670 613 Hieronymus
1688 542 1717 596 in
1729 543 1811 597 catal
1827 541 1928 597 illum.

230 633 262 679 ut
278 627 444 680 nouaclum
461 627 570 680 nullam
592 627 758 681 modestiam
780 635 905 695 teneant,
930 630 982 681 scd
1007 643 1063 680 mo·
1090 627 1220 683 Cerintho
1238 628 1330 698 potius
1350 645 1434 699 quum
1457 628 1563 700 Papiae
1587 631 1650 699 ejus
1675 628 1812 703 originem
1841 626 1928 683 tribu·

231 714 299 765 rlurn
322 729 429 783 proprie
453 713 545 783 ipsius
568 714 775 768 incredulitatis
800 717 951 778 excedant,
983 714 1063 768 usello
1089 714 1163 768 isset.
1200 720 1224 770 4.
1252 713 1401 769 Corinthus
1417 714 1447 769 iu
1465 715 1514 770 illo
1531 732 1619 786 reguo
1636 715 1745 771 futuras
1759 731 1856 770 omues
1875 714 1925 771 im·

231 800 313 853 niodo
334 799 390 852 ista
404 807 525 868 possunt
542 801 601 854 nisi
617 820 636 855 a
653 802 817 855 comeatibus
833 801 919 855 credi.
957 801 1000 853 Hi
1015 819 1064 854 an·
1090 798 1192 870 probas
1208 799 1382 870 voluptates,
1406 800 1517 857 foedam
1541 802 1648 858 scilicet
1665 802 1813 874 epularum
1835 801 1928 874 inglu·

230 892 291 950 torn,
308 887 357 955 qui
371 886 535 956 spirituales
552 896 625 954 sunt,
649 888 717 942 istos
735 890 791 943 isto
810 890 954 942 credentes
969 891 1062 959 χιλια-
1089 885 1176 952 viem,
1196 886 1300 942 ventris
1319 891 1348 941 et
1367 904 1415 954 ca,
1434 905 1506 959 quae
1523 889 1576 943 sub
1594 894 1692 944 venne
1706 895 1787 958 sunt,
1809 887 1928 960 aquisi-

231 971 297 1032 ‹ruic
319 973 466 1042 appellant
492 972 604 1028 Graeco
629 975 778 1043 uocabulo,
805 976 883 1043 quod
908 974 1021 1028 verbum
1049 991 1063 1026 c
1089 970 1197 1026 tissima
1215 972 1396 1028 incitamenta
1415 974 1541 1041 docebat,
1566 974 1615 1030 scd
1635 981 1728 1046 patres
1745 975 1854 1031 nullam
1871 990 1929 1030 ma

230 1062 313 1114 norbo
345 1061 530 1132 eupriruentes
557 1079 610 1116 nas
630 1079 782 1132 passumus
806 1061 968 1116 Milliarios
994 1079 1064 1115 nun·
1089 1055 1179 1111 lorum
1199 1058 1340 1114 homiuum
1358 1059 1564 1131 improbitatem
1584 1067 1633 1115 aut
1643 1060 1815 1132 impietatem
1828 1060 1928 1117 autin·

231 1164 342 1217 cupare.
377 1147 455 1203 Idem
485 1154 579 1204 umen
608 1150 637 1204 iu
666 1149 715 1206 lib.
745 1148 781 1203 de
811 1148 879 1204 eccl.
910 1148 1064 1219 dogmatib,
1087 1144 1227 1213 justitiam
1247 1145 1276 1199 iu
1295 1145 1342 1200 illo
1359 1162 1445 1218 reguo
1462 1146 1587 1201 futuram
1609 1147 1795 1203 crediderunt.
1831 1148 1929 1204 cniu-

232 1235 324 1302 (mouo
349 1233 524 1305 supremus
548 1235 624 1290 riuus
648 1234 713 1290 usu
737 1239 833 1290 cucur
858 1234 907 1303 su)
938 1250 999 1304 cap.
1023 1241 1064 1290 u.
1091 1226 1156 1282 thus
1173 1228 1263 1299 imum
1281 1230 1421 1287 opernm
1438 1233 1744 1300 nonsummum,
1768 1234 1819 1289 ud
1844 1250 1929 1306 asse

232 1318 413 1376 confidentius
431 1337 478 1376 eos
498 1319 606 1376 refellit.
642 1323 680 1375 In
699 1320 812 1385 diuinis,
832 1320 879 1390 uit,
898 1321 1064 1389 manneio-
1091 1318 1167 1370 lenta
1184 1314 1338 1372 chiliastico
1357 1334 1444 1390 reguo
1463 1319 1574 1375 demum
1593 1319 1785 1375 suscitandum
1804 1336 1866 1375 esso
1880 1319 1928 1375 do

231 1406 312 1458 nilico
331 1407 404 1460 nibil
424 1414 565 1461 amenum
581 1406 625 1460 ool
652 1407 847 1460 transitorium
871 1413 1065 1476 easpeaemns,
1091 1400 1163 1469 cuit,
1188 1419 1206 1456 a
1223 1419 1278 1474 quo
1297 1421 1389 1460 errore
1406 1411 1500 1476 patres
1518 1405 1596 1461 fuere
1619 1406 1789 1461 alienissimi.
1827 1413 1852 1466 t.
1871 1408 1930 1462 Au·

230 1492 303 1545 sicut
321 1492 473 1546 Meletiani
488 1500 613 1562 sperant.
650 1496 717 1548 Nou
734 1494 899 1562 nuptiarum
926 1492 1066 1562 copulam,
1093 1488 1221 1557 guttinus
1248 1490 1296 1548 lib.
1317 1497 1358 1547 20.
1385 1492 1421 1548 de
1444 1492 1495 1548 cir.
1517 1492 1572 1547 Dei
1596 1508 1656 1563 cap.
1683 1500 1707 1548 l.
1733 1494 1931 1563 spiritualium

231 1581 304 1632 sicut
326 1578 475 1633 Corinthus
495 1588 521 1633 ct
539 1582 674 1634 Marcion
693 1580 827 1644 delirant,
853 1597 909 1633 non
930 1582 1009 1648 prod
1027 1581 1068 1633 ad
1092 1575 1263 1631 deliaarum
1279 1578 1419 1634 mentione
1438 1586 1548 1649 patrum
1577 1580 1734 1649 opinionem
1758 1579 1930 1641 acetiutbi·

235 1666 325 1720 cibum
343 1666 387 1721 rel
405 1669 446 1721 ad
460 1675 559 1739 potum
573 1668 705 1737 pertinet,
729 1668 802 1722 mord
821 1668 932 1738 Papiae
951 1674 1067 1722 auctore
1092 1676 1147 1715 ana
1166 1660 1283 1720 thaeresi
1317 1664 1449 1735 sejungit,
1485 1664 1674 1721 Tertullianus
1706 1666 1790 1721 etiam
1823 1666 1872 1723 lib,
1905 1672 1929 1723 s.

236 1755 359 1807 Irenaeo
385 1762 411 1807 et
431 1754 626 1808 Tertullianus
650 1762 676 1808 et
693 1753 860 1808 Lactantius
877 1754 1066 1824 acquiescunt,
1093 1747 1344 1806 arnuncort.
1365 1755 1408 1808 24.
1444 1752 1672 1821 Hurosotpnon
1686 1753 1769 1807 illam
1789 1754 1869 1808 each
1882 1757 1930 1809 de·

233 1857 320 1910 eropus
340 1857 394 1909 per
410 1840 489 1895 mdle
507 1858 598 1894 annos
618 1848 685 1910 port
703 1841 935 1895 resurrectionem
951 1858 1067 1910 rcpnum
1093 1833 1181 1888 latam
1200 1837 1291 1890 divim
1308 1838 1404 1907 operis
1424 1840 1560 1907 fatuarum
1584 1839 1683 1894 uruit
1707 1858 1741 1894 uc
1765 1848 1879 1896 murco
1899 1843 1930 1895 ia

238 1927 343 1981 Oluristi
357 1928 388 1981 in
407 1936 485 1980 terra
501 1928 633 1992 futurum
652 1935 679 1982 et
696 1935 809 1981 sanctas
827 1945 889 1981 eum
908 1927 961 1981 illo
974 1927 1005 1981 in
1019 1929 1067 1981 rie·
1094 1934 1129 1972 ta
1146 1922 1342 1988 currulium
1363 1924 1498 1978 bonorrsm
1514 1925 1667 1990 affluentia
1684 1928 1930 1995 referendorum

234 2014 310 2069 liciis
329 2020 496 2081 repncturos
512 2030 663 2085 spercnurs,
679 2015 751 2067 sicut
768 2014 865 2084 Nepos
885 2013 996 2082 mnu,
1018 2014 1069 2082 psi
1093 2004 1240 2076 significat
1268 2009 1384 2065 Interim
1401 2017 1494 2066 tamen
1512 2009 1619 2066 inficias
1639 2011 1679 2068 ire
1697 2030 1752 2068 uon
1772 2030 1930 2085 possumus,

113 2170 116 2175 Ι
215 2103 354 2172 'primm
379 2100 609 2154 resurrectionem
627 2101 773 2169 justorum
796 2107 823 2154 et
843 2101 995 2154 semidam
1018 2100 1067 2153 im·
1094 2091 1269 2148 tutantium
1296 2111 1331 2150 sc
1363 2094 1499 2167 Nepotem
1529 2100 1722 2168 corporalium
1759 2101 1930 2155 deliciorum

229 2187 345 2258 piorum
363 2185 510 2256 confinxit,
535 2194 560 2240 u
577 2187 651 2240 {orror
668 2186 721 2240 tao
740 2189 814 2241 duas
831 2193 1005 2241 mortuorum
1025 2202 1067 2240 η.
1093 2178 1258 2234 mentionem
1277 2180 1393 2253 injicere
1412 2200 1446 2238 ac
1462 2183 1662 2256 Hieronymum
1679 2185 1727 2243 lib.
1740 2187 1818 2243 ltin
1828 2187 1929 2246 Erech.

115 2294 160 2335 n.
175 2291 219 2338 ros,
232 2275 418 2329 surrectiorus
431 2280 526 2340 pentes
546 2272 708 2340 intimantor
722 2273 817 2326 Deum
834 2273 864 2326 in
876 2272 991 2341 aepulis
1013 2279 1067 2326 ur.
1092 2264 1251 2322 indistincte
1267 2274 1375 2323 veteres
1395 2268 1457 2325 illos
1475 2271 1610 2326 ccclesiae
1635 2271 1762 2328 doctores
1787 2274 1930 2329 Judaioa·

233 2378 331 2419 rarum
347 2361 376 2414 in
397 2376 482 2414 carne
498 2361 669 2427 numnius,
695 2376 767 2428 quoe
781 2368 849 2430 poet
875 2359 954 2413 mille
977 2376 1067 2414 annos
1091 2368 1156 2404 rma
1175 2353 1341 2419 sabulonem
1351 2364 1491 2424 patrm
1506 2357 1682 2422 comtituere,
1701 2376 1757 2431 quo
1771 2359 1856 2415 dubio
1868 2377 1930 2430 pro·

233 2447 315 2516 aym·
330 2449 361 2501 i„
380 2454 459 2501 rma
476 2447 621 2516 justorum
646 2446 798 2515 imapum
821 2446 937 2500 amolo
961 2461 1067 2500 moon..
1092 2437 1138 2491 cul
1164 2439 1278 2510 respicit
1303 2440 1493 2513 Chemuicius‚
1523 2443 1635 2515 quando
1656 2445 1685 2499 iu
1712 2451 1781 2501 orat.
1808 2446 1844 2502 ds
1866 2445 1929 2503 lect

234 2537 290 2590 dae
307 2542 372 2588 sunt
389 2535 430 2588 ad
442 2550 570 2603 pupucm
588 2541 685 2588 contra
696 2533 793 2602 justos
809 2540 959 2601 repnentur
970 2534 1067 2587 etDo·
1092 2529 1202 2594 patrum
1221 2528 1310 2596 prim
1331 2527 1454 2584 locorum
1473 2528 1556 2587 theol
1573 2537 1649 2587 tomo
1675 2530 1799 2601 praelixa
1821 2533 1930 2598 asserit,

233 2622 308 2676 mino
324 2639 379 2692 pro
397 2621 486 2689 juplip
507 2627 652 2691 puppam
678 2620 766 2674 imbre
787 2620 869 2688 ipmo
895 2635 1067 2689 pompmpn.
1093 2612 1243 2667 Irenaeum
1260 2614 1438 2669 citilisslm'dad
1456 2617 1587 2688 opinioni
1605 2619 1751 2673 addictum
1768 2619 1799 2673 is
1821 2621 1930 2685 still&-

234 2710 289 2762 das
306 2717 390 2778 atque
408 2707 449 2761 itu
466 2714 592 2760 mortuos
606 2724 668 2760 curn
688 2707 787 2760 ceteris
806 2707 837 2759 in
848 2706 992 2776 impietate
1003 2713 1068 2759 ante
1093 2705 1184 2754 mento
1199 2716 1319 2754 amasse.
1347 2699 1448 2757 Confer
1466 2701 1573 2759 Sirtum
1592 2704 1741 2759 Senensem
1759 2705 1807 2765 lib.
1819 2712 1842 2763 t.
1860 2705 1929 2762 bibl.

234 2797 352 2851 mortun
366 2797 407 2849 cd
425 2802 541 2848 aeterna
559 2793 703 2863 supplicio
719 2795 751 2847 in
762 2793 1067 2862 incorruptibilium
1093 2790 1206 2841 metas
1223 2792 1316 2844 annot.
1334 2792 1391 2843 2³3.
1411 2804 1437 2859 p.
1455 2794 1515 2845 411.
1535 2795 1563 2844 st
1578 2789 1595 2844 l.
1611 2795 1635 2845 t.
1653 2799 1746 2847 annot.
1758 2797 1816 2849 tt'l.
1834 2810 1861 2865 p.
1873 2799 1931 2850 tlt.

233 2882 455 2937 resuscitandos.
485 2878 533 2934 lib.
551 2879 587 2933 de
598 2878 733 2934 haeresib.
752 2879 788 2934 ad
806 2878 1033 2943 Quodvultdeum
1044 2895 1067 2933 c.
1129 2878 1171 2928 lt.
1207 2879 1231 2929 4.
1255 2876 1437 2944 Epiphamm
1461 2877 1586 2932 haeresin
1611 2878 1846 2949 Dimoeriterum,
1870 2898 2015 2952 per-xmo

235 2975 259 3026 8.
296 2966 451 3022 OEuliaaos
471 2966 500 3020 in
519 2964 721 3023 haereticorum
740 2964 855 3020 classem
873 2963 1034 3035 compingit
1093 2957 1196 3013 lectam
1219 2958 1321 3016 Christi
1344 2961 1564 3018 incarnationem
1596 2965 1774 3037 negantium,
1802 2965 1933 3023 refellens

270 3061 312 3110 69.
349 3053 476 3108 Ceterum
497 3052 571 3124 quod
588 3053 726 3122 pardum
744 3051 878 3105 eccksioe
896 3050 999 3105 ueteris
1020 3051 1068 3104 do·
1094 3043 1198 3101 Mes.
1217 3051 1258 3104 l'l.
1279 3065 1306 3118 p.
1327 3054 1386 3104 869.
1403 3049 1433 3104 iu
1454 3048 1517 3105 Iat.
1543 3068 1570 3121 p.
1597 3056 1656 3107 4³5.
1680 3051 1709 3107 iu
1735 3050 1836 3109 Graec.
1860 3053 1934 3110 inter

235 3150 324 3196 ctores
340 3138 463 3194 Corinthi
480 3141 583 3211 dogma
609 3157 642 3192 es
655 3146 741 3211 parte
766 3137 904 3192 duntaxsu
927 3135 1068 3207 amplexos
1093 3136 1185 3186 cetera
1211 3132 1252 3187 sic
1282 3132 1391 3192 scribit:
1429 3135 1491 3190 Alii
1516 3137 1662 3205 diamant,
1698 3154 1787 3193 senem
1816 3139 1929 3208 (liniue

234 3228 320 3283 fuisse
339 3227 473 3292 diximus,
496 3226 567 3282 illud
592 3224 727 3280 Ludovic.
746 3224 831 3280 Vives
851 3224 879 3279 iu
899 3240 996 3279 comm.
1016 3223 1066 3280 lib.
1094 3219 1171 3286 qrwd
1188 3218 1219 3272 ia
1234 3220 1333 3289 prima
1353 3222 1558 3278 rnumectiane
1576 3223 1769 3279 millenarium
1787 3228 1929 3296 quasdam

235 3322 277 3372 20.
297 3316 417 3386 August.
443 3314 478 3368 de
494 3314 544 3369 cir.
563 3313 616 3369 Dei
637 3329 699 3383 cap.
721 3318 743 3366 7.
767 3310 877 3366 disertis
903 3310 994 3365 verbis
1020 3328 1067 3365 uo·
1094 3322 1233 3359 ausorum
1252 3306 1427 3361 absolvemus
1442 3307 1474 3361 in
1494 3309 1595 3363 iisdem
1612 3319 1763 3381 ramata,
1781 3314 1812 3366 in
1828 3313 1929 3382 andus

236 3402 343 3457 bissum
361 3400 475 3469 asserit,
501 3416 534 3454 ac
552 3399 580 3453 in
602 3399 673 3469 disp.
694 3402 717 3452 3.
742 3396 821 3453 novis
844 3394 1010 3466 quibusdam
1027 3395 1067 3451 fa·
1094 3393 1179 3447 otiam
1197 3411 1286 3461 nunc,
1309 3394 1441 3449 nimium
1462 3404 1489 3450 st
1506 3397 1595 3466 lspem
1616 3405 1643 3451 et
1662 3399 1725 3454 alia
1740 3408 1885 3455 seruantes
1903 3408 1930 3454 sl

236 3485 334 3540 uaticis
366 3485 495 3557 opposita
523 3485 599 3539 hisce
624 3482 694 3539 illud
721 3481 913 3537 confirmatum
942 3482 1068 3537 dedimus
1095 3479 1203 3549 omnia,
1223 3497 1294 3549 puae
1312 3481 1343 3534 in
1360 3499 1414 3535 usu
1433 3490 1498 3536 sunt
1518 3485 1550 3537 in
1568 3486 1686 3552 mundo,
1706 3487 1874 3558 nuptiisque
1895 3504 1930 3541 ao

235 3572 418 3644 argumentis,
444 3578 467 3628 1.
485 3588 541 3626 non
559 3578 601 3626 est
623 3568 784 3639 verisimile,
808 3569 870 3638 pios
895 3574 1001 3624 veteres
1018 3569 1069 3624 Ju-
1095 3566 1306 3621 circumitione
1328 3575 1353 3623 et
1370 3569 1438 3623 aliis
1465 3571 1693 3641 participantes5
1721 3573 1755 3626 id
1772 3575 1849 3642 quod
1872 3590 1929 3629 non

235 3659 316 3714 duica
338 3659 445 3714 somnia
469 3663 498 3711 et
516 3656 696 3712 cerinthiana
717 3662 846 3727 portenta
870 3655 905 3711 de
930 3662 1070 3727 gemmato
1094 3652 1179 3706 ualde
1207 3655 1243 3707 eie
1268 3654 1332 3723 ipso
1362 3657 1544 3711 credidimus.
1586 3658 1685 3711 Verum
1711 3658 1785 3712 sicut
1812 3660 1930 3728 purione

236 3753 264 3801 et
281 3761 366 3801 aurea
382 3744 577 3813 Hierosolyma
598 3743 627 3797 in
647 3743 728 3798 terris
750 3742 917 3798 exstruenda
937 3759 972 3798 ac
991 3742 1068 3796 volu·
1095 3740 1293 3806 nummu,
1327 3742 1379 3795 too
1406 3743 1511 3797 dieiere
1539 3743 1631 3813 issum
1656 3752 1847 3798 monuerunt.
1890 3747 1931 3800 Et

235 3833 361 3904 ptatibus
378 3829 536 3886 cunalibus
561 3829 590 3883 in
612 3829 708 3884 eadem
730 3828 875 3898 sperandis
900 3828 987 3883 fuisse
1013 3844 1068 3883 am·
1096 3827 1174 3894 quod
1191 3827 1303 3896 pidem
1322 3829 1460 3897 emptum
1479 3836 1520 3883 eet
1543 3831 1580 3884 de
1596 3830 1761 3885 milenarius
1781 3831 1835 3884 linc
1852 3838 1932 3886 escto

235 3919 337 3990 plexos.
373 3917 476 3987 Ecquis
495 3916 568 3970 enim
587 3915 696 3983 credat,
720 3915 782 3969 illos
801 3915 1016 3971 circumcisionis
1041 3921 1070 3970 et
1096 3915 1126 3966 in
1142 3914 1323 3984 Apocalypsi
1341 3915 1498 3983 Jalannis,
1520 3925 1547 3971 et
1571 3919 1649 3987 quod
1672 3920 1754 3987 apud
1777 3917 1929 3988 plerosque

236 4003 347 4061 sabbati
371 4001 607 4065 observationem,
629 4001 826 4057 sacrificiorum
849 4002 1019 4057 oblationem
1040 4002 1069 4056 in
1095 4007 1224 4069 receptae
1243 4008 1283 4054 eet
1296 4000 1366 4055 liter
1380 4002 1466 4057 ctiam
1481 4005 1561 4073 apud
1577 4003 1664 4073 e‘pscs,
1682 4005 1864 4070 manifestum
1880 4014 1930 4061 eet.

236 4091 395 4147 Christiana
428 4087 545 4144 ecclesia
577 4089 678 4143 iterum
705 4088 891 4158 exspectanda
918 4087 1069 4143 statuisse?
1096 4085 1222 4140 Plurimi
1235 4103 1300 4142 esra
1317 4094 1344 4142 ct
1362 4088 1410 4158 pii
1427 4091 1463 4144 dc
1479 4090 1678 4159 ερίνίιιιαὶίῦυε
1697 4091 1790 4146 edocti
1812 4099 1839 4146 et
1856 4108 1932 4160 puae

238 4184 261 4233 2.
279 4177 423 4239 heuneus,
451 4191 532 4245 quem
552 4174 689 4229 Eusebius
715 4181 744 4229 ct
762 4173 950 4244 Hieronymus
968 4175 1071 4231 chilia-
1096 4172 1289 4244 spiritualiter·¹
1307 4175 1338 4228 in
1360 4175 1426 4244 ipsa
1447 4192 1477 4229 se
1500 4176 1601 4231 halent
1627 4186 1834 4246 ocpnoscentes,
1862 4195 1932 4233 sera

237 4263 286 4318 stis
306 4266 462 4328 accensent,
491 4259 538 4314 lib.
559 4266 581 4316 1.
600 4261 662 4317 adv.
686 4261 794 4317 haeres
818 4278 878 4331 cap.
896 4267 938 4317 25.
974 4261 1071 4317 Cerin-
1097 4261 1209 4330 pidem
1226 4277 1298 4330 uss,
1323 4262 1353 4315 in
1369 4263 1571 4330 perfunditur
1589 4272 1681 4319 amen
1700 4265 1852 4319 declarata
1870 4282 1931 4320 sess

237 4350 316 4403 thum
338 4347 481 4403 haereseos
504 4351 630 4410 moueat,
654 4346 700 4402 lib.
721 4352 744 4402 3.
769 4363 831 4418 cap.
851 4352 873 4402 3.
902 4364 966 4402 eum
991 4356 1073 4403 vocnt
1098 4350 1223 4404 aedunt.
1259 4350 1325 4403 Non
1345 4349 1435 4403 solum
1454 4351 1527 4403 enim
1547 4350 1599 4404 loc
1624 4350 1687 4406 illic
1712 4354 1861 4420 moriende
1887 4353 1931 4406 di·

238 4437 380 4490 inunum
401 4434 527 4489 cerdatis
551 4439 636 4505 atque
660 4434 751 4501 addit,
773 4436 933 4491 Jolnnucm
961 4445 1072 4506 aposto·
1099 4442 1172 4488 ctum
1190 4442 1239 4502 est,
1258 4435 1413 4489 sedetiam
1431 4436 1495 4491 alio
1511 4437 1608 4493 mulla.

238 4523 297 4576 lum
314 4521 437 4575 noluisse
454 4539 515 4574 cum
530 4521 592 4590 ipsc
609 4523 748 4575 communi
765 4521 808 4575 uti
823 4522 929 4578 balneo.
941 4520 987 4580 lib.
1001 4525 1072 4594 ejus·
1134 4525 1174 4576 71.
1216 4527 1239 4576 5.
1270 4520 1373 4577 Nostro
1411 4522 1504 4578 seculo
1534 4521 1707 4578 chiliasmum
1741 4524 1771 4580 in
1798 4523 1934 4581 eeclesiae

240 4609 302 4664 dem
322 4623 384 4677 cap.
405 4613 442 4662 ll.
458 4606 533 4662 circa
549 4606 621 4663 med.
641 4607 734 4676 refert,
758 4608 917 4662 Jolannem
935 4610 1072 4679 erunpcli·
1098 4607 1273 4678 proscenium
1306 4607 1473 4665 reduxerunt
1507 4611 1726 4679 Anolcptistae,
1763 4611 1797 4666 ds
1831 4611 1934 4682 qussrns

240 4713 301 4750 com
314 4711 395 4747 auom
418 4693 562 4747 turnum
584 4692 715 4748 Corintho
742 4695 913 4764 opposuisse.
949 4694 989 4750 At
1012 4696 1073 4767 quis
1100 4697 1266 4766 Argustana
1284 4693 1421 4750 confessio
1440 4701 1491 4751 art
1513 4702 1552 4752 l'l.
1570 4696 1609 4753 sic
1630 4697 1764 4768 loquitur:
1783 4699 1933 4754 Damnosi

239 4780 348 4848 credat,
372 4778 533 4836 Cerinthum
550 4779 588 4834 ab
605 4778 720 4835 Irenaeo
743 4780 889 4836 haereticis
913 4780 998 4837 misse
1024 4799 1072 4837 an·
1100 4790 1128 4835 ct
1143 4781 1217 4836 ulios
1237 4783 1360 4852 (nostrae
1377 4781 1537 4851 ecclesiae),
1565 4786 1616 4854 qui
1632 4802 1705 4839 nnnc
1723 4793 1862 4855 spcrpunt
1880 4788 1935 4840 Ja-

239 4873 427 4933 uumeratum,
453 4867 476 4920 si
504 4882 566 4922 cum
595 4867 655 4938 ipso
685 4867 782 4922 eadem
810 4867 960 4923 sensisset?
996 4868 1073 4925 Neve
1100 4870 1201 4923 dauns
1221 4869 1379 4939 opiniones,
1405 4871 1483 4939 quood
1500 4878 1564 4925 ants
1582 4872 1813 4926 resurrectionem
1831 4881 1934 4928 moru-

240 4955 302 5026 quis
318 4953 447 5025 excipiat,
468 4954 618 5007 Irenaeum
636 4974 655 5008 a
676 4954 810 5009 Cerintho
830 4956 860 5007 in
879 4954 946 5007 aliis
965 4957 1072 5010 diesen·
1099 4973 1179 5010 orum
1202 4956 1252 5026 pii
1274 4973 1391 5023 repnum
1408 4959 1507 5011 mrmdi
1533 4958 1701 5030 crematuri
1724 4967 1802 5024 sunt,
1832 4961 1934 5031 ulique

240 5043 317 5110 sisse,
336 5041 366 5093 in
384 5040 541 5094 oliliastico
558 5049 650 5095 cutem
669 5059 755 5109 repro
772 5041 830 5110 ipsi
846 5037 1002 5115 ὁμόψηφον
1023 5045 1073 5105 fu·
1100 5042 1241 5112 oppressis
1267 5043 1377 5112 impiis3
1407 5042 1527 5115 Philipp.
1552 5044 1714 5100 Melanthos
1742 5045 1771 5100 in
1798 5045 1869 5117 disp
1899 5047 1935 5105 de

241 5129 304 5191 isse,
323 5127 485 5197 notandum,
503 5126 578 5198 quod
598 5126 767 5192 Victorinus,
785 5143 867 5198 quem
886 5126 1073 5198 Hieronymus
1100 5127 1239 5184 furoribus
1266 5135 1295 5184 et
1318 5129 1424 5184 delitiis
1444 5130 1584 5202 Anabapt.
1603 5138 1667 5186 tom.
1688 5137 1711 5188 1.
1732 5131 1837 5187 Witeb.
1856 5131 1934 5191 Lusi

240 5213 336 5270 itidem
366 5213 435 5269 facit
465 5212 641 5279 chiliastam,
675 5213 900 5267 commentarium
933 5231 1013 5268 suum
1045 5215 1073 5270 iu
1099 5216 1307 5285 Analnptistco
1323 5219 1486 5287 afficerent,
1512 5226 1642 5287 oportere
1665 5227 1731 5272 ante
1752 5219 1935 5276 monum

240 5299 431 5372 Apocalypsin
451 5298 527 5354 hisce
543 5299 690 5354 concludat
706 5297 810 5354 vorbis:
836 5300 916 5368 Erpa
936 5302 1076 5356 audiendi
1099 5304 1174 5357 diem
1194 5304 1223 5356 in
1243 5303 1328 5356 terris
1345 5320 1461 5372 rspnum
1483 5304 1589 5359 (lusisti
1602 5307 1660 5360 tals
1676 5306 1816 5370 anans,
1836 5309 1867 5361 in
1879 5325 1934 5377 quo

242 5404 296 5442 non
314 5395 386 5457 sunt,
405 5387 456 5456 qui
469 5386 548 5440 mille
565 5402 703 5440 annorum
720 5401 837 5455 repnurn
855 5395 996 5442 terrenum
1015 5405 1074 5443 esse
1094 5391 1144 5459 pii
1160 5390 1337 5444 dominentur
1364 5398 1391 5443 st
1417 5408 1512 5445 omnes
1540 5407 1620 5461 rapsa
1645 5392 1749 5461 impios
1773 5393 1935 5465 opprimam

241 5475 420 5543 confirmant,
449 5473 498 5543 qui
527 5489 589 5526 cum
616 5471 748 5529 Cerintho
775 5474 917 5530 loeraico
942 5477 1073 5534 sentium.
1099 5494 1135 5531 ac
1152 5475 1273 5531 munt.
1308 5476 1390 5532 suno
1414 5480 1489 5533 15³0.
1507 5475 1629 5547 quidam,
1656 5478 1701 5533 cui
1719 5493 1818 5533 nomen
1837 5478 1935 5550 Aspu-
