4050 6014
782 157 835 212 na
850 156 1035 214 musano
1046 157 1209 216 sun1cr0.
1798 173 1857 232 103

144 328 172 363 a
188 310 325 377 pontifics
345 310 477 373 defectio.
503 310 665 366 Dominicns
685 327 703 366 a
720 312 787 367 Soto
802 319 825 367 4.
846 318 913 367 sent
929 312 991 365 dist.
1021 310 1078 365 illis
1096 313 1213 367 devictis
1231 319 1425 384 occupatnms,
1444 314 1567 384 itemque
1592 315 1667 386 quod
1690 317 1858 374 subacturus

147 401 195 452 46.
213 413 238 467 q.
263 402 284 452 1.
303 405 353 452 art.
382 402 405 451 t.
428 413 478 466 per
501 395 686 465 ἀποστασίαν,
711 398 747 451 de
773 414 829 468 qua
851 397 1005 468 apostolus.
1019 397 1073 451 sibi
1093 397 1129 450 sit
1145 398 1214 451 alios
1233 403 1338 467 septem
1355 415 1435 470 reges
1453 405 1481 453 et
1500 416 1533 453 eo
1559 400 1640 455 modo
1667 402 1855 458 monarchiam

148 481 285 537 2.Tbess.
306 487 331 548 2,
348 500 372 536 v.
384 486 408 537 3.
429 483 559 553 loquitur,
574 483 705 551 disputat,
721 484 918 553 accipiendam
933 499 992 535 csse
1016 483 1102 536 totius
1123 484 1218 537 mundi
1238 491 1432 554 occupaturus,
1444 486 1510 554 quin
1530 494 1639 540 etcum
1658 488 1854 545 innumerabili

149 569 300 640 duplicem·
309 569 513 632 discessionem,
525 585 609 621 unam
620 570 656 621 ah
669 571 787 637 imperio
801 571 881 623 ciuili
888 578 914 622 ct
926 577 990 621 tem-
1017 569 1139 623 exercitu
1157 575 1217 623 toto
1235 571 1303 623 orbo
1316 569 1488 623 Christianos
1508 581 1720 642 oppugnaturus
1740 592 1773 629 ac
1792 592 1853 645 per·

145 656 258 724 parali,
278 655 425 708 alterumn
439 663 578 725 potestate
592 657 740 724 spr'ritnali
752 665 777 709 ct
790 657 990 722 ecclesiastica,
1016 661 1175 724 secuturus3
1194 672 1227 709 ac
1247 655 1318 709 inter
1335 673 1382 711 eos
1407 658 1550 711 Enoclrnm
1573 665 1600 712 et
1627 660 1717 714 Elianr
1742 661 1855 716 interfe-

151 758 237 808 qnurn
250 741 396 795 Romanus
405 742 537 810 porutifen
550 743 659 809 obtinet,
673 758 705 795 ac
715 743 833 812 priorem
846 741 990 796 discessio·
1016 747 1123 794 cturus:
1146 747 1184 797 18.
1206 742 1280 812 quod
1290 743 1403 795 tandem
1417 743 1576 798 dehiscente
1596 745 1689 799 oliveti
1705 746 1801 801 Monte
1819 747 1855 802 ab

150 844 215 882 nem
241 831 300 898 jam
322 835 429 881 exstare
453 827 558 890 asserit,
583 843 644 880 cum
669 828 822 898 temporale
847 825 1185 898 Romanae.archangelo
1211 827 1347 882 Michaile
1369 828 1472 899 ligatus
1495 830 1522 883 in
1551 829 1690 884 infernum
1716 832 1795 886 virus
1819 834 1856 889 sit

152 913 384 982 urhisimperium
398 913 457 981 jam
470 912 627 978 cessaverit,
644 914 822 982 posteriorem
839 913 931 967 adhuc
946 888 1260 982 ex·lpraecipitandus;
1282 920 1319 969 19.
1339 914 1412 984 quod
1433 914 1479 968 die
1507 924 1570 984 post
1597 912 1758 971 Antichristi
1785 936 1854 974 mor·

152 999 272 1071 spectari
282 1017 334 1069 per
346 998 527 1052 defectionem
546 999 630 1052 totius
651 998 725 1053 orbis
744 1016 761 1053 a
779 1001 846 1052 sede
857 1001 990 1055 Romana.
1003 992 1072 1059 item
1091 1003 1132 1052 th.
1154 998 1281 1053 Christus
1298 999 1485 1068 adjudicium
1506 1017 1521 1052 o
1541 1001 1624 1055 coelis
1642 1003 1679 1055 sit
1706 1004 1854 1060 rediturus.

151 1085 208 1142 Sed
228 1085 311 1155 hujus
336 1085 408 1155 rigni
434 1082 508 1137 nulla
525 1085 552 1137 in
572 1084 722 1154 scripturis
740 1091 849 1139 exstant
864 1085 992 1154 vestigia.
1018 1081 1109 1136 Hasce
1124 1083 1334 1137 Pontificiorum
1353 1086 1387 1137 dc
1407 1086 1520 1154 utopico
1541 1086 1715 1143 Antichristo
1733 1089 1854 1158 ineptias

152 1172 278 1227 Deiectio
296 1190 314 1223 a
333 1172 390 1232 ride
408 1171 567 1239 apostolica
579 1170 650 1222 inter
661 1170 742 1240 signa
754 1170 843 1223 ultimi
854 1171 990 1224 adrentus
1018 1184 1049 1221 ex
1067 1175 1146 1237 parte
1163 1169 1263 1239 prohat
1280 1169 1394 1224 Hieron.
1414 1171 1559 1233 Zancbius‚
1584 1174 1695 1243 quando
1721 1174 1750 1227 in
1774 1181 1853 1230 tract.

149 1254 989 1326 numerarurt.Tim.s,v.1.qu0sensusnsmqutdamaeci-
1017 1255 1051 1306 de
1076 1253 1131 1308 fine
1148 1255 1244 1308 mundi
1267 1263 1331 1310 tom.
1351 1262 1374 1310 t.
1395 1272 1509 1324 operum
1537 1258 1588 1311 col.
1608 1264 1647 1313 85.
1669 1260 1709 1312 sic
1740 1260 1852 1314 scribit:

48 1355 131 1397 aaa.
147 1345 229 1414 piunt
238 1343 398 1397 vaticinium
407 1342 487 1396 Pauli
500 1348 522 1396 2.
532 1341 631 1396 Thess.
642 1347 665 1408 2,
677 1359 700 1392 v.
712 1347 735 1397 3.
746 1342 795 1394 sed
806 1340 988 1395 defectionem
1018 1342 1084 1393 Etsi
1108 1359 1163 1393 non
1185 1360 1270 1410 nepo,
1294 1360 1410 1411 regnum
1425 1361 1523 1412 papiae
1544 1360 1603 1397 esse
1629 1363 1744 1414 repnum
1770 1347 1851 1400 Anti·

148 1448 166 1482 a
183 1433 250 1484 sede
268 1431 400 1482 Romana
410 1444 469 1482 esse
488 1427 654 1481 antichristi
674 1426 719 1479 vel
733 1427 786 1480 diei
802 1426 942 1480 novissimi
954 1426 988 1479 si·
1016 1427 1122 1493 christi,
1148 1437 1283 1497 quartanas
1303 1431 1332 1481 in
1353 1447 1385 1482 so
1391 1431 1535 1497 permulta
1560 1433 1761 1500 defenduntur,
1777 1449 1850 1501 qnae

149 1534 242 1583 gnum,
253 1514 381 1583 nuspiam
392 1513 516 1584 legimus.
527 1513 642 1566 interim
653 1513 739 1582 probe
750 1511 840 1565 notari
848 1511 988 1581 jubemus,
1017 1528 1049 1563 aa
1059 1513 1197 1566 diametro
1203 1523 1335 1581 pugnant
1347 1532 1408 1567 cum
1416 1517 1546 1569 doctrina
1555 1518 1669 1581 Christi,
1683 1536 1717 1570 uc
1727 1520 1851 1586 proinde

149 1602 224 1672 quod
234 1599 500 1653 Dominicusasmo
509 1597 639 1663 fateatur,
656 1599 839 1661 defectionem
858 1598 988 1664 ahimpc·
1016 1601 1099 1650 etiam
1117 1617 1174 1650 non
1194 1601 1312 1664 inficier,
1333 1602 1424 1669 ipsum
1434 1620 1550 1672 papatu,
1565 1604 1757 1670 dumrcpnum
1775 1605 1853 1658 illud

149 1691 196 1743 rio
215 1690 344 1741 Romano
360 1703 414 1754 per
434 1687 650 1739 translationem
664 1686 816 1754 potcstatis
838 1685 931 1737 uirilis
959 1685 987 1735 in
1011 1700 1142 1749 prrpnans
1175 1703 1235 1737 cum
1255 1685 1363 1739 Christi
1390 1704 1475 1756 repna
1501 1690 1631 1756 defendit
1654 1697 1680 1741 et
1704 1691 1852 1745 doctrinas

150 1778 311 1830 Romanum
341 1772 503 1839 pontificem
532 1773 666 1840 jamdum
699 1788 758 1824 essa
787 1772 905 1835 factam.
959 1758 1000 1832 ut
1016 1769 1122 1822 Christi
1140 1788 1198 1823 aesc
1212 1773 1400 1838 pertinaciter
1412 1775 1537 1841 opponit,
1560 1775 1850 1842 csseAntichriatum,·

150 1860 322 1916 Antichristi
347 1859 496 1925 cuirmdam
520 1858 629 1927 utopici
653 1875 686 1909 ac
709 1858 878 1926 imapinnrii
898 1872 985 1923 praa·
1013 1857 1114 1920 ncpari
1130 1865 1221 1909 tamen
1239 1876 1295 1910 non
1309 1867 1410 1927 potest,
1428 1862 1849 1930 tanquamscilicetprohahde,
1863 1869 1917 1912 xlx
1935 1871 1982 1916 284.

147 1948 277 2002 sentatio.
326 1943 465 1998 Pontificii
496 1943 578 2014 longe
608 1944 692 1999 aliurn
720 1940 922 1996 Antichristum
942 1958 987 1994 ex·
1013 1943 1081 2009 quin
1100 1942 1151 1994 sub
1162 1943 1249 2010 finem
1268 1944 1489 2009 secrdisuturus
1508 1947 1545 1998 sit
1564 1947 1680 2013 quidam
1708 1949 1790 2001 homo
1819 1951 1851 2002 r'n

149 2038 282 2104 spectant
292 2048 374 2101 quarn
388 2048 458 2095 eum,
478 2030 526 2099 qni
544 2047 561 2083 a
579 2029 696 2094 Christo,
708 2029 833 2095 Daniele,
851 2027 939 2080 Panlo
959 2033 987 2081 et
1014 2028 1133 2079 ecclesia
1164 2029 1284 2095 Christi,
1309 2030 1359 2096 qui
1386 2030 1511 2098 reliquos
1535 2048 1630 2084 ornnes
1659 2033 1852 2088 Antichristus

148 2119 280 2176 dohanne
299 2117 369 2169 vivis
388 2115 525 2170 coloribus
543 2115 623 2169 nobis
643 2121 684 2168 est
702 2115 837 2184 depictus.
881 2113 987 2166 Somni·
1014 2113 1134 2180 malitia,
1144 2116 1273 2182 potentia
1288 2124 1339 2168 etc.
1357 2126 1475 2184 superet,
1489 2119 1590 2186 qrsiqae
1604 2119 1730 2171 editurus
1750 2121 1787 2172 sit
1800 2121 1851 2173 mi·

149 2210 200 2259 ant
217 2203 291 2258 enim
312 2202 346 2255 de
365 2218 398 2255 eo
418 2208 440 2258 t.
461 2201 535 2271 quod
556 2201 592 2254 sit
608 2200 718 2255 futurus
737 2200 884 2270 singularis
903 2216 985 2266 quac·
1013 2200 1124 2262 recula,
1146 2208 1171 2252 et
1191 2202 1226 2253 de
1246 2201 1296 2254 hoc
1311 2201 1422 2254 homine
1440 2201 1545 2272 aliquis
1560 2207 1726 2257 contendere
1745 2208 1852 2274 poterit

148 2291 216 2344 dam
237 2304 370 2359 persona3
391 2293 414 2341 2.
434 2287 508 2355 qnod
527 2286 563 2338 sit
579 2285 735 2339 nasciturus
762 2301 794 2339 ex
819 2284 894 2338 tribu
914 2283 987 2348 Dan,
1013 2286 1176 2338 vaticinium
1195 2288 1272 2340 iliud
1288 2288 1529 2356 JohannisApoc.
1545 2293 1585 2344 11.
1605 2292 1682 2342 adda
1701 2297 1727 2343 et
1742 2292 1851 2346 Danie·
1900 2288 1903 2296 '

149 2377 277 2446 adeoque
295 2374 407 2427 natione
421 2373 529 2427 futurus
548 2372 673 2427 Judaeus
688 2389 721 2425 ac
736 2372 851 2440 proinde
871 2370 985 2423 circum·
1013 2373 1050 2424 lis
1076 2375 1111 2425 de
1136 2373 1226 2426 trihus
1251 2375 1335 2427 annis
1359 2392 1419 2428 cum
1444 2375 1565 2428 dimidio
1591 2377 1668 2429 Dan.
1696 2378 1852 2446 11.quiom

147 2462 302 2529 citandus,
322 2465 346 2515 3.
365 2460 440 2530 quod
456 2475 489 2512 ex
508 2458 656 2513 fornicaria
674 2458 797 2524 muliere,
821 2473 876 2511 non
895 2462 986 2510 autem
1013 2458 1064 2510 ille
1085 2467 1257 2527 regnaturus
1278 2461 1391 2526 dicitur,
1411 2461 1534 2527 intelligi
1546 2478 1639 2529 posse.
1660 2462 1710 2516 col.
1736 2466 1777 2518 88.
1803 2463 1851 2516 ad·

149 2566 185 2602 ex
206 2546 331 2618 legitimo
349 2545 523 2599 matrimonio
541 2545 577 2597 sit
593 2544 764 2607 nasciturns;
788 2550 813 2600 4,
832 2543 987 2612 etquidem
1014 2543 1062 2610 dit,
1081 2545 1159 2612 qnod
1178 2545 1206 2596 in
1222 2544 1434 2599 nouummoillo
1447 2546 1633 2610 Antichristo,
1644 2548 1694 2615 qui
1709 2549 1851 2612 sabrinam

150 2637 179 2691 in
198 2632 357 2702 Babylone;
377 2639 398 2686 5.
417 2631 492 2701 quod
513 2630 673 2683 educandus
700 2628 783 2683 sitin
804 2628 940 2684 Chorazin
960 2634 988 2683 et
1013 2631 1101 2682 secali
1119 2638 1251 2683 uenturus
1270 2638 1317 2699 est,
1338 2630 1518 2684 traducturus
1535 2632 1573 2684 sit
1588 2631 1678 2685 Satan
1695 2650 1743 2686 sca
1761 2635 1852 2687 omnus

150 2719 331 2785 Bethsaida,
344 2723 368 2772 6.
395 2715 469 2785 qnod
496 2715 533 2768 sit
554 2724 721 2786 regnaturus
750 2715 780 2768 in
805 2714 987 2784 capernaum.
1010 2716 1159 2782 plenitudo
1179 2717 1314 2780 malitiae,
1332 2718 1442 2770 sicutin
1457 2717 1689 2771 Chrestohahs'tut
1698 2719 1851 2788 plenitudo

147 2805 270 2870 Quidam
291 2810 386 2857 tamen
405 2800 578 2872 probabilius
598 2806 719 2866 censent,
739 2801 987 2871 quodHierosolp·
1013 2801 1172 2854 diuinitatis
1189 2803 1385 2869 corporaliter.
1425 2801 1482 2857 Sed
1507 2803 1541 2856 de
1559 2803 1680 2857 anilibus
1698 2804 1758 2857 istis
1777 2804 1850 2859 Pon·

153 2894 208 2946 mis
226 2891 320 2946 sedem
347 2888 426 2959 regni
446 2888 482 2941 sit
499 2887 645 2941 habiturus
661 2903 694 2940 ac
714 2886 847 2957 templum
864 2886 986 2941 Salomo·
1013 2885 1160 2940 tificiornm
1196 2887 1279 2958 nugis
1312 2888 1341 2941 in
1372 2889 1534 2959 quaestione
1559 2890 1594 2944 de
1619 2889 1792 2944 Antichristo
1817 2906 1851 2944 ex

151 2979 195 3033 nis
213 2975 455 3040 reaedificaturum
472 2973 521 3026 alii
539 2972 618 3029 initia
634 2972 712 3043 regni
724 2974 785 3041 ejus
797 2973 826 3025 in
838 2972 987 3041 Babylone
1012 2975 1136 3042 professo
1156 2979 1300 3027 tractatur.
1336 2973 1363 3041 t)
1383 2975 1470 3043 Lipni
1492 2975 1585 3027 mucis
1609 2976 1798 3042 redintegrati
1819 2978 1850 3030 in

148 3068 302 3131 quaerunt;
332 3060 380 3115 alii
396 3059 518 3120 tradunt,
539 3058 613 3129 quod
631 3058 765 3129 palatium
784 3074 863 3110 suum
881 3063 986 3111 exstru-
1013 3059 1090 3112 coelo
1108 3059 1262 3126 apparitio.
1295 3058 1418 3112 Thomas
1443 3058 1603 3112 Waldensis
1620 3067 1684 3114 torn.
1703 3066 1727 3115 3.
1753 3061 1788 3116 dc
1807 3077 1850 3116 sa-

149 3156 247 3204 cturus
275 3148 312 3202 sit
335 3147 417 3216 juxta
444 3145 593 3214 Nicopolin
611 3162 660 3199 seu
677 3145 781 3197 Emans
801 3144 872 3197 inter
883 3145 985 3196 Lacum
1012 3150 1143 3199 crement.
1163 3144 1209 3198 lib.
1228 3145 1269 3198 tit.
1289 3150 1329 3200 20.
1345 3161 1406 3214 cap.
1422 3151 1478 3201 158.
1492 3146 1753 3215 dispuntantem
1768 3148 1850 3201 illam

149 3234 329 3306 asphaltitem
348 3239 376 3286 et
397 3231 474 3285 Mare
492 3230 733 3297 mediterraneum,
759 3237 844 3298 atque
866 3229 931 3282 inde
950 3229 986 3282 ad
1013 3247 1121 3283 crucem
1148 3232 1278 3300 tipasam,
1303 3233 1351 3284 cui
1377 3232 1502 3289 Christus
1527 3233 1634 3295 affines
1653 3232 1712 3296 fait
1734 3241 1759 3287 et
1777 3250 1849 3303 quae

150 3322 282 3377 verticem
300 3319 405 3372 Montis
420 3317 514 3371 oliveti
540 3332 746 3386 progressurus,
771 3320 803 3369 ut
826 3314 986 3385 Hierosoly·
1013 3318 1129 3369 nuncin
1154 3318 1285 3370 minimas
1310 3317 1472 3385 particulas
1503 3326 1561 3369 toto
1589 3319 1655 3371 orbe
1679 3319 1773 3371 diuisa
1800 3326 1849 3384 cst,

148 3423 222 3461 mam
240 3410 358 3474 occupet
370 3409 398 3458 et
407 3402 506 3456 solium
520 3401 631 3470 imperii
640 3400 683 3454 sni
694 3401 722 3454 in
733 3416 766 3454 ea
775 3398 859 3469 figat3
879 3408 901 3454 t.
913 3401 985 3470 quod
1012 3403 1111 3455 iterum
1135 3404 1272 3456 diuinitus
1294 3403 1512 3468 reformandam
1533 3411 1558 3455 et
1582 3403 1612 3454 in
1634 3404 1712 3456 coeio
1731 3405 1849 3472 appari·

149 3507 355 3563 praecursorem
376 3488 522 3542 habiturus
552 3487 589 3540 sit
608 3486 862 3559 eloquentissimum
890 3504 986 3556 quem·
1013 3498 1115 3543 terram.
1148 3488 1229 3542 Hanc
1248 3488 1406 3558 opinionem
1424 3487 1628 3558 amplectuntur
1645 3487 1797 3558 Gregorius
1813 3490 1849 3545 de

148 3578 223 3649 piam
236 3575 508 3640 concionatorem38.
521 3573 594 3642 quod
609 3573 795 3643 regnumejus
810 3571 933 3626 futurum
950 3572 987 3625 sit
1012 3573 1143 3629 Valentia
1166 3578 1232 3632 torn.
1256 3579 1280 3628 t.
1306 3589 1403 3627 comm.
1426 3573 1477 3626 col.
1502 3577 1577 3647 3313.
1614 3572 1750 3628 Bessaeus
1770 3590 1848 3629 conc.

148 3662 359 3732 amplissimum,
375 3659 614 3730 opulentissimum
623 3675 655 3712 ac
663 3657 886 3728 potentissimum
900 3657 985 3711 omni·
1013 3667 1036 3712 t.
1054 3659 1088 3713 de
1106 3665 1228 3713 extremo
1242 3658 1350 3726 judicio
1373 3666 1443 3727 part.
1468 3664 1491 3713 t.
1510 3657 1571 3714 Joh.
1597 3659 1711 3713 Osorius
1734 3665 1800 3714 tom.
1824 3666 1847 3716 2.

148 3767 194 3803 um
205 3763 354 3818 regnorum
364 3746 468 3813 mundi,
482 3762 553 3815 quae
562 3761 684 3814 unquam
695 3743 821 3813 suerunt;
838 3750 864 3799 9.
875 3743 985 3797 interim
1012 3761 1088 3799 conc.
1107 3762 1134 3814 p.
1154 3749 1212 3800 915.
1234 3743 1345 3797 Blasius
1362 3745 1397 3797 de
1415 3744 1506 3815 Viega
1532 3745 1560 3798 in
1587 3762 1648 3815 cap.
1676 3750 1696 3799 l.
1716 3748 1804 3816 Apoc.
1821 3764 1847 3817 p.

147 3843 243 3889 tamen
259 3833 333 3887 idern
348 3833 406 3886 fore
419 3830 619 3893 brevissimum,
632 3829 697 3899 quia
708 3828 836 3899 regnabit
851 3830 988 3883 duntaxat
1012 3836 1054 3886 tt.
1074 3837 1159 3900 atque
1176 3829 1213 3882 ad
1227 3844 1288 3883 eam
1301 3829 1519 3899 accommodant,
1527 3831 1601 3901 qnod
1621 3832 1649 3884 in
1668 3830 1740 3885 festo
1753 3818 1848 3885 inven-

151 3938 239 3974 annos
257 3927 313 3972 tres
330 3935 394 3972 cum
412 3917 541 3984 dimidio;
563 3923 600 3970 10.
618 3917 693 3986 qnod
706 3915 872 3970 sacrificium
887 3917 988 3970 missae
1012 3916 1094 3971 tionis
1119 3915 1209 3970 crucis
1233 3914 1352 3969 ecclesia
1372 3915 1499 3970 Romana
1527 3917 1615 3970 canit:
1647 3917 1709 3971 Hoc
1737 3919 1849 3986 signam

147 4013 177 4060 et
193 4023 289 4059 omnes
312 4004 439 4075 publicas
459 4003 635 4058 Christianae
657 4002 798 4073 religionis
817 4002 988 4056 ceremonias
1012 4003 1104 4056 mucis
1121 4004 1176 4056 crit
1194 4003 1225 4054 in
1243 4002 1328 4069 coelo,
1350 4019 1412 4054 cum
1430 4003 1571 4056 Dominus
1597 4005 1638 4055 ad
1654 4004 1849 4072 judicandum

146 4092 184 4146 sit
208 4091 376 4159 aboliturus3
405 4095 443 4145 tt.
469 4090 544 4161 quod
565 4089 755 4160 gravissimam
774 4096 802 4143 et
821 4088 987 4143 manifestis·
1012 4090 1125 4142 senuit.
1170 4087 1229 4143 Nec
1254 4087 1344 4142 crucis
1371 4087 1506 4141 duntaxat
1530 4087 1652 4158 lignum,
1677 4089 1725 4143 scd
1749 4096 1778 4143 et
1793 4090 1850 4145 alia

151 4178 249 4231 simam
269 4176 491 4248 persecutionem
511 4175 643 4229 adversus
662 4174 835 4229 Christianos
856 4175 892 4229 sit
908 4191 987 4228 exer·
1012 4173 1149 4245 passionis
1167 4173 1330 4227 Dominicae
1349 4173 1533 4227 instrumenta
1554 4190 1587 4227 ac
1615 4175 1793 4244 monimenta,
1818 4183 1849 4228 ut

147 4264 262 4328 citurus,
283 4279 347 4316 curn
367 4263 397 4316 in
415 4264 539 4317 exercitu
560 4262 620 4331 ejus
639 4276 735 4315 omncs
758 4261 837 4330 impii
864 4262 921 4315 sint
943 4261 985 4315 iu·
1013 4262 1180 4328 columnam,
1201 4261 1306 4329 cmpos,
1324 4263 1416 4326 funes,
1434 4277 1567 4314 coronam
1586 4261 1713 4328 spineam
1734 4269 1783 4314 etc.
1810 4259 1847 4315 ab

145 4349 202 4403 turi
216 4355 244 4403 et
257 4355 354 4419 aperto
366 4347 456 4402 Marte
471 4346 616 4401 ecclesiam
629 4347 833 4417 oppugnaturi,
855 4352 887 4402 12
912 4347 986 4417 quod
1013 4346 1119 4418 angelis
1142 4351 1210 4401 tunc
1234 4345 1351 4401 ferenda
1376 4352 1507 4402 statuunt.
1551 4343 1673 4399 Thomas
1697 4345 1725 4399 in
1753 4361 1847 4415 opusc.

147 4450 249 4489 nomen
268 4439 296 4488 et
313 4434 458 4488 character
475 4435 534 4504 ejus
551 4432 608 4485 sint
623 4432 734 4501 ignota:
755 4437 794 4488 13.
815 4433 890 4503 quud
905 4450 922 4486 a
935 4433 985 4488 Jn-
1012 4438 1036 4487 2.
1053 4449 1112 4502 cap.
1130 4436 1198 4489 244:
1223 4431 1354 4484 Veniente
1371 4431 1494 4483 Domino
1517 4432 1557 4482 ad
1569 4430 1714 4497 judicium
1736 4431 1848 4499 signum

146 4521 224 4576 dreis
242 4538 293 4592 pro
312 4520 415 4575 Messia
434 4521 470 4575 sit
493 4519 686 4589 recipiendum
711 4524 749 4573 14.
775 4517 850 4588 quod
874 4535 985 4589 persua·
1012 4519 1104 4571 crucis
1127 4524 1153 4570 et
1172 4516 1233 4570 alia
1248 4515 1395 4587 passionis
1422 4515 1547 4582 insignia
1572 4517 1847 4572 demonstrabuntur.

147 4623 228 4661 surus
254 4606 290 4660 sit
314 4605 430 4671 mundo,
453 4605 550 4661 desum
581 4603 752 4658 Salvatorem
783 4612 905 4658 nostrum
931 4621 986 4658 non
1012 4602 1162 4672 Viguerius
1178 4618 1240 4671 cap.
1259 4601 1335 4669 tlh
1360 4606 1393 4655 2:
1417 4602 1526 4654 Dicunt
1549 4601 1748 4672 contemplari,
1771 4605 1849 4671 quod

145 4708 208 4747 essa
234 4709 331 4748 verum
349 4690 499 4756 Christum,
516 4706 546 4744 se
564 4706 630 4745 vero
650 4705 709 4744 esse
727 4705 823 4742 verum
845 4688 984 4744 Christum
1012 4687 1166 4750 inferiores
1185 4687 1350 4756 angelorum
1370 4687 1485 4739 ordines
1504 4686 1649 4741 Christum
1672 4688 1848 4757 praecedent

144 4778 175 4831 in
195 4777 258 4849 lege
275 4785 304 4832 et
321 4777 464 4847 prophetis
480 4777 656 4847 promissum,
681 4776 810 4845 quodque
833 4774 984 4829 affirmatu-
1011 4781 1037 4826 et
1055 4773 1429 4842 aliiscquentnrsecundnm
1438 4773 1604 4841 dignitatern
1617 4790 1705 4826 asum.
1733 4773 1848 4827 Primus

144 4880 193 4917 rus
213 4863 256 4928 sit,
287 4880 318 4918 se
340 4880 401 4918 esse
426 4863 517 4917 Deum
543 4868 572 4916 et
594 4879 644 4933 pro
664 4862 726 4916 Deo
754 4859 914 4928 colendum3
943 4866 983 4916 15.
1011 4859 1351 4929 infimiordinisportahit
1361 4859 1847 4929 enacminhacprocessionmpri·

145 4950 220 5020 quod
240 4949 352 5003 futurus
370 4949 407 5002 sit
425 4964 524 5019 magus
543 4955 571 5003 et
588 4947 696 5002 occulte
721 4945 862 5001 diabolum
886 4947 983 5000 adora-
1003 4963 1070 4998 -mus
1082 4945 1201 5015 angelus
1212 4946 1332 4999 secundi
1343 4945 1455 4998 ordinis
1463 4947 1591 5015 portabit
1601 4943 1847 5014 funea,qaihusli·

143 5040 240 5102 turus3
270 5039 309 5089 lb.
333 5034 407 5104 qnod
430 5034 582 5090 secundum
608 5033 719 5088 literam
742 5032 866 5087 facturus
889 5031 933 5100 sit,
952 5037 984 5085 ut
1008 5039 1091 5100 patus
1108 5031 1167 5094 fnit
1184 5031 1339 5094 Dominus;
1353 5032 1463 5100 primus
1482 5032 1561 5085 tertii
1576 5031 1688 5084 ordinis
1705 5030 1781 5091 feret
1788 5030 1845 5099 sta·

142 5119 217 5190 ignis
235 5118 314 5174 coelo
334 5120 492 5189 descendat,
508 5125 595 5190 utque
614 5119 707 5191 imago
721 5119 827 5175 hestiae
843 5118 982 5189 loquatur,
1008 5116 1086 5185 pella
1106 5123 1132 5169 et
1148 5117 1245 5186 sirpus
1249 5137 1261 5184 ,·
1270 5117 1381 5187 primus
1395 5118 1495 5186 quarti
1505 5118 1582 5182 feret
1593 5116 1768 5183 columnam,
1780 5118 1846 5185 pri·

141 5220 176 5260 ac
195 5205 270 5275 qnod
290 5205 470 5260 simulaturus
488 5205 533 5276 sit,
558 5222 589 5261 sc
613 5207 682 5260 mori
710 5211 738 5261 et
761 5212 981 5276 resurgers31'l.
1007 5220 1068 5257 mus
1078 5202 1291 5273 quintiordinis
1299 5203 1588 5273 murmurantum
1596 5203 1849 5273 est5primusssati

141 5291 218 5359 quod
238 5298 413 5362 pugnaturus
437 5292 473 5347 sit
501 5309 564 5347 cum
585 5291 675 5347 tribus
699 5290 827 5363 regibus,
850 5291 980 5345 nimirum
1007 5290 1120 5356 claros,-
1133 5288 1247 5358 primus
1265 5289 1377 5359 septimi
1388 5289 1555 5359 spongiam
1568 5289 1846 5359 primusoctariha·

141 5375 277 5447 Aegypti,
295 5376 406 5449 Libyae
423 5381 452 5432 et
470 5376 647 5447 Aethiopiae,
667 5383 753 5448 atque
774 5393 869 5432 eorum
892 5391 981 5447 regnu
1006 5375 1212 5443 stam5primus
1224 5374 1294 5430 noni
1303 5393 1436 5431 coronam
1448 5373 1576 5445 spineam
1588 5383 1636 5431 etc.
1657 5374 1758 5430 Petrus
1769 5373 1847 5445 Thy-
