4050 6014
224 223 285 286 303
877 212 1272 274 rmmarussamus

222 371 418 443 triumphantis
427 371 560 428 ecclesiae
579 371 702 428 denotat
722 371 851 427 Mensura
869 373 940 426 muri
961 384 1057 427 secun-⁴
1084 373 1259 427 Deuotautur
1280 370 1356 425 varia
1376 378 1404 426 st
1424 370 1546 441 insignia
1566 369 1685 439 Spiritus
1709 368 1799 423 sancti
1815 367 1917 422 charis·

222 459 288 512 dum
310 458 516 529 spissitudinem
537 460 590 512 suit
607 468 714 512 centrum
727 460 921 526 qrsadrapinto
937 467 1058 526 qnatrror
1084 466 1166 520 mata,
1185 456 1285 528 quibus
1304 457 1424 527 apostoli
1443 465 1471 511 et
1488 474 1582 512 omines
1596 456 1675 511 electi
1688 457 1715 508 in
1735 456 1792 508 vita
1804 461 1918 509 aeterna

222 546 377 599 moditor-um
388 546 476 614 justa
493 563 651 598 mensuram
676 547 810 612 hominis,
833 563 904 613 quae
926 554 951 599 et
972 545 1057 597 etiam
1084 552 1163 598 erunt
1181 544 1313 599 exornati.
1348 544 1450 611 ,Iaspis
1468 560 1578 613 gemma
1600 543 1694 596 viridis
1717 549 1745 596 et
1765 541 1919 612 pellucido,

221 632 320 700 onpeli
339 649 363 686 v.
386 638 426 688 17.
451 631 477 685 h.
498 649 520 687 e.
540 631 611 686 tales
631 631 719 685 cubiti
736 631 936 701 intelligantur,
961 631 1057 700 quales
1083 631 1305 699 adspectugrata
1320 636 1349 684 et
1361 630 1496 698 jucunda.
1517 630 1583 699 quin
1597 637 1625 682 ot
1643 631 1739 684 oculos
1755 628 1916 684 corifortans

205 723 288 775 ,sunt
306 717 422 772 bominis
440 734 457 771 a
476 718 572 773 cubito
591 735 677 788 usqne
697 717 733 770 ad
753 718 953 771 extremitatem
968 716 1056 785 digiti,
1085 716 1198 770 denotat
1214 718 1361 769 caritatem
1373 715 1470 770 Decet
1488 715 1645 769 homiuibus
1663 722 1785 785 grutam3
1804 713 1918 784 sapphi-

221 820 279 874 qna
298 804 379 858 etiarn
398 803 515 874 angelus
533 803 561 856 in
580 803 669 858 forma
688 804 808 858 hominis
827 803 949 858 lohanni
971 817 1055 870 appa·
1082 821 1131 854 rus
1150 802 1338 857 coelitorrnem
1354 803 1475 857 colorem
1490 802 1603 868 babens,
1623 819 1723 872 corpus
1740 809 1875 871 vegetans
1887 816 1917 853 ac

221 907 285 944 rens
303 890 347 943 hic
366 890 420 943 suit
440 908 514 945 usus.
534 890 691 959 Spissitndo
705 891 757 942 ista
771 890 839 943 muri
855 889 1056 943 securissimam
1083 889 1167 941 radiis
1191 889 1329 943 solaribus
1349 896 1439 942 tactus
1459 889 1600 942 ardentem
1618 906 1650 943 er
1672 905 1702 941 se
1726 888 1840 940 mittens
1866 886 1917 939 ful-

221 977 306 1046 hujus
320 977 441 1031 civitatis
461 977 616 1030 custodiam
634 977 758 1043 denotat,
782 976 856 1046 qiiod
875 974 911 1028 ab
930 973 1056 1029 hostibus
1083 992 1192 1045 goram,
1213 974 1351 1045 significat
1369 978 1473 1027 (lunum
1491 977 1660 1043 inpotentiae,
1687 974 1762 1045 qnod
1782 972 1918 1042 angelicis

129 1104 132 1111 .
221 1081 273 1118 nec
293 1063 473 1126 transscendi,
492 1080 543 1116 nee
564 1063 717 1132 expugnari
737 1064 833 1131 possit.
859 1065 885 1127 t)
908 1062 1057 1126 lictoriae,
1084 1062 1222 1115 urentibus
1253 1062 1313 1130 pios
1342 1070 1484 1130 comparat
1511 1079 1543 1114 uc
1571 1062 1642 1114 vires
1670 1063 1779 1114 animae
1804 1059 1832 1112 iu
1860 1060 1918 1113 lleo

222 1167 255 1203 ex
273 1167 329 1220 qua
353 1156 493 1204 exstructa
520 1156 575 1213 est,
598 1150 770 1217 pretiositas.
809 1149 959 1202 Structura
981 1149 1058 1199 muri
1083 1147 1194 1217 deligit3
1213 1147 1414 1199 chalcedonius
1432 1148 1579 1217 estpallidi
1595 1146 1696 1202 coloris
1714 1145 1918 1200 ctiortissinrac

222 1244 283 1290 erat
298 1237 403 1304 jaspis,
420 1237 485 1305 ipsa
503 1253 568 1289 uero
587 1237 686 1288 civitas
704 1254 804 1288 aarum
820 1236 953 1287 necandum
965 1233 1057 1285 similo
1083 1233 1262 1300 residentiae,
1284 1233 1322 1285 ita
1340 1240 1371 1286 ut
1392 1233 1419 1286 in
1440 1250 1473 1287 eo
1493 1233 1554 1303 quis
1573 1235 1698 1302 sculpere
1718 1240 1811 1303 queat,
1834 1230 1919 1300 signi—

221 1323 293 1376 uitro
314 1324 417 1373 mundo
439 1339 463 1374 v.
483 1327 521 1377 18.
542 1321 595 1376 hoe
615 1326 657 1373 est
677 1322 799 1374 murier
816 1320 927 1390 jaspide
940 1324 968 1372 ct
981 1319 1056 1386 pari·
1084 1319 1149 1372 licat
1167 1321 1270 1372 donum
1291 1320 1456 1387 intellectus,
1477 1337 1532 1390 quo
1553 1336 1598 1373 ea.
1625 1337 1696 1388 quae
1712 1317 1777 1373 fidei
1795 1324 1869 1383 sunt,
1891 1317 1918 1369 in

222 1413 345 1461 mentum
363 1406 440 1461 urbis
461 1412 520 1461 erat
545 1424 577 1460 ex
603 1424 670 1461 auro
698 1423 783 1475 puro,
807 1408 906 1475 pluteo
934 1406 1057 1458 ciuitatis
1083 1404 1196 1460 coelesti
1214 1405 1303 1474 patria
1317 1404 1437 1472 perfecte
1452 1405 1649 1475 intelligentur,
1670 1404 1780 1457 interim
1797 1403 1864 1472 quia
1877 1419 1918 1457 ea.

222 1513 323 1548 aarum
342 1496 476 1547 mundum
492 1502 627 1561 tanquam
646 1494 746 1545 vitrum
765 1492 941 1560 preducidum
967 1509 992 1543 v.
1014 1496 1055 1545 21.
1083 1507 1154 1559 quae
1172 1490 1236 1544 fidei
1254 1496 1332 1558 sunt,
1359 1490 1452 1543 nullus
1476 1490 1633 1543 intellectus
1658 1495 1767 1543 creatus
1788 1489 1872 1558 plane
1892 1494 1919 1540 ct

220 1581 332 1634 Aurum
350 1582 483 1633 mundum
503 1580 618 1634 denotat
635 1579 791 1647 puritatem,
818 1578 1002 1631 sinceritatem
1023 1593 1055 1628 ac
1083 1577 1163 1644 plene
1188 1577 1412 1647 comprehendit,
1440 1577 1503 1631 ideo
1530 1577 1633 1630 donum
1656 1577 1814 1630 intellectus
1839 1576 1917 1645 quasi

102 1666 396 1721 latit->sanctitatem
418 1665 577 1733 electorum,
605 1670 633 1719 et
651 1665 717 1734 quia
735 1664 902 1735 pellucidum
924 1671 972 1729 cst,
992 1663 1055 1716 ideo
1083 1663 1197 1731 pallenti
1216 1664 1302 1732 lapidi
1326 1669 1516 1733 comparatum
1543 1664 1714 1730 smarnpdos
1731 1663 1849 1716 eximiae
1877 1669 1920 1714 est

220 1770 315 1808 eorum
335 1753 418 1807 ctiam
436 1752 590 1805 claritatem
610 1753 744 1820 exprimit.
770 1750 902 1821 Fulgebit
920 1751 948 1803 in
967 1749 1055 1804 beatis
1082 1749 1232 1803 viriditatis
1245 1766 1277 1803 ac
1298 1749 1520 1819 pulchritudinis,
1539 1749 1653 1804 denotat
1672 1751 1776 1801 donum
1796 1749 1919 1816 consdii,

221 1838 344 1892 caritatis
363 1839 455 1893 fervor
470 1838 634 1893 etcoelestis
649 1837 802 1906 sapientiae
817 1837 956 1906 splendor,
977 1844 1057 1889 erunt
1084 1836 1159 1905 quod
1177 1836 1206 1889 in
1227 1854 1256 1889 sc
1279 1836 1410 1890 decorum
1436 1854 1502 1906 erga
1525 1836 1594 1890 alios
1617 1852 1647 1889 se
1671 1834 1817 1899 diffundit3
1848 1852 1920 1888 suia·

222 1925 273 1979 toti
291 1925 437 1994 pellucidi,
461 1924 536 1978 intus
565 1941 598 1977 ac
624 1923 692 1977 foris
718 1923 828 1977 divinae
854 1923 924 1976 lueis
946 1923 1055 1992 partici-
1084 1924 1186 1993 ragdos
1207 1922 1310 1977 resistit
1327 1922 1424 1978 morbo
1443 1922 1589 1988 comitiali,
1616 1922 1656 1974 sic
1681 1921 1783 1976 donum
1812 1921 1923 1976 consilii

223 2009 335 2079 patiens
353 2009 459 2079 repleti.
492 2013 607 2069 Aurum,
627 2009 652 2061 h.
666 2025 689 2062 e.
710 2009 822 2063 divitias
840 2009 936 2062 mundi
955 2010 983 2061 iu
1004 2008 1056 2061 hac
1085 2017 1182 2063 contra
1201 2009 1308 2080 pcccati
1328 2008 1436 2061 ruinam
1455 2007 1555 2062 efficax
1569 2015 1626 2075 est,
1644 2010 1787 2075 sardonas
1806 2008 1923 2062 denotat

221 2096 287 2162 vita,
309 2111 358 2164 per
376 2101 546 2150 contemtum
566 2100 737 2148 terrenorum
757 2094 913 2157 calcarunt,
940 2094 1002 2148 ideo
1029 2094 1056 2146 in
1085 2098 1188 2147 tionum
1206 2096 1402 2162 fortitudinis,
1429 2095 1531 2148 dicitur
1552 2094 1624 2147 enim
1644 2094 1692 2148 ills
1711 2111 1821 2164 gemma
1841 2094 1923 2165 pudi-

222 2182 336 2236 eoelesti
364 2182 422 2234 vita
448 2182 658 2236 introducentur
687 2181 715 2234 in
743 2180 877 2249 ejusmodi
907 2180 1056 2246 civitatem,
1083 2199 1146 2235 eum
1166 2189 1194 2235 et
1210 2181 1339 2235 humilem
1356 2180 1480 2247 efficere,
1502 2183 1618 2235 sardius
1636 2181 1715 2235 rubei
1728 2179 1830 2236 coloris
1840 2186 1921 2238 timo-

220 2269 302 2336 cujus
323 2266 510 2335 pavimentum
531 2273 574 2320 est
593 2283 626 2319 ex
646 2282 722 2330 auro,
749 2266 773 2322 h.
792 2282 816 2321 e.
835 2265 863 2318 in
884 2281 939 2335 qua
959 2282 1056 2318 aurum
1084 2286 1140 2322 rem
1167 2268 1272 2339 pellens
1300 2276 1328 2322 et
1354 2268 1488 2337 gaudium
1514 2269 1626 2338 pariens
1652 2268 1784 2320 scientiae
1814 2270 1921 2322 donum
1935 2283 2015 2325 1181

222 2352 300 2407 nihili
319 2352 482 2406 aestimatur
500 2368 566 2421 pras
580 2351 742 2406 coelestium
756 2350 915 2404 divitiarum
930 2352 1010 2419 copia
1029 2358 1057 2403 et
1084 2355 1223 2424 designat3
1243 2356 1428 2422 chrysolitum
1448 2355 1524 2408 aurei
1542 2354 1645 2409 coloris
1664 2361 1692 2409 et
1703 2354 1833 2409 ardentes
1846 2355 1921 2409 scin·

221 2438 403 2496 abundantia.
438 2441 469 2493 In
491 2437 543 2492 hae
564 2438 620 2491 vita
639 2455 689 2506 per
703 2437 797 2506 spinas
815 2455 848 2491 ac
866 2454 964 2507 vepres
983 2437 1054 2490 cala·
1084 2441 1156 2494 tiliae
1175 2440 1330 2494 diffundere
1349 2439 1407 2493 visa
1425 2440 1593 2510 timoresque
1610 2447 1760 2496 nocturnos
1773 2440 1921 2510 depellens

222 2526 349 2605 mitatem
369 2523 556 2589 ambularunt,
577 2531 643 2577 tunc
661 2541 728 2578 vero
747 2523 793 2577 viu
813 2542 881 2580 auro
894 2525 946 2578 erit
959 2530 1056 2591 strata,
1079 2530 1197 2597 pictatis
1216 2529 1318 2580 cloisrnn
1343 2527 1483 2597 designat3
1509 2527 1629 2593 herpllas
1650 2527 1766 2581 exirrriae
1785 2526 1921 2580 claritatis

220 2613 250 2666 in
270 2628 327 2682 qua
346 2611 483 2665 incedent.
521 2609 673 2681 Gregorius
700 2610 746 2664 lib.
768 2616 805 2666 ta.
832 2611 977 2664 moralium
995 2628 1054 2680 cap.
1082 2629 1192 2686 gemma
1204 2612 1359 2666 caeruleum
1370 2613 1490 2668 colorem
1510 2614 1662 2667 admixtum
1678 2612 1794 2677 habens,
1811 2613 1921 2668 faciens

221 2705 269 2755 27:
300 2698 502 2767 Appellatione
527 2697 595 2749 ariri
616 2698 645 2748 in
669 2715 751 2750 sacro
770 2698 880 2765 eloquio
898 2698 1054 2765 aliqnando
1082 2701 1212 2754 invictum
1233 2698 1351 2754 inbelle
1372 2706 1400 2754 et
1418 2699 1519 2764 mitem,
1544 2707 1586 2753 est
1605 2702 1706 2753 (tonum
1726 2701 1835 2753 lionoris
1841 2721 1852 2768 ,-
1877 2709 1921 2754 to-

219 2782 638 2852 splendorsnpsrnaeciuitotss
648 2784 795 2851 accipitur.
810 2787 1055 2852 stercoratumque,
1080 2787 1179 2856 pasius
1208 2802 1318 2856 gemma
1351 2785 1464 2854 regibus
1495 2785 1637 2840 canssima
1662 2791 1759 2842 centra
1786 2785 1857 2839 iram
1885 2802 1921 2840 ac

221 2886 254 2923 en
272 2888 325 2938 qno
344 2869 443 2923 ciuitas
464 2870 518 2922 illa
539 2877 655 2936 constat,
683 2870 775 2922 simile
794 2872 866 2922 uitro
883 2871 997 2932 dicitur,
1024 2880 1055 2923 nt
1082 2873 1232 2927 lunaticam
1264 2871 1421 2940 passionem
1447 2871 1540 2924 valens
1566 2879 1608 2925 est
1641 2874 1742 2924 clauum
1773 2873 1921 2939 iustitiae,-

218 2974 271 3026 per
291 2975 393 3011 aurum
418 2957 501 3009 clara
520 2964 544 3008 et
561 2972 615 3024 per
638 2957 740 3009 vitrum
755 2957 908 3025 perspicua
927 2957 1054 3026 desipne·
1081 2960 1285 3026 clu-psoprosos
1299 2957 1396 3010 viridis
1408 2957 1507 3011 coloris
1526 2961 1554 3010 et
1566 2956 1630 3010 hinc
1648 2956 1712 3011 inde
1728 2956 1806 3028 quasi
1825 2958 1921 3011 aurcis

221 3052 275 3102 tur.
294 3043 372 3097 Auri
389 3043 493 3113 quippe
511 3042 656 3095 metallum
674 3043 800 3095 nummus
810 3043 921 3110 potiori
931 3044 1054 3097 metallis
1081 3045 1199 3117 guttulis
1220 3044 1375 3110 distinctus,
1397 3051 1494 3098 centra
1511 3043 1614 3113 lepram
1635 3043 1730 3098 valeus
1751 3050 1793 3097 cst
1811 3047 1921 3099 ‹lonurn

220 3130 347 3184 omnihus
365 3128 499 3182 clar-itote
511 3129 643 3196 sulpure,
662 3129 730 3181 uitri
745 3144 812 3181 uero
831 3138 935 3183 notura
952 3139 1003 3197 cst,
1024 3138 1054 3182 ut
1077 3133 1265 3201 prudentiae;
1286 3131 1450 3197 lipoainthns
1469 3130 1588 3184 caerulei
1609 3132 1708 3186 coloris
1722 3138 1825 3185 etcum
1844 3131 1921 3186 faeie

220 3216 391 3270 extrinsecus
406 3214 467 3267 uisu
480 3232 566 3283 pura,
585 3215 752 3267 intrinsecus
767 3216 972 3285 perspicuitate
986 3233 1054 3285 per·
1082 3218 1151 3273 coeli
1169 3222 1304 3281 mutatur,
1330 3216 1379 3270 dat
1398 3216 1527 3270 membris
1544 3215 1668 3287 rigorem
1687 3223 1739 3272 ete.
1765 3224 1808 3272 est
1826 3219 1919 3271 uirtus

220 3301 320 3355 luccat.
358 3302 393 3353 In
408 3300 468 3354 ulio
495 3300 610 3353 metallo
634 3302 777 3369 quidquid
798 3303 966 3356 intrinsecas
990 3321 1054 3356 con·
1081 3305 1204 3368 latriae,·
1232 3303 1400 3370 amethystus
1424 3303 1543 3358 triformi
1569 3311 1683 3357 ornatur
1700 3303 1808 3371 colore,
1827 3321 1920 3371 roseo,

220 3387 338 3450 tinetnr,
364 3387 567 3454 absconditur,·
595 3386 625 3439 in
649 3388 723 3439 uitro
743 3404 808 3440 uero
827 3389 942 3456 quilebet
960 3390 1055 3459 liquor
1081 3390 1204 3445 violaceo
1225 3397 1253 3444 et
1272 3405 1424 3459 purpureo,
1450 3388 1578 3457 designat
1596 3390 1765 3453 castitatem,
1782 3407 1855 3460 quae
1875 3398 1920 3446 est

220 3473 315 3541 qualis
336 3473 491 3525 continetur
509 3471 634 3538 interius,
653 3472 721 3545 tulis
741 3475 862 3526 caterius
882 3477 1054 3528 densonstra·
1082 3477 1234 3547 virginum,
1263 3476 1408 3529 viduarum
1437 3480 1465 3528 et
1495 3477 1716 3546 conjugatarum.
1759 3480 1920 3533 Decedecim

220 3568 266 3613 tur
285 3567 319 3622 st,
333 3567 363 3612 ut
377 3561 418 3612 ito
435 3559 564 3626 disserim,
582 3558 670 3612 onmis
686 3559 780 3627 liquor
799 3561 926 3615 innitrco
940 3565 1053 3616 uszscnlo
1080 3573 1179 3633 portos
1212 3563 1360 3615 duodecim
1391 3562 1579 3629 morparitae,
1610 3570 1636 3615 ct
1663 3564 1790 3631 sinpuloe
1813 3573 1920 3632 portas

220 3646 335 3698 claumos
351 3653 440 3714 potet.
482 3645 560 3707 Quid
579 3645 665 3713 ipitur
682 3647 765 3699 alind
783 3647 812 3699 in
829 3664 901 3702 auro
921 3648 966 3702 esi
981 3651 1053 3701 nstro
1081 3657 1161 3703 erant
1179 3666 1212 3703 en
1226 3648 1347 3716 sinpnlis
1364 3649 1530 3716 marpuritis
1548 3665 1574 3700 v.
1592 3653 1633 3703 21.
1665 3648 1834 3720 Margaritae
1853 3668 1919 3706 can·

220 3732 375 3799 accipimus
398 3732 459 3784 nisi
482 3731 564 3784 illum
590 3732 731 3785 hamarum
763 3733 862 3785 ciuium
886 3736 1053 3802 societatem,
1081 3736 1163 3789 didas
1183 3744 1213 3789 et
1231 3734 1386 3804 pellucidae
1412 3735 1547 3790 denotant
1567 3735 1716 3791 candorem
1738 3737 1808 3792 lucis
1828 3744 1918 3793 aeter·

220 3818 301 3871 illam
329 3833 481 3886 supernum
507 3817 650 3884 patriam,
677 3820 759 3872 illam
783 3819 926 3873 beatorum
954 3822 1054 3873 ciuium
1081 3839 1141 3887 nae,
1161 3838 1216 3890 quo
1232 3821 1341 3874 incolae
1359 3821 1441 3890 hujus
1460 3821 1580 3875 civitatis
1593 3822 1749 3894 fulgebunt
1769 3822 1825 3878 Sed
1838 3843 1918 3895 prae·

220 3905 394 3972 societatem,
417 3921 537 3972 quorum
553 3907 644 3957 cordo
660 3906 716 3958 sili
740 3906 856 3958 inuicem
875 3915 901 3959 st
920 3907 1054 3961 claritate
1080 3914 1136 3963 stat
1152 3908 1179 3960 in
1199 3907 1320 3976 generali
1339 3907 1525 3975 applicatione
1541 3909 1697 3978 persistere,
1716 3910 1792 3980 quod
1810 3911 1918 3966 seilicet

221 3990 341 4059 sulpent,
360 3999 387 4043 et
403 3990 529 4058 puritate
547 3991 739 4045 translucent!
776 3992 850 4053 Quia
870 3995 940 4046 enim
961 4010 1054 4046 onlnes
1081 4012 1130 4064 per
1150 3993 1286 4062 pretiosas
1306 3993 1366 4047 illas
1388 4011 1518 4063 posumus,
1540 4015 1652 4065 aarum,
1670 3999 1845 4066 marparitos
1865 4006 1917 4055 etc.

220 4078 313 4130 saneti
333 4078 364 4130 in
388 4086 506 4130 aeterna
525 4077 696 4132 heatitudine
721 4097 829 4132 ¹srsrnma
847 4081 977 4133 claritate
995 4081 1053 4142 fol·
1082 4081 1173 4151 gloria
1190 4080 1263 4133 vitae
1284 4087 1413 4136 aeternae
1440 4089 1467 4135 et
1492 4083 1574 4151 eopia
1600 4084 1760 4138 coelestium
1780 4083 1917 4141 bonorum

220 4162 334 4233 petunt,
359 4164 497 4220 instructa
520 4181 593 4217 auro
622 4166 745 4232 dicitnr;
779 4175 804 4219 ct
832 4168 964 4235 quoniam
989 4168 1054 4234 ipsa
1081 4167 1163 4222 nobis
1198 4167 1389 4234 adumbretur,
1424 4186 1507 4238 quiam
1538 4170 1574 4223 ad
1602 4169 1750 4239 specialem
1782 4174 1918 4244 cujusque

221 4266 316 4315 sorum
344 4250 464 4303 claritas
491 4251 548 4303 sihi
572 4252 688 4304 inuicem
716 4253 746 4304 in
776 4253 894 4304 alternis
923 4253 1055 4306 cordibus
1082 4270 1207 4323 gemmas
1226 4254 1437 4322 explicationem
1458 4255 1634 4311 descendere.
1669 4257 1796 4312 Andreas
1815 4258 1917 4315 Cacsa-

218 4343 306 4404 patet,
321 4343 347 4388 et
357 4353 418 4388 curn
428 4337 646 4404 uniuscnjusque
657 4338 750 4390 orrltrcs
761 4339 925 4404 ostenditur,
935 4338 1019 4390 sirnnl
1029 4347 1055 4390 ct
1082 4340 1178 4392 niensis
1197 4341 1225 4392 in
1246 4357 1343 4395 comm.
1365 4341 1453 4412 Apoc.
1473 4346 1515 4396 21.
1531 4359 1591 4411 cap.
1608 4348 1655 4398 66:
1675 4343 1744 4396 Crem
1763 4363 1822 4398 ursa
1841 4347 1916 4400 simi·

221 4421 389 4475 conscientia
397 4430 570 4491 penetratur,
590 4423 641 4476 hoc
657 4423 862 4490 ipsaniourum
876 4424 967 4476 simile
981 4425 1054 4477 vitro
1081 4427 1202 4479 litu-dine
1229 4436 1328 4481 cancta
1359 4430 1486 4481 coelestis
1520 4429 1599 4482 illius
1633 4431 1755 4484 ciuitatis
1787 4441 1917 4486 sensatas

220 4510 326 4562 mundo
347 4516 601 4562 permemoratur.
636 4510 683 4562 Idi
707 4509 811 4577 qus‘ppe
837 4509 1055 4578 uniuscujusque
1080 4513 1217 4583 plenaque
1245 4514 1367 4566 oninium
1393 4516 1528 4568 bonorum
1556 4518 1680 4585 ejusdcm
1705 4518 1808 4571 rsotitia
1838 4519 1920 4573 tradi

219 4602 337 4649 mentem
353 4594 472 4649 citemus
491 4595 579 4649 oculis
598 4596 781 4648 membrorum
807 4596 981 4664 corprdentia
999 4616 1055 4651 non
1081 4618 1137 4651 non
1149 4601 1247 4669 possit,
1268 4602 1319 4654 ssd
1334 4602 1376 4652 ad
1393 4617 1453 4654 enm
1471 4617 1529 4653 rem
1545 4603 1636 4656 uariis
1651 4621 1721 4671 opus
1734 4605 1771 4657 sit
1784 4606 1918 4676 exemplis

220 4680 380 4744 abscondet,
398 4683 451 4733 ssd
466 4682 575 4749 patebit
592 4683 710 4748 animus,
731 4681 840 4749 patebit
859 4683 1055 4750 corporalibus
1082 4694 1107 4740 et
1125 4686 1367 4753 similitudinibus,
1393 4695 1545 4755 propterea
1565 4689 1687 4742 ciuitatis
1707 4690 1786 4743 illius
1803 4693 1918 4760 plateas

220 4768 324 4830 oculis,
349 4768 414 4834 ipsa
441 4768 525 4820 ctiam
548 4768 698 4822 harmonia
724 4767 851 4834 samoris
869 4772 922 4824 etc.
960 4768 1218 4841 Pergit‘crpstullo
1232 4789 1355 4841 auroque
1368 4776 1471 4827 mundo
1485 4774 1634 4840 assimilat,
1656 4794 1710 4845 quo
1723 4777 1788 4831 hinc
1805 4781 1916 4846 quidem

219 4851 362 4908 lohannes
390 4853 417 4906 in
443 4853 598 4923 symbolica
628 4852 826 4922 descriptione:
857 4855 1054 4909 Fundamenta
1082 4859 1144 4927 ejus
1155 4860 1364 4926 praestantiam
1378 4861 1535 4930 coloresque
1555 4864 1721 4932 slepanticm
1741 4866 1917 4931 collipamue,

220 4940 294 4991 muri
305 4939 435 5020 ,eiodatis
459 4940 536 4992 omni
552 4940 652 5005 lupide
673 4939 801 5007 pretioso
821 4949 901 4993 erant
916 4951 1017 4995 ornata
1031 4960 1055 4995 v.
1082 4947 1150 4998 iude
1168 4963 1235 5000 roro
1256 4947 1318 5013 ejus
1336 4948 1499 5001 munditiem
1518 4957 1544 5002 et
1565 4951 1740 5017 claritatem,
1768 4969 1841 5020 quae
1862 4956 1916 5007 dno

222 5029 261 5080 ts.
279 5023 306 5078 h.
321 5040 345 5078 e.
365 5023 476 5078 ordines
497 5024 620 5092 lapidum
642 5025 670 5077 in
689 5023 870 5081 fundamento
889 5029 958 5081 muri
977 5034 1056 5083 eraut
1082 5034 1163 5100 apud
1185 5050 1237 5085 nos
1260 5033 1290 5083 in
1319 5050 1403 5084 unum
1429 5036 1576 5088 conuenire
1601 5036 1681 5090 haud
1702 5039 1792 5099 facilc
1817 5040 1916 5097 solent.

219 5109 302 5163 variis
331 5125 364 5162 ac
390 5109 519 5179 pretiosis
549 5111 664 5178 gemmis
692 5112 790 5165 ornati.
830 5115 1056 5168 Fundamentum
1081 5117 1178 5171 Potest
1198 5117 1280 5171 etiam
1298 5116 1367 5171 haec
1388 5125 1527 5174 structura
1550 5127 1693 5191 portarum
1714 5124 1915 5180 accommodari

215 5196 341 5264 primurn
354 5196 457 5264 jaspis,
473 5197 625 5248 secrsndum
643 5197 806 5265 sapphirus,
823 5201 934 5253 tertium
948 5201 1056 5253 ciroleo-
1068 5232 1070 5257 r
1081 5205 1119 5258 ad
1139 5203 1320 5256 ministerium
1341 5206 1488 5276 evangelii,
1506 5208 1581 5276 quod
1601 5208 1696 5264 unioni
1710 5211 1831 5280 pretioso
1845 5229 1915 5267 com-

220 5282 1056 5355 donius,qsrartumsmurapdus,quintumsar·donyn,saetum
1082 5296 1197 5360 paratur
1217 5289 1315 5350 ltlatth.
1338 5297 1377 5359 13,
1396 5310 1420 5346 v.
1440 5298 1482 5347 to.
1510 5300 1542 5348 ut
1568 5296 1641 5349 enim
1667 5314 1716 5365 per
1739 5305 1849 5367 portam
1875 5300 1916 5352 in-

219 5368 350 5433 sordius,
374 5367 521 5436 septimum
548 5369 749 5437 chrysolithus,
774 5380 900 5427 octaorum
924 5375 1055 5441 beryllus,
1082 5376 1224 5446 gradimur
1249 5376 1404 5444 civitatem,
1433 5378 1473 5432 sie
1496 5396 1547 5450 per
1572 5381 1753 5437 ministerium
1779 5383 1917 5456 evangelii

219 5455 469 5522 ssosiunstopaaius,
490 5455 628 5510 decimum
648 5458 860 5527 chrysoprasus,
880 5461 1055 5514 sericleeimum
1083 5464 1112 5517 in
1130 5462 1274 5523 ecclesiam
1293 5471 1352 5518 tum
1372 5464 1545 5536 militantem,
1564 5475 1621 5522 tum
1642 5469 1857 5541 triumphantem
1878 5474 1918 5526 iu·

219 5539 399 5607 hyacinthus,
428 5542 622 5596 duodecimum
647 5545 817 5614 amethystus
843 5564 869 5600 v.
899 5551 938 5602 ta.
961 5553 989 5602 et
1013 5552 1053 5611 20,
1084 5548 1263 5603 traducimur.
1291 5551 1319 5620 8)
1339 5553 1493 5621 Templum.
1514 5553 1581 5607 Non
1598 5554 1659 5609 cidi
1674 5556 1706 5610 in
1724 5572 1759 5610 ea
1776 5559 1918 5629 templum,
