4050 6014
675 251 729 310 be
745 253 1077 313 constudentem
1099 254 1243 312 secum.
1261 294 1265 301 .
1746 264 1805 322 143

146 414 187 463 tt.
223 408 318 461 Extra
334 405 483 461 ecelesiam
500 412 649 479 negarunt,
668 407 801 462 mundum
820 409 944 464 interitu·
971 413 1014 462 tes
1044 409 1106 478 eJ'us
1134 407 1241 478 aliquas
1273 411 1389 478 propter
1421 406 1579 462 exustiones
1609 407 1806 479 eluvionesque

110 510 181 562 nrm,
203 500 228 552 1.
247 493 365 564 quidam
383 493 557 551 err-Indaeis.
584 492 665 548 Philo
685 492 825 566 integrum
843 493 944 549 librum
971 497 1106 548 1611616111
1137 493 1304 548 interituras.
1350 491 1442 547 Plinio
1470 491 1603 548 tribuitur
1629 510 1733 549 vesana
1757 492 1808 547 ills

110 579 221 651 scripsit
239 578 293 636 hoc
311 579 394 635 titulo
414 583 477 652 aspi
493 578 656 655 ἀφθαρσίας
668 588 718 636 τοῦ
731 577 849 656 κόσμου,
870 580 944 654 quod
972 579 1075 650 opinio,
1096 579 1172 651 quod
1189 581 1322 649 senserit,
1349 582 1483 634 rnnndssm
1506 597 1564 635 esse
1589 598 1691 635 numen
1717 589 1807 634 aeter·

108 667 230 720 mandas
247 667 286 721 sit
302 667 542 736 incorruptibilis,
565 666 595 721 in
614 680 670 737 quo
693 666 765 722 iuter
787 672 881 723 cetere
906 666 945 721 sic
971 684 1046 732 nam,
1064 666 1236 736 immensam,
1262 683 1349 737 neque
1367 666 1499 737 66611666,
1523 682 1611 736 neque
1629 667 1806 721 interituram

109 752 246 824 loquitur:
278 753 385 807 Dicere
412 755 547 806 mnndum
573 753 711 807 divinitas
735 754 864 808 accidere
888 754 944 822 fle·
971 771 1102 822 nnqrsam,
1122 759 1208 807 totam
1229 754 1259 805 in
1277 760 1343 821 toto,
1361 753 1417 806 imo
1437 753 1530 822 ipsam
1547 760 1642 822 totam,
1666 752 1730 810 hist.
1749 759 1806 809 nat.

109 838 320 908 pitiosissimnm
351 846 401 895 est.
442 839 540 907 Neque
568 838 642 892 enim
667 839 747 893 Dens
776 847 875 893 auctor
906 848 946 892 est
972 838 1018 894 lib.
1039 844 1062 893 2.
1082 854 1104 893 6.
1128 845 1148 893 1.
1168 837 1292 893 Galenus
1310 837 1406 892 itidem
1424 839 1460 894 de
1479 839 1576 895 mundi
1595 839 1742 894 1616116116
1761 838 1807 908 ju·

108 924 347 992 inordinationis,
364 923 557 993 confusione,
583 925 727 994 interita,
752 927 806 979 sed
825 925 944 992 ordinm,
973 924 1122 980 dicandum
1141 927 1224 994 putat
1248 938 1280 976 ex
1303 925 1527 994 praecedentium
1551 932 1706 996 temporum
1726 940 1807 994 expe-

108 1011 260 1066 reassstatss
277 1019 302 1065 et
321 1011 403 1081 ritae,
431 1013 574 1082 omnaque
591 1028 653 1065 essm
670 1028 785 1080 6661616
803 1012 869 1066 boni
885 1028 945 1064 esse
972 1010 1078 1065 rientia.
1124 1010 1241 1078 Semper
1269 1011 1312 1062 ita
1335 1011 1424 1076 stetit,
1452 1011 1492 1062 nio
1521 1012 1609 1080 161161
1631 1011 1806 1079 perdurabit.
1839 1075 1842 1084 ι

108 1099 137 1151 in
158 1099 287 1162 confesso
307 1104 348 1151 est
364 1100 445 1166 apud
463 1115 518 1164 eas,
545 1098 597 1168 qai
603 1098 751 1152 veritatem
767 1100 945 1168 profitentur.
972 1095 1102 1150 Manilius
1120 1096 1155 1149 de
1173 1111 1205 1149 66
1224 1097 1263 1149 616
1282 1095 1369 1150 canit:

110 1190 132 1240 2.
153 1183 301 1240 Mahnmet
321 1183 352 1238 in
368 1181 509 1255 colloquio
527 1200 589 1237 cum
608 1183 725 1239 Judeeis
742 1190 857 1256 propter
873 1184 946 1238 henr
1012 1208 1014 1212 .

110 1271 198 1325 alium
215 1271 352 1324 16661666
366 1270 477 1334 tactam
496 1285 557 1324 esse
579 1276 714 1341 nugatur,
743 1270 793 1341 qai
818 1271 855 1324 sit
877 1287 944 1340 per·
1042 1271 1108 1323 Non
1125 1270 1213 1323 aliam
1232 1268 1328 1322 videre
1345 1275 1451 1338 661111,
1470 1272 1591 1324 61116666
1612 1277 1731 1341 6666166.

108 1363 218 1427 pasus.
255 1353 407 1412 centuriae
431 1354 689 1428 llagdeburgeuses
708 1363 732 1413 ’1.
751 1355 803 1411 661.
827 1361 885 1411 610.
922 1361 945 1411 3.

112 1442 235 1505 Qrsidam
255 1441 382 1512 66611161.
417 1440 558 1499 Diodorus
577 1441 689 1497 Siculus
705 1442 751 1498 lib.
772 1448 795 1498 1.
818 1396 1126 1496 1111116111.1061111116116
1145 1440 1173 1494 16
1193 1440 1311 1510 praefat.
1330 1440 1378 1496 lib.
1401 1446 1421 1495 1.
1442 1442 1476 1494 16
1496 1458 1525 1494 16
1545 1447 1628 1497 rust:
1665 1443 1740 1503 11666
1757 1458 1808 1511 666

110 1544 131 1584 c.
139 1533 164 1584 6.
172 1545 200 1599 p.
211 1533 254 1584 10:
273 1527 320 1582 De
325 1530 422 1598 primo
431 1528 572 1582 hominnm
582 1535 645 1583 6116
655 1530 728 1583 duee
738 1530 946 1600 aprsdsnmmae
972 1544 1083 1595 666666,
1103 1528 1134 1581 Ρ.
1150 1527 1283 1595 spineam,
1298 1528 1402 1598 promsi
1424 1547 1442 1578 o
1459 1528 1575 1581 veritate
1592 1529 1686 1581 abesse
1703 1537 1807 1583 eertum

113 1615 294 1668 auctoritatis
306 1614 492 1684 physiologos
508 1621 534 1668 et
545 1614 704 1679 historicos,
721 1612 800 1689 παρὰ
812 1620 870 1676 τοῖς
882 1613 945 1669 116-
973 1614 1075 1682 liabeo,
1103 1617 1180 1682 qnod
1201 1631 1289 1682 neqrse
1309 1617 1365 1684 sas
1384 1615 1544 1668 eristimare
1563 1615 1641 1669 hanni
1667 1623 1808 1683 naturam,

109 1696 298 1772 paasoeairase
321 1707 368 1754 καὶ
393 1698 600 1775 νομιμωτάτοις
628 1705 683 1756 τῶν
711 1721 740 1755 τε
768 1699 946 1774 (6666611661
973 1717 1057 1768 66616
1071 1701 1183 1768 primus
1203 1700 1254 1753 ille
1272 1702 1372 1755 mnndi
1393 1703 1503 1768 6661161
1526 1710 1667 1773 perpetrm
1693 1705 1807 1768 [66666-

111 1791 156 1840 161
177 1785 232 1842 seir
252 1790 412 1860 lasapssoir,
436 1787 591 1839 sententiae
610 1786 756 1840 habentur.
793 1786 858 1840 Alii
874 1787 946 1840 enim
973 1786 1063 1839 ditcde
1082 1787 1213 1853 11666611,
1234 1787 1318 1856 qrsaai
1334 1789 1457 1855 qrsodam
1477 1789 1573 1841 morio
1592 1789 1743 1842 sterilitate
1762 1792 1808 1852 as·

110 1871 222 1942 horum,
244 1873 295 1942 qni
309 1880 336 1927 et
350 1880 427 1928 ortas
444 1880 471 1926 et
490 1872 619 1926 interitus
637 1879 775 1942 expertem
794 1890 852 1927 esse
868 1891 946 1926 mnn-
966 1874 1087 1942 sectam,
1104 1889 1192 1942 neque
1208 1875 1359 1941 prrsdentir
1378 1876 1503 1939 eredere,
1522 1876 1661 1939 tellurem,
1679 1878 1808 1944 666611·-

111 1961 177 2013 dum
195 1965 367 2029 stataersmt,
391 1961 530 2014 hominum
550 1961 634 2013 etiam
657 1976 745 2029 66666
770 1961 806 2014 ab
832 1920 1067 2014 66161661616616
1085 1967 1112 2014 et
1130 1967 1273 2013 aeternam
1297 1960 1441 2027 juventam
1459 1962 1561 2015 sortita
1580 1963 1733 2015 commanis
1752 1980 1808 2016 om-

109 2047 171 2099 1166
186 2045 248 2101 allo
271 2046 462 2114 perorationis
481 2046 628 2115 principio
654 2046 791 2101 erntits‘ese
816 2007 1049 2112 affirma-inirem
1063 2063 1173 2116 parens
1191 2048 1269 2100 dieta
1286 2046 1337 2115 eit,
1361 2047 1429 2115 6616
1445 2055 1472 2101 61
1489 2056 1588 2101 evineta
1610 2049 1722 2118 peperit
1740 2065 1808 2102 sern-

110 2140 229 2202 661661,·
258 2132 445 2195 6111666116,
467 2132 517 2201 qni
536 2132 704 2200 6166611661
724 2133 796 2187 lrrsne
812 2137 946 2186 mandam
970 2150 1024 2202 per
1049 2141 1074 2188 et
1097 2134 1230 2202 deinceps
1252 2133 1389 2202 paritura
1413 2133 1465 2202 sit,
1489 2136 1563 2188 66161
1586 2135 1724 2190 hominem
1745 2153 1808 2189 eoa·

111 2226 136 2270 et
159 2218 339 2289 correptioni
362 2218 511 2272 obnoxiam
535 2235 594 2272 esee
623 2228 803 2290 6661661661,
825 2219 947 2290 perinde
973 2221 1106 2277 66661166.
1140 2218 1315 2289 Porphyrius
1338 2218 1510 2275 Cluistianos
1537 2220 1573 2275 ob
1596 2221 1650 2276 hoc
1673 2221 1809 2275 maximae

111 2311 195 2374 atqsse
218 2305 300 2359 illam
326 2305 451 2359 homines
476 2321 584 2374 666666
611 2313 686 2360 66116
709 2313 833 2375 tempore
855 2312 947 2359 611616
972 2304 1109 2376 arguebat
1127 2304 1274 2369 stultitiae,
1299 2305 1382 2360 etiam
1408 2323 1441 2361 ex
1466 2304 1586 2362 oraculis
1610 2306 1724 2362 deorum
1743 2325 1809 2363 sno·

112 2396 273 2444 consecutae
291 2406 350 2445 esse
370 2400 608 2445 6666616661661.
633 2392 710 2446 Idem
732 2391 804 2447 libro
828 2397 852 2447 2.
867 2409 893 2449 c.
906 2396 946 2448 30.
974 2408 1049 2460 rum,
1073 2390 1149 2462 quod
1168 2391 1253 2447 iatum
1270 2391 1403 2446 mundum
1422 2392 1547 2447 dicerent
1563 2409 1623 2447 esse
1647 2393 1808 2463 periturum,

110 2493 136 2546 p.
157 2481 219 2533 1⁴3:
251 2475 394 2531 Chaldaei
421 2478 522 2531 mnndi
546 2477 660 2546 pridem
687 2486 821 2532 naturam
848 2479 948 2546 sempi·
973 2477 1110 2532 referente
1126 2477 1286 2548 Augustino
1310 2477 1359 2531 lib.
1381 2483 1421 2534 20.
1447 2477 1482 2533 16
1506 2478 1559 2535 civ.
1576 2478 1632 2533 Dei
1655 2485 1738 2535 624.
1761 2479 1809 2534 ubi

110 2570 219 2616 ternam
237 2578 297 2618 esse
312 2563 469 2633 perhibent,
489 2580 563 2633 qnae
581 2579 669 2632 neque
688 2571 793 2617 certum
807 2564 949 2634 principii
973 2570 1072 2619 contra
1089 2563 1275 2634 Porphyrium
1296 2564 1339 2618 vel
1358 2564 1477 2619 maxime
1494 2571 1577 2637 urget
1598 2564 1690 2621 lecum
1707 2565 1808 2623 Psalm.

111 2654 202 2702 ortem
219 2649 363 2715 habuerit,
385 2665 474 2719 neque
499 2650 707 2720 correptionem
730 2650 791 2704 6116
815 2652 947 2722 deinceps
976 2657 1034 2719 102,
1054 2668 1080 2705 v.
1098 2655 1138 2705 21.
1174 2650 1291 2706 Proclus
1310 2650 1492 2721 philosophus
1509 2652 1538 2705 in
1551 2650 1808 2721 epicherematibus,

111 2742 235 2806 tempore
252 2736 416 2791 adminuere
435 2737 480 2791 sit.
505 2736 549 2791 De
568 2734 755 2808 Pythagoreis
773 2736 846 2791 idem
863 2741 947 2790 16616·
974 2739 1107 2791 mandam
1125 2738 1365 2806 incorreptibilem
1384 2755 1442 2792 esse
1460 2738 1611 2805 contendit,
1634 2740 1713 2809 cujus
1725 2755 1808 2808 argu·

111 2826 156 2875 tur
176 2818 257 2876 Philo
282 2820 347 2879 11.
372 2821 563 2893 Xenophanes
592 2825 725 2876 mnndum
751 2838 802 2876 nee
829 2823 947 2889 foetam,
974 2831 1067 2880 menta
1098 2825 1196 2881 recitat
1228 2841 1261 2879 ac
1291 2825 1392 2879 refellit
1419 2823 1562 2880 lohannes
1595 2825 1808 2892 Grammaticus,

111 2921 161 2959 nec
181 2906 367 2978 interituram,
384 2911 437 2961 sed
455 2903 636 2974 ἀτελεύτητον
652 2913 701 2962 καὶ
721 2902 874 2981 ἄφθαρτον
888 2924 948 2962 esse
974 2909 1058 2980 vulgo
1077 2910 1167 2965 (lictus
1186 2909 1375 2980 Philopouus‚
1401 2911 1431 2964 in
1450 2909 1536 2979 libro,
1560 2927 1642 2982 quern
1664 2928 1697 2966 ea
1720 2910 1756 2967 16
1778 2928 1808 2965 16

111 2992 221 3062 (locuit,
245 2991 381 3050 referente
400 2994 508 3051 Galena
529 2991 576 3048 lib.
605 2993 639 3047 16
664 2992 779 3048 historia
803 2992 904 3065 philos.
922 3011 947 3048 c.
973 2995 1106 3051 adversus
1128 2997 1257 3053 Proclum
1281 2996 1401 3066 scripsit.
1441 2994 1536 3068 Atque
1561 2997 1629 3052 haec
1655 2997 1690 3050 16
1713 2997 1807 3051 mundi

112 3083 153 3133 42.
174 3077 203 3132 in
220 3078 339 3150 append.
365 3095 441 3149 aper.
468 3096 494 3150 p.
516 3086 539 3133 5.
564 3085 593 3133 61
617 3077 768 3135 Plutarcho
795 3078 842 3134 lib.
864 3084 889 3134 1.
913 3079 948 3134 de
973 3083 1138 3139 aeternitate
1157 3082 1250 3153 opinio
1270 3081 1444 3153 philosophis
1463 3083 1534 3139 adeo
1552 3082 1695 3137 familiaris
1704 3089 1760 3148 est,
1776 3089 1807 3137 ut

111 3163 204 3233 placit.
225 3180 259 3218 ac
278 3163 379 3220 decret
398 3163 499 3236 philos.
517 3181 542 3219 c.
562 3168 586 3218 4.
621 3162 719 3233 Plato,
744 3165 812 3233 qnia
831 3164 949 3220 eoeleste
973 3168 1164 3225 Tertullianus
1183 3167 1231 3225 lib.
1248 3175 1269 3224 1.
1288 3167 1452 3223 adnitere.
1471 3173 1547 3225 613.
1569 3169 1681 3239 scribat,
1696 3171 1807 3240 pleros-

10 3292 40 3334 L
58 3298 91 3337 30
110 3250 284 3319 mysterium,
311 3253 390 3321 qnod
406 3268 462 3306 non
480 3251 538 3306 nisi
562 3270 581 3305 a
598 3252 744 3323 prophetis
763 3270 798 3306 ae
815 3254 879 3307 Deo
898 3254 1025 3325 do-,qne
1046 3255 1177 3324 physicae
1203 3256 1376 3319 formidasse
1401 3254 1512 3308 initiam
1537 3273 1572 3308 ae
1595 3256 1680 3323 linem
1704 3258 1808 3310 mando

91 3333 186 3392 'cente
206 3338 342 3405 discitur,
360 3338 526 3409 ipnoraiat,
548 3338 614 3392 ideo
633 3340 843 3408 inperpetuum
864 3339 946 3402 111661,
973 3341 1104 3398 tribuere.
1141 3340 1244 3395 Contra
1266 3341 1317 3395 hos
1340 3356 1373 3394 ac
1397 3339 1501 3394 similes
1523 3340 1646 3410 graviter
1669 3340 1809 3396 invehitur

110 3439 167 3477 esse
184 3426 320 3479 mandam
337 3425 526 3489 fabricatam,
552 3429 583 3477 ut
601 3423 636 3479 de
664 3424 724 3494 ipso
752 3424 946 3496 1666116116-
972 3427 1148 3497 Augustinus
1167 3442 1246 3481 serm.
1263 3429 1318 3481 143.
1334 3424 1369 3480 16
1380 3431 1477 3496 temp:
1502 3427 1645 3480 Mundam
1666 3434 1809 3480 aeternnm

113 3509 234 3565 stantius
250 3510 299 3566 lib.
319 3517 342 3566 1.
367 3510 429 3567 inst.
449 3529 473 3567 c.
494 3516 517 3567 1.
537 3527 593 3566 non
609 3509 694 3581 longe
716 3527 734 3565 a
758 3510 845 3582 princ.
877 3512 946 3566 Pla·
973 3530 1031 3567 esse
1057 3513 1166 3575 1161116,
1193 3528 1301 3581 semper
1324 3514 1461 3579 faturum,
1488 3530 1630 3581 66666661
1648 3513 1807 3577 intendem.

112 3596 199 3650 166161
224 3600 358 3652 mnndum
386 3605 478 3652 ortum
507 3597 651 3665 habaima,
676 3615 823 3666 66666661
855 3605 948 3651 antem
1011 3605 1049 3655 16.
1086 3597 1231 3662 Quomodo
1251 3613 1316 3654 vero
1341 3597 1376 3653 de
1398 3597 1454 3652 fine
1479 3598 1574 3652 muudi
1598 3598 1716 3670 gentiles
1740 3599 1808 3654 certi

113 3685 289 3740 taedarum
311 3686 456 3754 dicebant,
479 3686 615 3741 referente
639 3685 813 3742 Damascene
838 3686 869 3739 in
886 3684 948 3741 libr.
974 3684 1042 3756 quid
1062 3691 1183 3738 statuere
1201 3683 1368 3753 potuissent,
1392 3700 1456 3738 cum
1475 3701 1525 3739 nec
1552 3687 1588 3738 de
1608 3685 1732 3755 6116666,
1758 3702 1809 3740 nec

113 3770 146 3826 16
171 3770 308 3828 haeresib.
333 3791 359 3844 p.
381 3778 440 3828 515.
475 3771 642 3828 Aristoteles
667 3788 730 3827 cum
758 3788 815 3827 nen
833 3771 949 3839 videret,
976 3774 1011 3825 de
1031 3770 1181 3824 duratione
1200 3768 1326 3841 ejusdem
1345 3769 1463 3825 invicem
1480 3786 1574 3825 secum
1587 3771 1632 3826 vel
1650 3771 1733 3827 6116111
1745 3788 1808 3827 cum

112 3857 344 3928 quemadmodum
362 3863 457 3929 posset
473 3858 554 3914 tanta
571 3875 663 3914 rernm
682 3858 846 3930 magnitudo
864 3858 948 3913 inter·
975 3857 1091 3913 16111616
1109 3857 1317 3912 consenserint?
1353 3857 1397 3911 De
1418 3857 1530 3928 origene
1554 3864 1611 3914 tres
1635 3857 1808 3929 potissimum

112 3941 159 4008 ire,
179 3950 208 4000 et
227 3943 300 3999 hanc
315 3943 564 4016 praescriptionem
582 3944 667 4001 vellet
686 3943 818 4015 effugere,
842 3960 951 4016 semper
975 3943 1093 4017 amplexi
1110 3943 1187 3998 fuere
1205 3940 1358 4014 opiniones.
1390 3942 1509 4008 Quidam
1527 3944 1601 4000 enim
1619 3948 1755 4000 mandem
1774 3945 1810 3998 ab

112 4030 154 4084 ait
170 4030 264 4094 fnisse
280 4032 415 4086 mandam
433 4048 468 4084 ac
487 4047 596 4099 semper
609 4032 758 4099 satarum,
783 4035 815 4086 ut
834 4030 869 4085 de
889 4031 949 4100 ipso
976 4038 1090 4085 aeterno
1113 4029 1224 4098 fnisse,
1252 4028 1366 4099 quidam
1391 4030 1422 4083 in
1446 4039 1570 4101 tempore
1592 4047 1652 4084 essm
1678 4033 1913 4085 emesenorum.

112 4114 236 4188 loquitur
255 4115 419 4172 Lactantius
437 4116 503 4171 d.l
539 4117 614 4173 Sane
635 4117 903 4188 tetigeriritis.
923 4118 1114 4187 etceepisse,
1143 4116 1261 4192 quidam·
1285 4133 1318 4171 ee
1344 4117 1465 4183 fortuita
1493 4126 1651 4172 6161661616
1677 4135 1812 4172 66666116

111 4202 351 4260 Conimbricenses
371 4209 395 4260 8.
421 4202 527 4275 physic.
547 4209 570 4259 2.
595 4222 621 4275 q.
648 4210 671 4258 2.
693 4209 786 4258 6111.
813 4219 950 4258 summurn
976 4221 1061 4259 novos
1079 4205 1204 4273 quetidie
1223 4206 1342 4259 mendas
1360 4205 1441 4258 nasei
1457 4213 1483 4258 et
1501 4205 1618 4258 interire
1632 4204 1811 4259 somniarunt

108 4289 309 4361 philosophum
327 4305 459 4345 excusare
477 4295 623 4356 conantur,
645 4291 721 4362 qnod
734 4292 866 4343 mandam
879 4291 949 4342 dien·
976 4291 1019 4345 De
1045 4289 1191 4345 duratione
1220 4291 1314 4344 mundi
1343 4290 1472 4345 mirificas
1498 4290 1627 4346 foverunt
1652 4289 1811 4345 sententias.

109 4387 192 4432 taeat
218 4377 371 4446 impenitens
398 4394 457 4432 esse
484 4377 584 4434 1116111
619 4395 652 4432 ac
682 4378 853 4431 naturaliter
888 4392 950 4430 enm
975 4377 1058 4433 Plato
1077 4378 1106 4431 in
1125 4376 1241 4431 Timaeo
1259 4394 1285 4447 p.
1304 4382 1363 4432 106.
1383 4375 1458 4442 dicit,
1477 4383 1655 4429 antenorem
1673 4393 1808 4429 66661666

107 4465 293 4520 interiturum
311 4464 469 4535 negaverit,
493 4463 541 4518 sed
558 4469 656 4518 6611116
673 4478 721 4518 666
741 4462 835 4516 multis
862 4461 949 4515 insur-
975 4463 1069 4517 millia
1087 4462 1163 4516 alias
1180 4462 1272 4524 faiam
1291 4462 1417 4515 Athenas
1437 4469 1463 4514 et
1482 4461 1564 4529 16666
1583 4462 1809 4530 praestantiores

105 4552 153 4623 git
179 4549 327 4605 Tamallus
355 4549 389 4604 de
419 4566 510 4605 rerum
539 4549 665 4605 aeternit
697 4555 769 4620 part
789 4554 813 4605 2.
842 4565 869 4617 p.
890 4552 949 4603 260.
975 4550 1056 4604 eires.
1092 4547 1202 4602 Ibidem
1221 4545 1317 4602 Saloni
1334 4546 1518 4618 exprobratur
1536 4565 1554 4602 a
1571 4548 1716 4604 sacerdote
1741 4565 1808 4620 quo·

104 4636 215 4693 Confer
231 4635 279 4693 lib.
300 4641 324 4692 8.
344 4653 440 4709 φυσικ.
464 4637 525 4706 einp.
544 4643 610 4691 text.
628 4642 651 4692 4.
672 4640 712 4691 10.
734 4640 774 4691 11.
797 4639 837 4690 15.
851 4638 891 4689 53.
908 4639 949 4689 16.
975 4635 1039 4689 dam
1058 4633 1217 4705 Aegyptio,
1245 4635 1321 4702 qnod
1341 4632 1449 4687 Graem
1466 4650 1576 4702 semper
1595 4635 1651 4688 sint
1670 4637 1756 4704 paeri
1775 4637 1809 4688 66

106 4730 139 4780 et
161 4720 949 4791 1.166661.1611.66.611.66.16.1166666611,
974 4721 1164 4788 ignorantiam
1189 4735 1286 4773 rernm
1312 4725 1449 4783 veteram,
1479 4736 1552 4787 6666
1577 4722 1658 4790 apud
1681 4722 1759 4790 ipsos
1784 4729 1809 4776 et

105 4808 688 4867 306148.16111116116166611616616166666
702 4807 809 4873 asserit,
827 4807 860 4860 66
873 4824 948 4875 pan·
975 4806 1131 4876 Aeppptios
1152 4805 1333 4875 constiparent,
1353 4821 1417 4859 cum
1433 4821 1449 4860 e
1468 4805 1576 4862 diverse
1595 4806 1623 4861 in
1642 4815 1808 4863 commente-

105 4913 161 4951 cas
180 4895 309 4964 16661666
322 4895 490 4950 midationes
503 4894 603 4948 mandi
615 4895 701 4948 totins
715 4891 949 4963 permutationem
975 4893 1022 4947 riis
1040 4891 1246 4965 Aegyptiorum
1263 4889 1473 4961 intersepiant·
1494 4895 1570 4957 11616,
1592 4903 1652 4947 oeta
1670 4911 1808 4948 annornm

105 4990 247 5046 eminere,
276 4981 397 5050 indeque
422 4980 549 5035 universi
573 4979 685 5034 cladem
710 4979 851 5048 661116616.
892 4978 948 5033 Ρ16
975 4979 1107 5042 millium,
1140 4979 1276 5033 theoriae
1308 4978 1488 5049 consignatae
1516 4986 1630 5035 exstent
1666 4979 1810 5035 116116

105 5067 272 5124 Aristotelia
300 5065 431 5139 opinione
457 5065 591 5122 acerrime
618 5072 727 5138 pugnat
756 5065 894 5121 Averreiis
924 5070 949 5121 4.
974 5066 1058 5138 legib.
1068 5064 1171 5134 scribit,
1184 5064 1340 5135 Aeppptias
1348 5083 1486 5120 ansarum
1500 5068 1594 5120 decem
1607 5066 1700 5120 millia
1719 5066 1809 5134 spisse

107 5154 221 5226 physic.
238 5170 336 5210 comm.
355 5160 378 5210 6.
397 5159 426 5209 61
443 5158 466 5208 8.
491 5152 599 5224 physio.
624 5169 722 5208 comm.
746 5158 771 5208 1.
789 5157 818 5208 61
843 5157 881 5209 15.
901 5150 948 5205 lib.
975 5161 1041 5207 ante
1058 5153 1133 5207 aiios
1150 5152 1282 5208 hemines.
1316 5151 1406 5209 11113.
1427 5151 1463 5208 16
1482 5151 1564 5222 legib.
1585 5151 1661 5216 dicit,
1680 5149 1810 5227 μυριάκις

111 5239 400 5298 l.decoelocomm.
422 5245 533 5296 22616
551 5239 669 5295 eandem
688 5255 753 5296 vera
770 5237 827 5294 late
848 5236 951 5292 refellit
974 5246 1063 5316 peplo
1093 5243 1154 5309 ἔτη,
1183 5239 1276 5293 decim
1305 5239 1409 5293 millies
1438 5240 1513 5292 derra
1541 5238 1634 5292 1611116
1664 5257 1810 5303 naamam

111 5324 236 5383 Thomas
257 5327 306 5383 lib.
324 5333 349 5383 2.
374 5334 472 5383 contra
494 5326 589 5398 gentil.
614 5331 700 5384 611.
727 5331 755 5381 61
777 5331 847 5397 part.
874 5329 897 5379 1.
923 5340 949 5395 q.
975 5327 1113 5395 16661611.
1147 5324 1309 5381 Herodotus
1329 5324 1376 5381 lib.
1399 5329 1424 5382 2.
1444 5342 1468 5380 6.
1486 5330 1528 5381 13.
1547 5323 1639 5392 refert,
1657 5327 1811 5396 Aeppptios

114 5412 500 5470 166116166161161.
527 5413 563 5468 de
580 5419 638 5469 nst.
656 5412 730 5469 deor.
757 5418 847 5469 tetum
871 5427 950 5466 mun·
976 5412 1014 5466 ab
1033 5412 1157 5468 Hercule
1182 5427 1269 5481 usque
1294 5413 1336 5466 ad
1351 5411 1481 5465 Amasim
1498 5412 1623 5481 Aeqypts'
1643 5429 1736 5481 166616
1760 5431 1810 5466 66-

116 5498 183 5556 dum
201 5514 255 5557 nea
273 5505 366 5557 artum
384 5515 453 5566 esse,
472 5514 524 5555 nec
541 5500 625 5556 finem
639 5497 805 5567 habiturum,
824 5497 874 5553 sed
887 5513 950 5568 par·
975 5514 1087 5554 merare
1103 5498 1292 5569 septendecim
1310 5513 1449 5553 annornm
1466 5496 1572 5562 mata,
1595 5515 1659 5554 cunr
1677 5515 1733 5571 quo
1753 5498 1811 5553 fere
