4050 6014
211 250 268 308 186
853 240 1082 298 TRAUPATUS
1101 240 1283 306 QUARTUS

141 425 142 428 ¹
205 398 387 468 oppressione
413 405 440 450 et
464 398 596 451 seruitute
620 397 766 467 qerstilium
789 397 929 451 liberabit.
971 397 1041 450 Post
1069 413 1127 450 assa
1144 397 1217 450 inter
1233 404 1382 452 renovatos
1399 397 1496 466 primi,
1520 397 1637 450 secundi
1655 415 1689 451 ac
1708 397 1787 451 tertii
1805 398 1907 453 soerdi.

205 490 354 537 extremum
368 483 512 551 judicium
528 483 636 537 nullm
653 484 777 552 amplius
801 483 909 538 Chresti
926 499 1041 552 requam
1068 482 1104 535 In
1117 485 1212 552 primo
1230 483 1337 547 secula,
1368 481 1508 551 dicebant,
1534 484 1711 551 repensratio
1734 502 1790 538 non
1810 484 1909 555 potuit
1923 492 1967 534 u
1983 493 2024 534 loe

199 573 285 640 jore,
314 572 365 623 sed
383 576 473 623 ncorte
491 571 527 622 de
544 571 636 624 medio
656 570 770 624 sublata
789 586 867 623 omne
893 569 1040 639 imperium
1068 571 1190 623 aeternis
1206 569 1333 623 sensibus
1350 570 1533 639 deprehendi,
1552 570 1619 640 quia
1638 579 1768 624 enterrsus
1779 571 1861 625 homa
1875 572 1909 624 in

205 657 293 710 Patri
309 658 479 711 tradendum
496 673 563 724 esse,
582 659 761 726 Scrsptnrmn
774 656 886 711 Christo
904 657 934 710 in
946 656 1041 725 codis,
1067 656 1175 710 renatis
1203 657 1289 725 hujus
1312 656 1401 710 seculi
1429 658 1488 721 suit
1511 657 1619 722 sortiar
1645 658 1773 728 interno,·
1803 659 1835 711 in
1860 675 1906 713 se·

206 761 262 796 non
276 743 400 795 interris
413 760 530 812 requam
543 746 715 816 promittere.
741 748 766 801 9.
784 744 882 798 Dauid
894 742 1041 812 Gearqius,
1067 744 1160 796 cundo
1183 744 1278 798 amulo
1303 745 1383 798 tamo
1414 744 1540 798 internus
1565 743 1623 808 fuit
1648 744 1756 806 fortior
1781 752 1908 809 autema

205 829 371 899 Hellandus,
396 829 552 885 haereticus
570 829 818 900 pestilentissimus,
843 829 914 884 inter
934 829 1041 901 reliqua
1067 831 1190 882 nondum
1216 836 1308 883 tamen
1332 830 1414 884 tonsa
1437 839 1566 884 eatenus
1588 830 1672 899 plene
1695 830 1754 893 ferd
1779 830 1908 885 abolitus

205 917 353 987 paradoxa,
373 933 444 987 quae
464 916 490 969 in
509 916 627 971 historia
646 916 793 972 Basiliensi
822 916 857 972 de
877 916 964 986 ipsius
983 916 1041 970 vita
1067 915 1097 968 in
1122 916 1241 969 secundi
1265 916 1354 971 eeneii
1377 917 1502 983 renatis,·
1529 917 1559 970 in
1581 916 1664 970 tertio
1691 924 1783 971 auum
1809 917 1907 973 secula

205 1009 233 1057 et
251 1009 338 1057 morte
356 1008 619 1068 commemorantur,
642 1002 726 1058 etiam
747 1003 799 1057 hoc
826 1002 983 1072 proposuit,
1012 1020 1041 1056 se
1064 1003 1152 1073 plane
1170 1002 1337 1057 abolendum
1362 1004 1392 1057 in
1412 1003 1521 1057 renatis
1545 1001 1676 1058 dicebant
1698 1003 1836 1059 hominem
1858 1020 1906 1058 eu·

160 1161 163 1167 ¹
206 1107 265 1145 esse
281 1107 376 1144 verum
393 1090 476 1143 illum
498 1090 640 1143 Davidem
665 1107 684 1143 a
704 1091 768 1144 Deo
786 1090 915 1157 masura,
941 1095 972 1142 ut
997 1106 1039 1142 en·
1067 1097 1182 1153 ternum,
1200 1091 1275 1143 unde
1289 1095 1403 1143 renatas
1421 1089 1502 1145 ellim
1520 1089 1610 1144 seculi
1628 1088 1907 1161 negabantulterius

205 1177 382 1232 tremishisce
392 1176 812 1247 tenporibusreqnnmlsrae'lie
819 1177 978 1230 restitueret
987 1178 1040 1230 Ja·
1065 1191 1184 1244 peccare
1200 1193 1293 1246 posse,
1321 1193 1371 1230 nce
1388 1175 1555 1232 dubitabant
1573 1185 1702 1248 respectu
1717 1179 1907 1247 perfectioris

205 1265 320 1335 colique
340 1263 551 1317 tabernaculum
573 1263 755 1331 instauraret,
780 1280 810 1317 se
828 1280 886 1316 csse
905 1280 997 1332 reqem
1015 1271 1040 1316 ct
1067 1264 1287 1332 reqcnerationis
1313 1263 1344 1316 in
1362 1263 1445 1318 tertio
1466 1264 1519 1320 illo
1544 1264 1638 1319 secula
1664 1264 1735 1335 ipsis
1753 1265 1908 1335 prophetie

207 1351 358 1419 Christum,
374 1351 472 1404 Patris
489 1350 615 1404 coelestis
632 1350 732 1416 silium,
754 1351 784 1403 in
803 1368 858 1419 quo
877 1368 906 1404 se
926 1351 1041 1406 oblectet
1068 1357 1092 1403 et
1111 1350 1250 1418 apostolis
1269 1366 1328 1406 sess
1346 1351 1506 1418 anteferre,
1530 1351 1634 1420 quippe
1652 1352 1752 1421 quihus
1777 1355 1907 1407 nondum

206 1441 307 1502 Pater,
334 1445 431 1490 natum
449 1455 505 1489 non
526 1454 558 1489 en
576 1453 670 1503 carne,
688 1437 742 1489 sed
760 1453 793 1488 en
814 1435 925 1505 Spiritu
944 1445 1040 1491 sancto
1067 1436 1196 1504 ohtiqerit
1213 1436 1268 1489 illa
1288 1437 1415 1506 Spiritus
1432 1438 1526 1492 sancti
1541 1454 1671 1493 messura
1689 1455 1724 1492 ac
1743 1439 1834 1509 plena
1860 1456 1906 1495 re·

206 1533 232 1580 st
251 1524 362 1596 Spiritu
382 1523 490 1577 Chresti
507 1523 588 1588 Jesu,
606 1524 657 1590 qui
674 1521 799 1592 Spiritus
816 1522 929 1592 Christi,
955 1541 1041 1577 carne
1066 1523 1257 1593 qeneratianis
1272 1524 1421 1593 pascetis.
1452 1524 1526 1580 Vide
1544 1524 1677 1595 disputat.
1689 1526 1836 1581 annosis
1849 1525 1906 1583 illis

206 1612 268 1682 ejas
293 1611 323 1663 in
345 1610 464 1664 nihilum
491 1611 624 1677 seriana,
646 1611 768 1678 qrcadam
791 1610 822 1662 in
848 1610 910 1664 loeo
934 1612 1041 1665 sanctis
1066 1608 1194 1664 fanaticis
1220 1610 1370 1680 oppositas.
1407 1615 1447 1665 11.
1472 1611 1553 1666 Anno
1579 1609 1683 1670 cerae
1702 1615 1775 1667 1592.
1811 1614 1906 1666 itan·

206 1697 332 1753 amintas
350 1698 444 1765 iqnoto
461 1697 593 1750 tactenus
611 1702 745 1749 sensatus
762 1713 835 1750 nnnc
854 1697 966 1752 Daaidi
986 1696 1039 1751 Ge·
1067 1697 1157 1750 onan
1177 1697 1309 1761 Paccius,
1325 1695 1511 1764 Florentinus,
1531 1697 1611 1752 homo
1630 1696 1778 1768 fanaticus,
1800 1698 1906 1754 librum

206 1785 288 1854 orqio
306 1790 380 1837 totus
398 1783 482 1853 quasi
505 1783 629 1836 traditus
653 1783 690 1836 sit
717 1789 800 1851 atque
833 1784 864 1836 in
890 1784 951 1853 ejus
980 1785 1040 1837 ani·
1067 1781 1155 1837 edidit
1177 1781 1230 1837 sub
1255 1781 1336 1838 titulo
1362 1785 1397 1836 de
1422 1782 1528 1838 Christi
1551 1783 1712 1837 Seruatoris
1736 1786 1906 1855 efficacitate

206 1889 281 1925 nram
298 1871 419 1938 infusus,
439 1887 468 1923 se
486 1869 575 1939 iqitur
593 1886 651 1924 esse
669 1885 739 1935 eum,
756 1871 805 1940 qui
822 1872 935 1924 domum
946 1872 1040 1925 Israe'-
1067 1869 1097 1922 in
1113 1869 1240 1923 amnibus
1257 1878 1283 1923 et
1298 1869 1420 1938 sinqulis
1437 1869 1602 1939 inminibus,
1619 1878 1756 1939 quatenus
1777 1871 1906 1926 tomincs

205 1959 242 2013 lis
260 1973 392 2026 uerasque
412 1957 480 2010 Levi
496 1956 579 2021 tilios,
602 1956 735 2010 nimirum
756 1973 812 2024 eas,
837 1958 887 2026 qui
907 1961 1041 2028 daqmata
1066 1964 1130 2010 suat
1149 1961 1201 2011 etc.
1228 1955 1257 2009 in
1276 1972 1332 2027 quo
1357 1973 1413 2011 una
1439 1964 1507 2011 cum·
1526 1956 1708 2027 plurimorum
1725 1957 1842 2013 aliorum
1860 1976 1904 2014 er·

205 2045 295 2115 ipsius
315 2044 472 2113 accipiunt
495 2060 609 2113 eumque
622 2052 784 2112 sequuntur,
801 2059 859 2097 una
877 2061 939 2098 cum
957 2045 1039 2099 aerbo
1066 2060 1157 2097 rorum
1174 2041 1316 2114 farragine
1334 2042 1417 2098 etiam
1437 2042 1633 2098 chiliastarum
1662 2043 1795 2102 defendit.
1820 2047 1906 2114 Dies,

205 2132 265 2188 Dei
275 2130 456 2185 tabernaculo
474 2130 511 2182 sit
527 2129 639 2199 Spiritu
647 2130 865 2194 instauratis-us,
883 2150 938 2185 non
950 2147 1040 2198 cruce,
1066 2127 1166 2199 inquit,
1183 2145 1231 2182 seu
1247 2138 1353 2199 tempus
1364 2130 1477 2199 judicii
1494 2131 1587 2185 divini
1597 2130 1687 2185 rauba
1701 2134 1904 2201 complectitur.

204 2219 287 2273 retus
307 2218 434 2272 Maersis
455 2224 506 2271 arat
522 2224 625 2285 marte,
649 2218 883 2286 qumaamodnm
900 2218 951 2272 ille
967 2219 1039 2272 alter
1051 2244 1054 2291 ,
1068 2217 1142 2270 Nam
1159 2216 1267 2286 aliquot
1286 2216 1356 2270 anni
1378 2223 1503 2271 tereretur
1526 2218 1556 2270 in
1576 2221 1752 2286 excoquenda
1780 2228 1808 2273 et
1828 2237 1905 2290 pur-

207 2305 348 2370 Ohrietus,
376 2307 427 2358 scd
446 2303 593 2358 clementia
618 2311 644 2356 et
672 2301 789 2374 spiritua
811 2304 919 2359 cenat
945 2297 1160 2370 amare'qnnda
1175 2305 1280 2358 munda
1297 2310 1323 2356 et
1339 2304 1368 2356 in
1383 2304 1513 2370 conflicta
1531 2305 1604 2358 inter
1623 2305 1763 2360 Olrristnm
1781 2307 1904 2362 etAnti·

205 2403 232 2449 et
251 2393 348 2463 qratia
370 2397 421 2447 ete.
457 2390 499 2445 Er
518 2389 593 2444 illius
610 2389 705 2445 schola
724 2388 809 2445 dubio
831 2390 928 2460 procul
947 2391 1038 2461 prodi·
1067 2390 1199 2444 strictum
1216 2405 1365 2460 eorumque
1386 2392 1523 2446 nationes.
1558 2391 1644 2446 Mille
1665 2393 1735 2447 anni
1754 2394 1905 2464 quinquies

205 2487 287 2537 erunt
306 2480 356 2546 illi,
375 2495 492 2550 quorum
511 2477 635 2532 meminit
652 2475 797 2533 Cornelius
812 2478 962 2534 lansenius
983 2479 1039 2549 spi·
1052 2519 1053 2534 .
1066 2477 1268 2545 promittantur
1283 2485 1391 2547 pacato
1409 2486 1572 2533 sanctorum
1584 2494 1679 2547 reque,
1700 2479 1823 2548 aliquod
1837 2489 1905 2536 tcm-

206 2586 305 2638 acopus
324 2565 518 2621 Gandavensis
538 2563 568 2618 in
585 2581 663 2619 conc.
681 2580 781 2635 evang.
800 2581 860 2636 cap.
872 2570 929 2621 123.
941 2584 969 2636 p.
980 2571 1039 2622 842.
1066 2580 1119 2631 pers
1139 2579 1247 2633 quoque
1264 2563 1381 2617 dalitm
1398 2563 1496 2617 ultimo
1514 2564 1629 2618 canani
1644 2564 1779 2636 Samene,
1797 2567 1903 2622 cuide-

205 2655 254 2728 qui
273 2655 301 2709 in
316 2652 414 2724 Belgio
432 2670 462 2705 se
480 2667 539 2706 esse
553 2649 695 2705 Christum
709 2669 803 2720 reqem
816 2652 913 2708 Sionis
932 2654 1039 2710 mentiti
1068 2668 1139 2703 mum
1165 2653 1294 2706 succedet
1317 2652 1488 2705 resurrectio
1517 2659 1543 2705 st
1566 2652 1712 2721 judicium
1740 2655 1904 2710 mortalium

205 2741 291 2811 tuere,
311 2739 412 2812 quibus
430 2755 481 2795 nec
501 2738 649 2810 signancc
667 2738 797 2809 prodigia
815 2738 971 2810 defuerunt,
990 2757 1040 2811 per
1066 2736 1188 2789 amnium
1203 2744 1229 2790 et
1246 2744 1335 2790 status
1352 2737 1404 2792 ille
1431 2737 1584 2791 consutens
1607 2744 1633 2792 et
1656 2739 1765 2806 quietus
1791 2751 1904 2796 creatu·

205 2844 277 2900 quae
294 2825 450 2881 hominibus
469 2824 666 2895 imposuerunt.
1066 2841 1177 2894 rarum,
1203 2824 1234 2878 in
1254 2841 1337 2895 quern
1359 2824 1441 2878 nulla
1463 2841 1563 2893 puqna
1589 2832 1638 2877 aut
1664 2826 1781 2904 crimmis
1807 2829 1903 2884 corut.

240 2921 280 2970 75.
304 2919 343 2969 lt).
359 2912 450 2983 Hujus
469 2909 587 2965 Dasidis
607 2909 722 2982 Georgii
741 2909 850 2965 soboles
868 2916 935 2966 sunt
953 2911 1040 2968 nostri
1066 2908 1152 2964 ibid:
1178 2911 1215 2963 In
1238 2911 1343 2981 primia
1360 2910 1458 2965 dicim
1485 2910 1599 2979 septimi
1622 2911 1718 2979 nnqeli
1742 2912 1904 2983 clanqcntis

205 3000 369 3069 Methistae,
387 2999 454 3053 nori
470 2997 680 3062 Enthsseiastac,
699 2997 856 3053 Ezechielis
874 2997 972 3063 Metiri,
991 2999 1040 3068 qui
1064 2997 1238 3065 promittitur
1258 2997 1455 3053 illustrissima
1472 2997 1593 3051 uictoria
1606 2999 1641 3051 ds
1655 2998 1765 3052 wana
1779 3006 1804 3052 ct
1819 3001 1904 3055 Anti·

143 3148 148 3161 ,
205 3104 235 3143 se
253 3087 351 3142 Eiram
375 3085 471 3139 Sionis
495 3088 591 3151 vocat,
621 3083 759 3152 amselae,
784 3100 900 3153 quorum
927 3083 1040 3155 qnidam
1065 3084 1184 3153 carneo,
1211 3086 1308 3154 quitus
1326 3085 1460 3154 conjectis
1477 3092 1504 3139 et
1522 3084 1662 3139 conclusis
1677 3085 1707 3137 in
1724 3086 1821 3156 abyssi
1837 3106 1903 3142 car-

205 3191 278 3230 anno
297 3177 370 3228 1616.
391 3177 512 3226 nostram
529 3169 602 3226 hanc
621 3171 769 3226 Jenensem
786 3169 956 3226 academiam
982 3177 1038 3226 tur·
1050 3201 1053 3242 ,
1065 3186 1154 3224 cerem
1172 3171 1285 3240 incipiet
1302 3188 1416 3241 requam
1434 3171 1512 3225 titud
1529 3171 1606 3225 mille
1626 3189 1771 3241 annorum,
1796 3173 1827 3226 in
1845 3191 1903 3243 qua

205 3259 326 3327 babent,
350 3259 399 3314 sed
415 3257 468 3312 Dei
488 3257 679 3328 praepotentis
695 3256 787 3328 patin
806 3261 835 3313 et
852 3256 1038 3327 professorum
1050 3248 1053 3282 ²
1064 3275 1172 3312 suornm
1192 3265 1321 3326 potestas
1345 3258 1509 3311 diuinarum
1538 3258 1776 3328 humanarumque
1803 3277 1903 3316 rerum

204 3347 252 3419 pia
269 3345 416 3416 diligentia
433 3345 468 3400 ad
489 3344 625 3399 saniorem
644 3348 763 3397 mentem
788 3342 900 3398 tandem
924 3344 1038 3400 reduce·
1065 3344 1119 3398 erit
1135 3361 1222 3415 penes
1241 3345 1415 3400 immortales
1428 3346 1577 3415 pontifices
1598 3353 1623 3398 et
1641 3361 1735 3415 reqes,
1758 3347 1809 3400 sub
1832 3365 1902 3416 quo·

152 3462 154 3466 ·
204 3435 311 3490 bantur.
347 3433 392 3487 Illi
410 3438 519 3504 praeter
538 3447 643 3487 errores
663 3431 732 3486 alios
755 3430 923 3501 complures,
951 3449 970 3487 a
993 3449 1037 3487 vs·
1064 3450 1127 3485 rum
1144 3431 1258 3502 judicia
1288 3439 1313 3485 et
1338 3432 1537 3501 quiernatiane
1562 3432 1739 3489 sananssima
1760 3433 1904 3502 limabant

204 3520 309 3576 teribus
328 3519 474 3575 haereticis
495 3524 644 3586 mutuatos,
663 3522 759 3589 utpote
777 3519 855 3586 quad
871 3518 968 3573 Filius
981 3520 1040 3573 Dei
1066 3533 1159 3572 amnes
1185 3518 1300 3572 uirtutes
1324 3525 1350 3573 et
1376 3518 1540 3573 sennenn
1566 3519 1661 3572 omnia
1678 3520 1749 3573 uitia
1769 3527 1794 3574 et
1807 3522 1903 3589 fluent

204 3625 317 3662 carnem
337 3625 419 3661 snam
443 3606 553 3661 scoelo
576 3622 667 3659 secum
696 3605 837 3668 attulerit,
866 3622 921 3658 nan
947 3612 1038 3659 autem
1066 3621 1154 3682 aurea
1173 3606 1227 3659 illa
1245 3604 1382 3662 ecclesiae
1405 3605 1515 3669 secula,
1543 3621 1615 3673 quae
1635 3607 1807 3676 prophetae,
1831 3625 1903 3676 apo-

204 3713 237 3750 ca
257 3695 359 3749 Maria
378 3694 488 3765 uirqinc
505 3692 676 3760 manuscrit,
696 3692 773 3761 quod
791 3691 968 3760 reqeneratia
987 3694 1039 3758 fiat
1064 3691 1133 3746 etati
1151 3709 1185 3745 aa
1204 3691 1333 3760 stipites
1353 3692 1462 3762 passim
1484 3693 1653 3763 promittunt
1678 3710 1712 3746 ae
1730 3694 1903 3765 describunt,

199 3799 255 3851 per
272 3781 372 3837 ameris
400 3780 572 3835 substantiae
598 3778 792 3845 abolitionem,
817 3779 893 3846 quad
913 3777 1039 3847 Spiritus
1065 3794 1119 3848 qua
1137 3784 1261 3848 tempore
1279 3778 1377 3846 elapso
1401 3778 1449 3842 fiet
1467 3779 1637 3832 resurrectio
1655 3780 1832 3847 sinqulorum
1852 3781 1925 3840 ha,

203 3876 317 3924 sanctus
339 3887 396 3923 non
426 3871 507 3922 entur
535 3883 591 3936 per
617 3863 863 3934 praedicationem
889 3865 1038 3934 euanqelii,
1066 3864 1186 3942 minum.
1213 3863 1287 3918 Huic
1306 3864 1408 3934 scripto
1425 3862 1521 3919 Puccii
1546 3863 1622 3934 piam
1645 3870 1673 3919 et
1699 3864 1835 3920 eruditam
1858 3885 1902 3924 re·

205 3959 258 4011 secl
274 3957 412 4010 duntaxat
434 3955 579 4022 recitetur,
598 3968 659 4006 cnm
674 3953 739 4020 jam
756 3958 822 4005 ante
842 3951 872 4004 in
889 3953 974 4006 corde
991 3952 1038 4006 io·
1064 3949 1227 4006 tutationem
1245 3950 1375 4021 opposuit
1394 3949 1487 4005 Lucas
1507 3948 1643 4005 Osiender
1661 3949 1806 4023 theologus
1825 3953 1902 4008 wir-

204 4042 289 4097 minis
308 4059 369 4095 eum
388 4041 516 4095 tabuere
540 4046 676 4106 oporteat,
693 4040 772 4106 quod
787 4054 840 4106 per
854 4037 1038 4091 ministerium
1064 4036 1256 4111 tenbergsnsis
1281 4035 1383 4091 editam
1411 4034 1559 4107 Tubingae
1585 4053 1630 4091 an.
1656 4042 1730 4093 159³.
1768 4043 1807 4096 12.
1836 4038 1903 4096 Cra·

204 4128 334 4196 illarum,
358 4128 408 4196 qui
423 4144 479 4180 non
497 4126 607 4195 ipsimet
624 4125 725 4179 tabent
744 4125 881 4194 Spiritum
904 4133 1038 4191 sanctum,
1065 4141 1157 4179 merus
1175 4124 1324 4196 theologus
1350 4122 1481 4191 eximius,
1508 4123 1613 4187 amicus
1642 4130 1736 4179 noster
1764 4131 1793 4179 ct
1814 4126 1904 4184 irater

203 4235 259 4270 non
278 4215 443 4281 consuatur
461 4212 587 4282 Spiritus
610 4220 737 4279 sanctus,
761 4212 886 4283 quamvis
914 4228 983 4283 pure
1004 4229 1038 4268 ac
1064 4211 1242 4282 honorandus
1260 4217 1330 4282 part.
1346 4216 1371 4266 2.
1389 4210 1423 4265 de
1441 4226 1528 4282 regno
1548 4210 1651 4267 Christi
1669 4227 1731 4281 cap.
1751 4218 1774 4268 t.
1793 4230 1822 4284 p.
1841 4219 1905 4271 3111.

204 4304 310 4358 sincere
332 4301 463 4368 doceant,
487 4301 565 4368 quod
586 4299 736 4368 Scriptura
751 4300 787 4352 ait
808 4300 893 4353 litera
919 4307 1038 4368 mortua,
1066 4297 1188 4353 meminit
1196 4297 1342 4368 cujusdam
1352 4299 1578 4353 commentatoris
1588 4298 1618 4353 in
1627 4299 1832 4369 Apocalypsin,
1851 4302 1903 4371 qui

203 4391 280 4461 φωτὶ
302 4389 382 4441 homo
406 4387 578 4456 justificetur
600 4385 763 4451 formaliter
783 4404 838 4455 per
864 4386 1037 4441 essentialem
1063 4402 1164 4440 novum
1191 4391 1220 4439 et
1238 4384 1369 4439 subtilem
1395 4385 1533 4458 quendam
1559 4383 1729 4441 chiliasmum
1755 4385 1790 4440 de
1813 4403 1903 4458 regno

203 4476 264 4530 Dei
283 4473 428 4544 justitiam
445 4471 660 4536 inhahitantem,
688 4476 765 4541 quod
781 4473 960 4542 reqeueratia
981 4490 1038 4526 non
1063 4471 1223 4543 evangelico
1242 4470 1416 4542 excogitavit.
1453 4470 1557 4527 Statuit
1575 4472 1662 4541 enim,
1685 4474 1815 4537 sauram
1841 4491 1903 4530 esse

199 4562 291 4633 pascit
309 4560 373 4626 fieri
392 4575 447 4628 per
466 4559 634 4628 baptismum
652 4576 743 4628 aquae
766 4565 817 4613 etc.
839 4559 1036 4616 chiliastarum
1064 4560 1251 4614 omnimodam
1272 4558 1442 4613 Antichristi
1459 4560 1604 4629 utriusque
1622 4567 1680 4613 tum
1701 4560 1823 4629 ibreici,
1842 4569 1904 4616 tum

202 4648 309 4705 somnia
327 4662 431 4717 magna
449 4661 482 4700 ex
500 4651 581 4715 parte
601 4645 849 4716 amplectebantur.
877 4647 949 4701 Tria
964 4646 1037 4701 enim
1065 4647 1188 4700 Romani
1205 4652 1403 4721 πανωλεθρίαι)
1421 4653 1486 4699 ante
1505 4647 1606 4700 mundi
1623 4647 1726 4715 finem,
1752 4648 1902 4702 cestuum

202 4733 363 4790 statuebant
382 4732 478 4788 secula
492 4733 576 4802 juxta
595 4749 738 4787 numerum
752 4733 834 4787 trium
850 4734 878 4787 in
893 4733 1038 4788 divinitate
1062 4736 1191 4799 futuram
1211 4750 1269 4787 esse
1288 4739 1314 4785 et
1332 4733 1534 4787 oecumenicam
1560 4740 1586 4786 et
1603 4733 1740 4789 catholice
1762 4735 1902 4802 amant-

172 4876 176 4884 ,
201 4835 390 4892 pascuarum.
427 4819 549 4874 Primum
570 4818 732 4874 tribuebant
748 4821 847 4888 Patri,
873 4821 949 4892 quod
973 4837 1037 4876 coe·
1064 4821 1243 4875 condoletis
1267 4819 1394 4875 omnihus
1417 4819 1593 4886 tamenim,
1617 4820 1790 4874 carentibus
1813 4823 1902 4876 amni-

201 4907 276 4978 pisse
291 4905 423 4962 dicebant
445 4907 473 4959 in
494 4906 724 4977 promulqatiane
747 4909 968 4976 protcuanqelii;
993 4925 1037 4962 sc-
1064 4909 1113 4961 tras
1127 4906 1376 4977 persecutionibus,
1391 4905 1549 4975 pressuris,
1567 4905 1656 4973 bellis,
1673 4908 1834 4976 tyrannide,
1854 4907 1902 4962 id·

201 4992 323 5048 cundum
340 4992 428 5057 Filio,
445 4991 520 5063 quod
538 4993 662 5063 coepisse
675 4992 883 5048 arbitrabantur
900 4993 929 5047 in
947 4993 1037 5062 ipsirn
1064 5010 1116 5064 qne
1132 5010 1185 5064 per
1203 4993 1281 5047 mille
1302 5011 1406 5062 annos,
1430 4995 1481 5048 hac
1499 5001 1539 5047 est
1565 5000 1672 5062 tempta
1696 4994 1762 5048 bene
1786 4994 1902 5063 tanqum

201 5080 399 5134 incarnatione
420 5088 445 5134 et
472 5082 612 5150 aduentu,-
640 5081 752 5136 tertium
783 5080 909 5150 Spiritui
930 5086 1037 5144 sancto,
1063 5083 1114 5135 sed
1133 5083 1195 5135 Deo
1210 5080 1342 5150 praesim
1365 5089 1476 5144 notum,
1500 5081 1531 5134 in
1555 5097 1609 5149 quo
1633 5081 1717 5150 requi
1742 5083 1903 5150 evanqelici

201 5171 282 5241 cujus
313 5165 399 5221 seculi
427 5165 536 5222 initium
560 5167 611 5222 hoc
634 5176 730 5222 nostro
757 5175 879 5236 tempore
912 5165 1037 5221 futurum
1063 5175 1140 5222 statu
1166 5175 1257 5222 tamen
1291 5168 1403 5238 rejecit,
1434 5167 1576 5237 quidquid
1600 5168 1782 5221 Judanmum
1814 5169 1902 5238 sapit,

200 5254 329 5325 idemque
343 5271 394 5324 per
418 5255 497 5310 mille
513 5272 604 5309 annos
630 5260 790 5308 secuturum
813 5249 1036 5322 suspicabantur.
1064 5255 1205 5324 quidquid
1223 5256 1289 5308 item
1311 5255 1462 5325 politicum
1480 5255 1663 5308 dominatum.
1702 5254 1902 5309 Omnimodam

201 5339 323 5396 Primum
341 5340 478 5397 vocabant
499 5349 589 5408 naus,
616 5340 767 5396 secundum
791 5338 1036 5403 communium
1064 5343 1147 5395 stiam
1158 5343 1284 5396 Satorum
1301 5342 1465 5411 liqataram,
1484 5343 1581 5410 quoad
1592 5341 1738 5410 priuatum
1755 5357 1902 5410 quemque,

201 5428 379 5483 mnarum
399 5435 600 5494 testamentum,
626 5427 655 5480 in
672 5427 753 5496 cujus
771 5425 865 5482 limine
884 5443 914 5481 se
932 5427 1035 5481 versari
1063 5446 1118 5483 sesan
1132 5429 1257 5498 admnit,
1274 5430 1451 5498 corporalem
1466 5428 1574 5484 Christi
1585 5427 1822 5483 convasaticnem
1839 5446 1910 5495 sun

200 5513 400 5586 gloriabantur.
436 5515 504 5570 Inde
520 5529 603 5585 porro
621 5512 786 5582 inferebant,
807 5514 1035 5582 dntinqucndum
1063 5517 1141 5586 tuln,
1166 5517 1345 5586 corporatam
1368 5516 1433 5570 itern
1463 5515 1592 5580 fidelium
1611 5516 1854 5571 resmcitatienem
1875 5524 1902 5572 st
