4050 6014
625 1527 1155 1653 TRAOTATUS
1191 1528 1539 1651 SEXTUS

529 1773 642 1910 DE
703 1772 992 1911 VITA
1062 1772 1641 1912 AETERNA.

1073 2029 1094 2085 Ι.

102 2199 167 2240 rroer
181 2210 222 2240 no-
268 2133 373 2244 Divus
391 2185 490 2240 Petrus
513 2191 535 2241 1.
554 2186 634 2256 epist
656 2192 679 2254 1,
698 2204 725 2247 v.
745 2192 770 2243 9.
789 2191 867 2249 τέλος
883 2188 931 2253 τῆς
947 2190 1068 2244 πίστεως
1094 2184 1160 2240 fidei
1189 2188 1297 2242 articuli
1324 2187 1410 2243 vitam
1436 2192 1576 2240 aeternam
1603 2189 1634 2239 ut
1657 2182 1739 2238 finem
1762 2192 1791 2238 et
1816 2199 1935 2253 scopum

100 2251 221 2343 &firm
233 2268 314 2345 ἡμῶν
336 2276 416 2325 vocat
439 2278 578 2346 σωτηρίαν
598 2275 704 2343 ψυχῶν.
743 2272 806 2329 Vox
828 2273 907 2335 τέλος
930 2267 1068 2342 significat
1094 2270 1222 2326 ultimum
1239 2273 1397 2345 respiciunt.
1437 2276 1600 2346 Προττικῶς
1619 2276 1780 2341 propterea,
1800 2268 1868 2339 qnia
1883 2269 1937 2338 qui

104 2358 204 2397 “im
237 2362 261 2414 1.
282 2359 364 2423 tinem
382 2365 408 2411 et
428 2358 531 2411 eciam
555 2357 653 2414 Matth.
680 2364 719 2424 10,
744 2377 768 2413 v.
789 2363 830 2415 22.
848 2374 910 2429 cap.
931 2361 973 2419 24,
996 2373 1024 2411 v.
1043 2359 1067 2410 6.
1095 2357 1123 2412 in
1142 2357 1198 2413 fide
1213 2360 1436 2428 perseveraverit
1462 2376 1548 2428 mane
1569 2359 1610 2411 ad
1628 2359 1725 2423 finem,
1750 2355 1847 2409 sainna
1869 2357 1934 2422 erit,

236 2448 276 2500 13.
296 2449 324 2497 ct
345 2448 384 2499 14.
400 2443 485 2498 Marc.
507 2449 547 2513 13,
565 2463 588 2500 v.
611 2451 651 2505 13.
669 2453 722 2502 otc.
741 2439 1070 2517 emmerammum
1095 2442 1125 2498 id
1145 2449 1188 2500 est
1208 2453 1395 2516 consequetur
1414 2445 1498 2498 vitam
1517 2449 1657 2498 aeternnm
1674 2439 1773 2497 Matth.
1795 2446 1834 2507 10,
1853 2444 1934 2496 att.

233 2535 310 2593 τέλος
326 2528 389 2583 finis
415 2537 457 2584 est
479 2529 520 2587 rei
541 2531 692 2602 perfectio,
717 2547 751 2586 ac
778 2535 855 2587 τελέω
880 2538 922 2585 eet
939 2531 1069 2599 perricio,
1097 2546 1157 2600 cap.
1177 2535 1221 2600 tt,
1237 2549 1262 2584 v.
1283 2535 1322 2587 13.
1340 2538 1392 2586 etc.
1420 2531 1501 2585 Hunc
1520 2545 1587 2600 ergo
1605 2527 1700 2595 tinem,
1727 2526 1801 2582 bunc
1825 2525 1933 2582 exitum

235 2633 399 2671 consummo.
425 2615 471 2669 Sic
489 2614 614 2672 Christus
631 2617 709 2674 Rom.
733 2625 773 2687 10,
792 2636 819 2673 v.
839 2624 863 2674 4.
887 2616 987 2671 dicitur
1005 2615 1071 2681 tinec
1096 2615 1180 2671 habet
1197 2616 1267 2671 fides
1284 2624 1387 2682 nostra,
1406 2620 1438 2670 nt
1456 2632 1506 2686 per
1523 2632 1584 2670 earn
1596 2615 1692 2669 salutis
1707 2613 1856 2684 participes
1869 2612 1932 2668 red·

236 2718 270 2755 oc
291 2701 432 2771 perfectio
459 2701 543 2771 leam,
572 2703 638 2774 quia
660 2702 785 2759 Christus
809 2720 869 2758 cam
897 2701 982 2756 nostri
1009 2701 1069 2755 loco
1096 2701 1202 2768 damur,
1224 2703 1325 2758 Joban.
1345 2706 1386 2767 20,
1405 2719 1431 2757 v.
1452 2706 1493 2757 31.
1532 2704 1557 2766 3)
1578 2700 1721 2762 Perfectio
1738 2715 1772 2754 ac
1790 2693 1935 2774 πλήρωσις

182 2835 185 2843 .
234 2786 372 2857 implerit,
401 2792 429 2842 et
454 2787 521 2858 quia
543 2787 588 2844 lex
615 2788 652 2842 ad
682 2789 869 2859 quaerendum
892 2786 1069 2843 mediatorem
1095 2796 1207 2845 nostrae
1225 2787 1303 2858 fidei,
1330 2788 1397 2858 quin
1413 2788 1538 2840 ridemus
1564 2804 1638 2840 nunc
1658 2802 1710 2856 per
1732 2785 1878 2855 epecrsiam
1901 2785 1934 2838 in

236 2871 375 2929 Christum
393 2890 443 2929 noe
464 2874 584 2936 deducit.
611 2880 633 2930 1.
654 2874 774 2931 Timotb.
797 2880 821 2942 1,
840 2892 865 2930 v.
884 2881 912 2930 t:
936 2875 1069 2937 τὸτέλος,
1095 2876 1264 2945 coniuncte,
1287 2884 1353 2928 tanc
1376 2882 1467 2928 antem
1493 2892 1512 2927 a
1534 2872 1613 2936 facie
1636 2875 1677 2926 ad
1699 2872 1803 2931 rocem
1825 2877 1846 2929 1.
1867 2871 1932 2927 Cor.

235 2961 301 3026 finis
318 2978 352 3014 ac
368 2960 518 3030 perfectio,
538 2961 609 3028 lepis
624 2970 663 3015 ert
675 2962 798 3030 coritae,·
817 2961 868 3031 qai
879 2961 952 3015 enim
965 2960 1070 3029 dilicit,
1099 2965 1138 3030 13,
1158 2979 1185 3015 v.
1207 2966 1244 3017 12.
1279 2962 1362 3015 Nunc
1375 2977 1431 3028 per
1449 2961 1533 3023 tidem
1547 2959 1731 3027 ambulamus,
1750 2967 1816 3013 tnnc
1835 2967 1932 3015 autem

235 3047 322 3116 leuem
340 3046 465 3115 implerit
483 3045 562 3102 Rom.
584 3052 623 3114 13,
643 3065 668 3102 v.
691 3054 731 3104 10.
769 3053 793 3104 3.
813 3049 974 3115 mercedem,
997 3062 1070 3117 quae
1093 3066 1147 3117 per
1169 3049 1286 3117 speciem
1311 3052 1336 3103 2.
1353 3047 1416 3104 Cor.
1436 3053 1460 3115 5,
1484 3063 1509 3099 v.
1527 3052 1550 3101 1.
1585 3044 1618 3099 In
1640 3044 1699 3099 vita
1724 3052 1837 3100 aeterna
1861 3047 1934 3111 fidei
1947 3058 2015 3100 xx.

236 3130 373 3187 Hebraico
391 3130 494 3187 dicitur
515 3134 637 3208 16Ἶηῖ6,
659 3135 740 3200 finis,
773 3133 839 3203 quia
862 3132 943 3188 datur
969 3131 996 3186 in
1015 3130 1070 3185 fine
1096 3136 1224 3188 succedet
1240 3133 1311 3187 nicio
1337 3150 1371 3186 ac
1394 3133 1457 3201 epei
1471 3133 1590 3199 fruitio,
1618 3149 1690 3204 qnae
1716 3138 1759 3187 est
1784 3132 1932 3205 utriusque

236 3218 326 3288 operia
357 3235 405 3273 sen
434 3234 517 3290 opere
548 3227 671 3291 peracto.
700 3219 781 3276 Rom.
804 3225 830 3281 6,
860 3236 885 3272 v.
910 3222 957 3274 21:
992 3222 1070 3280 τέλος
1095 3219 1220 3291 impletio
1240 3236 1273 3274 ao
1292 3219 1434 3290 perfectio.
1473 3222 1499 3284 3)
1520 3221 1630 3272 Merces
1652 3219 1722 3284 fidei
1744 3226 1871 3289 nostroe,
1899 3219 1930 3273 id

235 3319 346 3374 eornm,
372 3306 408 3359 ds
439 3307 538 3374 quidm
563 3323 637 3359 nrenc
666 3304 840 3369 erubeeoitis,
869 3321 952 3358 mors.
980 3322 1005 3359 τ.
1027 3309 1068 3360 22.
1096 3307 1171 3379 quod
1189 3314 1281 3361 tumen
1306 3305 1401 3360 dextre
1428 3312 1457 3359 et
1477 3308 1557 3376 juxta
1583 3304 1648 3359 fidei
1668 3305 1825 3376 analogiam
1843 3306 1932 3377 expli·

237 3391 365 3445 Liberati
382 3408 401 3443 a
419 3401 542 3460 peccato,
566 3391 641 3446 cerni
657 3399 749 3445 autem
766 3392 844 3457 sacti
867 3392 943 3459 Deo,
962 3390 1069 3444 babetie
1095 3393 1222 3459 candum,
1238 3408 1271 3447 eo
1290 3391 1394 3447 scilicet
1413 3393 1504 3458 modo,
1531 3396 1554 3446 1.
1572 3399 1604 3445 ut
1620 3391 1731 3447 nomine
1750 3391 1822 3448 ritae
1840 3399 1931 3447 aeter·

232 3476 359 3543 fractam
384 3484 504 3530 oestrum
527 3478 558 3531 in
585 3477 847 3545 sanctificationem,
873 3478 951 3538 τέλος
977 3485 1069 3530 autem
1096 3495 1148 3535 nae
1166 3494 1222 3534 non
1243 3477 1414 3548 intelligatur
1431 3480 1616 3532 eecerrtiaiiter
1639 3478 1699 3549 ipsa
1724 3479 1781 3533 rita
1806 3484 1930 3546 aeterna,

234 3562 322 3617 aiam
341 3570 494 3619 aeternam.
513 3568 535 3617 2.
554 3560 618 3619 Cor.
639 3567 679 3630 11,
697 3579 723 3619 v.
745 3568 789 3618 15:
808 3549 847 3618 ὧν
865 3559 897 3617 τὸ
912 3566 989 3622 τέλος
998 3560 1068 3616 κατὰ
1095 3565 1144 3620 sed
1163 3565 1375 3618 accidentaliter
1399 3564 1530 3618 distincta
1553 3564 1676 3634 praemia
1698 3564 1875 3619 credentibus
1899 3566 1930 3620 in

235 3647 269 3702 τὰ
295 3649 378 3719 ἔργα,
405 3647 434 3702 id
461 3646 536 3719 quod
563 3648 603 3703 sic
631 3648 779 3720 exponitur
803 3649 891 3718 Apoc.
913 3652 955 3715 22,
977 3665 1003 3705 v.
1026 3652 1070 3703 rt:
1095 3652 1153 3705 rita
1169 3657 1281 3705 aeterna
1300 3650 1449 3720 promissa,
1477 3652 1505 3703 in
1534 3667 1590 3721 qua
1609 3649 1810 3720 significatione
1827 3667 1930 3708 nomen

235 3735 311 3788 Ecce
331 3735 418 3799 venio,
444 3742 469 3787 et
486 3752 591 3789 merces
608 3752 670 3788 meo
688 3751 800 3802 mecam,
820 3743 852 3789 ut
869 3737 989 3789 reddam
1008 3734 1069 3788 ani·
1096 3737 1170 3792 vitae
1185 3742 1313 3792 aeternae
1332 3737 1389 3792 sive
1405 3737 1516 3792 futurae
1535 3737 1656 3807 ponitur,
1680 3741 1703 3791 1.
1721 3737 1793 3790 Tim.
1812 3745 1836 3806 t,
1856 3758 1880 3792 v.
1900 3744 1931 3796 8:

213 3808 334 3889 'eumue
351 3821 502 3874 secandam
519 3839 606 3891 opero
622 3819 893 3879 succenseam.
913 3826 938 3888 2,
956 3838 982 3877 v.
1001 3825 1026 3877 6.
1045 3825 1069 3875 ’1.
1096 3824 1193 3877 Pietas
1224 3823 1304 3877 tabet
1331 3824 1544 3891 promissionem
1567 3824 1725 3890 praecentio
1758 3832 1784 3878 et
1811 3826 1932 3890 fatrem

235 3911 265 3962 et
281 3912 303 3964 8.
324 3906 387 3962 Hae
405 3906 622 3979 significationes
641 3925 737 3965 omnes
756 3917 784 3964 et
801 3909 928 3980 ringulae
946 3908 975 3962 in
993 3907 1067 3962 dicto
1095 3911 1177 3976 uitae,
1196 3908 1226 3962 id
1246 3915 1289 3963 est
1302 3909 1485 3978 praemiorum
1504 3908 1532 3962 in
1552 3909 1691 3979 praesenti
1708 3916 1737 3964 et
1750 3909 1846 3965 futura
1864 3912 1930 3967 vitu

235 3993 389 4065 apostolico
411 4002 488 4049 certa
511 3995 618 4051 ratione
638 3995 728 4051 locum
753 3994 864 4049 babent
901 3994 973 4051 Nam
990 3995 1069 4047 ealce
1095 3994 1162 4065 Ipsa
1181 3994 1253 4050 euim
1273 3995 1330 4048 vita
1347 4000 1461 4049 aeterna
1477 3993 1506 4048 in
1519 3994 1749 4064 promissionibus
1761 3997 1931 4067 evangelicis

235 4081 404 4149 animorum,
423 4080 453 4135 id
473 4086 516 4135 cst
532 4080 651 4136 actualis
671 4080 808 4151 possessio
828 4080 925 4135 salutis
944 4081 1001 4134 sive
1012 4079 1071 4133 vita
1095 4098 1152 4138 nou
1171 4089 1285 4138 vocatur
1303 4097 1421 4146 mercen,
1445 4081 1494 4135 sed
1514 4081 1637 4150 praemia
1654 4081 1716 4146 illa,
1735 4084 1853 4155 quaein
1874 4083 1932 4139 vita

235 4172 356 4235 aeterna,
371 4165 1069 4241 estl)finisetetcitnrnostractideitumteopnrc·
1096 4176 1211 4223 aeterna
1246 4166 1421 4222 credentibus
1463 4168 1600 4238 promisca
1641 4170 1775 4224 mercedis
1795 4215 1800 4221 .
1819 4171 1930 4226 nomine
1973 4157 1975 4160 ’

236 4257 296 4322 κῶς,
309 4259 367 4307 turn
381 4256 542 4327 repatriatio.
564 4256 741 4329 Θεωρητιτοῖς
753 4259 909 4324 propterea,
928 4253 995 4323 quia
1007 4251 1070 4306 nlti-
1096 4254 1219 4321 veniunt,
1237 4254 1311 4308 unde
1329 4252 1454 4308 Cbrietue
1472 4259 1601 4309 notanter
1618 4253 1687 4308 dicit
1697 4253 1796 4309 Mattb.
1810 4261 1834 4324 6,
1851 4273 1877 4310 v.
1889 4259 1929 4314 12.

237 4356 298 4393 mus
310 4337 374 4393 fidei
388 4348 499 4394 nostrae
514 4339 647 4394 eruemus
661 4340 690 4395 in
705 4338 837 4411 Symbolo
845 4337 996 4408 apostolico
1005 4337 1069 4393 fidei
1095 4339 1163 4394 Luc.
1183 4346 1208 4408 6,
1233 4357 1258 4393 v.
1277 4344 1322 4394 23:
1348 4339 1461 4392 Merces
1484 4349 1576 4394 nestra
1600 4341 1654 4394 erit
1680 4340 1795 4412 copiosa
1817 4345 1848 4397 έν
1870 4349 1930 4405 τοῖς

236 4440 369 4480 summam
378 4425 577 4496 complectente
586 4433 628 4480 eet
637 4426 824 4488 eirenem-no,
832 4425 977 4497 quippead
987 4442 1068 4496 quam
1096 4424 1233 4502 οὐρανοῖς,
1253 4427 1283 4478 in
1302 4425 1388 4488 coeio,
1406 4423 1454 4479 ubi
1472 4425 1544 4480 inter
1559 4428 1667 4482 coelum
1681 4427 1771 4497 ipsum
1783 4443 1832 4482 seu
1844 4427 1929 4484 vitam

235 4508 1069 4587 reliqniomnestauquamadcitocoaompoircroretadeoo·
1095 4519 1236 4568 aeternam
1264 4515 1293 4564 et
1318 4511 1391 4566 inter
1416 4512 1568 4567 mercedem
1603 4513 1632 4568 in
1664 4513 1741 4569 coelo
1774 4513 1929 4586 distinguit

235 4615 302 4671 pum
315 4598 395 4654 unice
404 4598 567 4656 referuntur.
588 4601 668 4654 Deae
676 4597 1069 4655 Paternoecreavitnontan·
1096 4597 1199 4655 Confer
1216 4598 1268 4652 loc.
1289 4597 1323 4651 de
1342 4595 1405 4653 bon.
1423 4596 1527 4668 operib.
1545 4599 1570 4666 6.
1594 4602 1650 4654 113.
1687 4604 1711 4653 t.
1735 4597 1775 4654 Ut
1795 4599 1930 4655 mercedis

236 4691 295 4740 tum
306 4683 963 4756 adhanc,sedetinm,imopraecipueadiuturam
970 4685 1069 4755 vitam3
1095 4701 1195 4741 nomen
1210 4682 1362 4754 accipiatur
1373 4700 1429 4740 non
1443 4682 1472 4738 in
1486 4700 1567 4739 nemu
1581 4685 1723 4740 strictiore
1733 4702 1790 4752 pro
1805 4688 1931 4742 mercede

235 4771 431 4826 GtristneDei
437 4771 858 4829 Filiusnosrodemitnonnnice
865 4788 916 4826 nec
922 4772 1070 4844 praecipue
1096 4772 1196 4834 meriti,
1219 4770 1323 4841 inqua
1341 4776 1383 4824 est
1402 4771 1544 4843 proportio
1564 4771 1636 4826 inter
1651 4771 1806 4826 mercedem
1824 4777 1853 4827 et
1873 4789 1929 4828 me·

236 4859 362 4924 abbane,
382 4859 431 4914 sed
451 4859 487 4916 ob
499 4859 619 4915 sunnam
632 4859 731 4925 vitam
751 4859 876 4932 Spiritus
893 4869 1070 4915 sanctaenon
1095 4858 1187 4920 ritum,
1206 4857 1315 4926 qualem
1324 4857 1529 4928 proportionem
1549 4873 1608 4912 esse
1623 4857 1696 4913 inter
1708 4864 1831 4914 noemam
1845 4858 1928 4915 fidem

235 4952 381 5018 regenerat
400 4951 428 5000 et
446 4944 600 5001 sanctificat
625 4946 654 5000 in
676 4945 808 5001 ecclesiae
833 4946 1004 5003 consortium
1022 4962 1070 5001 vo·
1096 4961 1146 5016 per
1163 4958 1249 5014 opera
1268 4958 1298 4996 se
1322 4949 1492 4998 exserentem
1513 4950 1542 4997 et
1560 4943 1646 4999 vitam
1664 4950 1804 4999 aeternam
1819 4944 1928 5000 disertis

235 5033 338 5093 cando.
367 5033 396 5087 in
420 5032 642 5089 communionem
670 5038 825 5087 sanctorum
848 5034 1014 5089 assumendo
1043 5037 1072 5086 ct
1095 5031 1187 5086 verbis
1204 5034 1290 5100 negat
1306 5031 1450 5099 apostolus
1472 5029 1552 5088 Rom⁴
1573 5036 1597 5099 8,
1617 5048 1641 5086 r.
1665 5035 1702 5087 18.
1727 5030 1776 5086 aed
1794 5030 1824 5085 in
1843 5031 1928 5104 signi·

235 5125 412 5190 peccatorum
428 5118 616 5174 remissionem
635 5117 664 5171 in
676 5117 759 5174 verbo
772 5118 909 5191 evangelii
926 5117 1070 5174 offerendo
1096 5115 1225 5173 ficatione
1244 5115 1347 5169 latiore
1363 5131 1413 5187 pro
1433 5119 1560 5171 mercede
1582 5118 1710 5186 oratioe,
1726 5123 1765 5179 ¹ut
1789 5117 1929 5190 significet

234 5220 291 5261 non
311 5209 424 5276 propter
443 5202 524 5270 hanc,
543 5203 593 5258 red
612 5210 725 5274 propter
741 5203 864 5259 futuram
882 5204 986 5272 vitnm;
1012 5211 1070 5258 tota
1097 5201 1245 5273 gratuitam
1265 5201 1517 5270 compensationem
1536 5202 1690 5272 profectam
1712 5218 1730 5257 a
1746 5203 1928 5274 promissione

235 5299 418 5345 aacroaancta
438 5288 566 5344 Trinitas
589 5305 624 5345 ex
643 5296 731 5347 morte
750 5307 801 5347 noe
820 5290 998 5346 resuscitabit
1015 5306 1071 5346 nou
1096 5287 1159 5358 Dei,
1176 5303 1248 5360 quae
1257 5298 1486 5345 mercesrocatur
1493 5285 1629 5364 χάρισμα,
1646 5290 1801 5359 ρτολολεοοτ
1815 5292 1928 5361 donam

233 5383 348 5447 propter
360 5375 442 5441 banc,
459 5376 508 5432 sed
521 5381 660 5431 aeternam
673 5376 765 5433 vitam.
782 5375 888 5448 Utique
899 5393 966 5448 ergo
976 5392 1072 5431 omnes
1097 5376 1175 5432 Rom.
1195 5384 1220 5444 6,
1240 5392 1265 5429 v.
1286 5379 1325 5430 33.
1357 5373 1448 5454 χάρις,
1469 5377 1564 5446 pratia
1588 5376 1654 5431 Luc.
1680 5383 1705 5446 6,
1730 5396 1754 5431 v.
1782 5382 1822 5433 ³2
1846 5376 1927 5434 ima·
