4050 6014
670 181 1242 270 'ormmuuuauoansncum
1734 224 1793 281 irs

92 367 208 430 partum
226 366 252 412 et
270 359 301 412 in
313 367 404 428 partu
422 360 544 416 suedan.
581 359 653 424 Quia
669 363 743 418 enim
762 364 828 435 diss]
841 364 931 418 narie
957 367 1061 435 miliae,
1080 384 1142 420 cum
1161 367 1286 435 dipnitas
1304 366 1365 429 filio
1383 383 1456 420 nouo
1474 366 1727 434 confortantibus
1745 369 1793 432 fa·

95 446 181 498 durus
214 450 256 498 est
279 451 388 515 tempus
414 449 629 516 παλιγγενεσίας
655 448 754 504 Matth.
777 455 816 518 19,
842 469 868 504 v.
889 455 930 506 28.
957 452 1136 506 malesuasa
1154 460 1238 522 atque
1255 451 1364 506 illustri
1381 452 1487 505 amictu
1506 453 1618 522 induit,·
1643 453 1685 506 sic
1705 453 1793 519 Deus,

95 547 151 602 quo
169 537 245 585 terra
266 547 367 602 magno
386 537 413 585 et
430 531 556 586 mirando
577 539 660 601 partu
678 551 795 605 corpora
814 536 929 592 resusci-
957 556 1018 591 acm
1034 555 1108 591 nouo
1132 540 1356 608 sempiternaque
1384 538 1510 606 ‹tipnitas
1533 539 1641 593 bomini
1660 538 1691 592 ia
1716 538 1794 592 coelo

94 623 216 672 tutorum
241 617 269 671 in
287 617 377 672 lucem
396 618 460 673 edet
478 633 511 672 aa
539 619 595 680 filii
608 624 823 675 resurrectionis
846 622 874 676 in
891 622 930 675 vi·
958 624 1105 691 tribuetur,
1123 631 1297 692 creaturam,
1321 640 1393 692 quae
1411 623 1459 676 ilii
1476 624 1606 692 inseruit,
1635 623 1793 677 illustriore

92 710 150 757 mm
170 702 322 773 prodibunt
350 702 417 758 Luc.
437 709 478 767 20,
496 721 521 757 v.
544 709 584 759 36.
615 705 678 760 ideo
703 713 860 762 creaturam
882 708 927 761 ad·
957 717 1028 761 ueste
1048 710 1200 763 decorabit.
1236 708 1291 764 Sed
1316 709 1385 763 haec
1408 707 1557 778 explicatio
1584 709 1793 763 renovationem

94 793 207 843 ventum
228 789 284 844 diei
302 789 444 843 novissimi
464 789 566 860 cupide
585 798 792 861 exspectantem
811 793 931 864 parturi·
958 793 1053 847 mundi
1068 793 1129 848 fore
1155 794 1371 864 praesupponit,
1397 795 1471 865 quod
1495 794 1586 850 adhuc
1612 795 1640 848 in
1667 794 1792 863 quaesito

93 875 151 929 enti
175 880 204 929 et
235 892 303 946 prae
329 875 424 930 dolore
453 876 644 946 ingemiscenti
671 877 792 934 feminac
816 878 931 933 confert.
956 884 1004 933 est
1034 885 1057 934 2.
1077 879 1196 943 Quidam
1216 885 1359 950 exponunt
1373 880 1573 948 encmplariter
1586 880 1616 933 in
1629 880 1793 946 libertatem,

90 1047 224 1116 mennt,
244 1047 284 1102 sic
302 1063 393 1114 mare,
412 1046 542 1117 flumina,
568 1054 691 1113 montes,
715 1050 826 1107 arbores
844 1052 928 1107 intro-
955 1051 1017 1104 ricc
1040 1051 1098 1106 sive
1123 1052 1266 1119 ploriasac
1294 1051 1418 1113 filiorum
1446 1053 1518 1117 Dei,
1554 1057 1585 1105 ut
1611 1050 1652 1104 sic
1677 1052 1792 1106 similem

90 1132 231 1188 ducuntur
249 1149 268 1189 a
284 1133 390 1205 Spiritu
408 1138 505 1189 sancto
524 1141 555 1186 ut
570 1135 749 1203 plaudentes,
775 1136 929 1205 jubdames
955 1135 1094 1206 quandam
1114 1135 1284 1205 libertatem,
1306 1135 1486 1191 stabilitatem
1515 1141 1543 1191 et
1560 1136 1793 1192 immortalitatem

48 1233 78 1272 so.
91 1225 116 1272 et
137 1219 307 1273 exsultantes
327 1226 378 1274 etc.
415 1219 478 1275 Non
498 1225 591 1274 autem
610 1220 773 1291 simpliciter
794 1228 821 1277 et
850 1222 928 1277 ahso-
941 1260 943 1273 .
956 1239 1018 1275 cum
1042 1220 1107 1275 filiis
1126 1221 1180 1276 Dei
1208 1222 1333 1293 reliquae
1360 1228 1506 1277 creaturae
1532 1222 1725 1292 intelligantur
1749 1239 1792 1277 aa·

91 1302 148 1358 late
166 1304 329 1373 pronuntiat
343 1307 494 1375 apostolus,
519 1309 596 1374 quod
614 1314 746 1360 creatora
765 1289 1094 1379 tnpmiscaciccpturae.
1131 1313 1155 1364 θ.
1182 1307 1348 1363 Ambrosius
1369 1307 1472 1378 accipit
1491 1309 1700 1376 temporaliter,
1727 1309 1794 1378 quia

92 1397 119 1443 et
135 1392 293 1459 parturiat,
318 1392 367 1447 sed
387 1393 463 1463 quod
478 1390 636 1458 συνστενάζει
657 1410 690 1448 ac
710 1396 866 1463 συνωδίνει,
893 1395 929 1448 si-
956 1398 995 1453 ελς
1013 1396 1176 1467 ἐλευθερίαν
1195 1393 1298 1462 accipit
1315 1410 1365 1464 pro
1385 1397 1415 1448 ίν
1436 1396 1589 1469 ἐλευθερίᾳ,
1610 1395 1640 1446 in
1653 1394 1792 1462 libertate,

92 1476 151 1530 mul
167 1477 331 1544 inpemiscat
348 1494 381 1532 ao
399 1479 483 1532 simul
504 1480 666 1548 parturiat,
690 1481 734 1535 vel
754 1481 828 1551 quod
855 1497 930 1534 crea·
957 1485 988 1532 ut
1006 1478 1045 1532 sic
1064 1479 1211 1534 denotetur
1235 1486 1358 1549 tempus,
1389 1496 1443 1550 quo
1468 1478 1613 1534 liberanda
1637 1479 1690 1533 crit
1716 1493 1790 1533 crea·

91 1568 172 1617 turae
188 1561 261 1618 inter
279 1579 346 1627 sese,
365 1563 409 1618 vel
430 1563 518 1636 (quod
537 1565 745 1620 convenientius
766 1572 816 1634 est,
834 1570 867 1619 ut
882 1581 929 1635 ap·
956 1570 1019 1618 tura
1037 1581 1054 1617 a
1073 1565 1205 1619 servitute
1224 1565 1422 1634 comptionis,
1443 1565 1572 1619 nimirum
1593 1564 1706 1636 quando
1728 1562 1792 1617 liliis

93 1654 173 1718 paret
191 1665 224 1703 ex
240 1666 265 1701 v.
287 1651 340 1716 23.)
366 1650 440 1720 quod
459 1670 516 1704 unc
534 1670 597 1706 cum
616 1652 726 1706 bomine
747 1652 931 1722 ingemiscant
958 1650 1009 1704 Dei
1027 1651 1144 1705 libertos
1164 1651 1285 1719 pieriae,
1303 1650 1330 1707 h.
1344 1667 1367 1705 e.
1388 1651 1512 1721 gloriosa
1525 1651 1654 1706 liberatio
1669 1650 1704 1705 ab
1719 1649 1792 1705 omni
1896 1717 1897 1720 Ἴ

93 1739 122 1787 et
137 1734 301 1804 parturiant,
320 1734 347 1791 h.
362 1754 385 1790 e.
405 1736 434 1789 in
455 1737 663 1793 similitudinem
682 1738 862 1809 parturientis
884 1739 931 1793 do·
958 1738 1075 1803 miseria,
1097 1736 1265 1806 infirmitate,
1286 1737 1482 1806 mutabilitate,
1503 1737 1655 1793 afflictione
1666 1738 1792 1809 adeoque

91 1820 178 1889 leant,
198 1821 277 1875 anxie
296 1827 490 1891 exspectantes
509 1829 625 1895 tempus,
653 1842 708 1895 quo
729 1824 780 1878 filii
799 1824 853 1877 Dei
874 1825 931 1879 sive
957 1823 993 1876 ab
1016 1823 1278 1894 omnibuscorporis
1291 1823 1415 1877 stanimi
1431 1823 1658 1894 malisobtinget.
1688 1830 1712 1878 t.
1725 1822 1793 1877 Pos-

92 1905 182 1977 gloria
203 1905 322 1961 filiorum
343 1908 394 1964 Dei
417 1914 460 1964 est
485 1909 641 1964 revelanda.
679 1909 819 1976 (Quamvis
840 1909 929 1964 diver·
957 1916 999 1962 set
1018 1909 1102 1963 etiam
1122 1910 1261 1980 particula
1280 1916 1320 1971 είς
1338 1910 1438 1980 exponi
1458 1911 1657 1978 coenbcatiter,
1674 1911 1790 1978 ἔκβαθι·
1809 1924 1852 1965 11.
1867 1924 1901 1966 et.

94 1992 162 2047 sitas
181 1993 319 2063 quaedam
337 1994 463 2048 lectionis
480 1995 526 2050 hic
545 2002 686 2063 occurrat,
716 1995 831 2066 quidam
856 1996 929 2050 enim
957 2000 1017 2060 κῶς,
1034 2000 1161 2050 creatura
1181 1995 1349 2049 liberabitur
1367 2014 1386 2049 a
1404 1998 1535 2050 caritate
1554 1995 1745 2065 corruptionis
1763 1995 1793 2048 in

93 2077 204 2133 codices
221 2078 287 2134 olim
301 2078 462 2135 habueruut
475 2081 654 2149 conpemiscit
671 2089 697 2134 et
708 2083 843 2150 parturit,
864 2099 930 2151 quo·
960 2081 1113 2136 libertatern
1131 2081 1242 2149 plariac
1264 2082 1395 2150 filiorum
1415 2082 1480 2148 Dei,
1499 2083 1525 2136 h.
1545 2098 1568 2138 e.
1587 2081 1699 2151 quando
1718 2095 1794 2136 orea-

93 2165 176 2220 modo
195 2163 263 2236 legit
283 2163 471 2234 Hieronymus
489 2166 519 2220 in
532 2182 629 2221 comm.
647 2183 707 2238 cap.
723 2173 765 2223 24.
779 2167 853 2236 Era,
871 2168 931 2237 qui·
957 2172 1020 2220 tura
1049 2167 1076 2220 in
1100 2168 1338 2222 consummatione
1371 2167 1456 2222 seculi
1479 2167 1515 2222 ab
1543 2166 1590 2222 illa
1617 2166 1740 2221 vanitate
1767 2171 1795 2220 et

93 2249 159 2305 dam
179 2251 357 2319 conpemiscit
376 2258 402 2304 ct
420 2252 560 2320 condolet,
577 2253 691 2323 quidam
709 2253 889 2323 conpemiscit
906 2262 931 2306 ct
957 2251 1091 2307 servitute
1111 2253 1295 2322 corruptionis
1314 2251 1487 2321 liberabitur,
1515 2259 1582 2307 tunc
1599 2252 1715 2305 libertas
1732 2251 1791 2321 pla·

93 2336 186 2404 dolet,
211 2337 385 2408 Augustinus
405 2339 430 2394 d.
450 2338 482 2404 1.,
509 2339 623 2410 quidam
642 2338 796 2408 inpcmucit
815 2347 846 2410 et,
860 2357 931 2410 par·
957 2338 1019 2391 riae
1039 2337 1097 2392 sive
1118 2339 1241 2409 gloriosa
1259 2339 1374 2393 libertae
1401 2337 1521 2393 liliorum
1541 2336 1595 2392 Dei
1622 2336 1650 2391 in
1679 2337 1791 2409 publico

92 2423 179 2491 turit,
204 2423 325 2495 Qrillus
346 2423 392 2479 lib.
413 2431 436 2480 b.
459 2425 556 2481 Thess.
575 2442 636 2495 cap.
657 2432 680 2479 7.
706 2424 866 2495 Hesychius
883 2424 932 2480 lib.
958 2423 1122 2495 angelorum
1141 2430 1170 2477 et
1186 2423 1330 2478 hominum
1348 2429 1500 2493 conspectu
1519 2422 1749 2478 manifestabitur.

94 2516 118 2564 5.
137 2509 167 2564 in
184 2509 274 2565 Levit
309 2508 473 2564 Ambrosius
500 2510 528 2564 in
551 2516 715 2580 comment.;
743 2513 792 2567 sed
816 2511 932 2566 dubium
994 2514 1035 2563 59.
1060 2509 1145 2563 Hisce
1164 2509 1250 2580 probe
1269 2509 1422 2565 observatis
1443 2508 1525 2564 facile
1543 2513 1668 2578 apparet,
1687 2525 1718 2564 ex
1738 2507 1792 2562 hoc

93 2594 213 2663 nullum,
239 2595 388 2666 genuinam
407 2613 467 2651 esse
485 2596 633 2652 lectionem
650 2614 725 2666 eam,
751 2615 824 2668 quae
848 2598 934 2653 habet
958 2595 1020 2650 loco
1040 2596 1195 2665 apostolico
1215 2597 1396 2653 mutationem
1413 2595 1566 2665 praesentis
1583 2594 1679 2649 muudi
1697 2595 1725 2648 in
1737 2601 1792 2649 sta·

93 2681 275 2751 conpcmiscit
292 2689 318 2735 ct
337 2683 543 2751 comparturit.)
566 2682 689 2738 Additus
702 2682 933 2760 προσδιορισμός,
958 2687 1017 2735 tum
1037 2682 1178 2736 meliorem
1199 2699 1255 2737 non
1274 2699 1356 2754 posse
1374 2681 1529 2751 apodictica
1546 2679 1742 2743 demonstrari,
1769 2684 1791 2734 1.

94 2762 160 2841 ἄχρι
179 2775 232 2824 νῦν
259 2767 443 2823 diversimode
469 2769 624 2838 exponitur.
660 2769 715 2834 Qui
742 2772 783 2823 ad
810 2770 933 2824 bamincs
959 2766 1058 2837 quodsi
1077 2768 1149 2822 enim
1171 2770 1207 2822 dc
1224 2776 1356 2821 meatrrra
1375 2768 1504 2835 anpelica
1521 2767 1565 2821 uel
1581 2767 1709 2828 bumana¹
1728 2764 1791 2820 suh-

92 2855 159 2924 pics
177 2853 314 2923 referunt,
333 2854 372 2908 sia
392 2860 547 2925 exponunt,
575 2855 652 2927 quod
671 2855 718 2911 illc
733 2856 811 2910 dolor
831 2871 865 2910 aa
883 2872 933 2925 ge·
955 2855 1061 2924 jectum
1085 2853 1254 2923 apostolicae
1282 2853 1497 2922 praedicationis
1525 2852 1695 2922 accipiatur,
1723 2851 1792 2905 nihil

95 2941 180 2995 mitus
199 2956 250 3010 per
262 2939 380 3011 gratiam
392 2939 601 3011 justificationis
620 2958 676 2996 non
694 2941 731 2994 sit
744 2941 865 3006 ablatus,
884 2942 932 2995 sed
959 2938 1090 3009 praesidii
1109 2939 1138 2993 in
1157 2938 1211 2994 hoc
1234 2944 1312 2994 textu
1337 2939 1492 3005 invenient,
1526 2936 1574 3008 qui
1607 2935 1791 2992 accidentium

95 3032 207 3082 maneat
225 3026 253 3080 in
273 3025 326 3097 piis
347 3043 435 3097 usque
461 3030 498 3084 ad
525 3033 654 3096 mortem;
679 3028 727 3098 qui
752 3027 788 3082 ad
815 3027 933 3098 spiritus
959 3024 1094 3080 duntaxat
1121 3024 1301 3081 abolitionem
1332 3024 1493 3080 defendunt.
1535 3023 1591 3081 Sed
1616 3024 1683 3092 quia
1707 3023 1791 3076 inter-

95 3114 294 3176 dcfunctorum
312 3112 444 3180 referunt,
463 3129 495 3166 eo
515 3129 597 3167 sensu
617 3113 765 3181 accipiunt,
787 3112 861 3183 quod
876 3110 931 3165 ani-
958 3111 1127 3181 pretationes
1147 3111 1221 3176 illae,
1237 3111 1302 3165 licet
1321 3111 1429 3180 magnis
1450 3111 1478 3164 in
1495 3109 1613 3166 ecclesia
1631 3108 1792 3165 doctoribus

95 3215 156 3254 mae
175 3215 263 3270 usque
283 3198 320 3252 ad
337 3198 409 3251 diem
428 3198 638 3253 resurrectionis
657 3214 802 3269 corporum
821 3214 931 3252 suorum
958 3197 1100 3268 probatae,
1126 3197 1214 3252 textui
1233 3197 1323 3251 minus
1342 3197 1511 3251 conveniunt
1527 3212 1561 3250 ac
1581 3194 1731 3267 simplicius
1750 3200 1793 3249 est

95 3284 297 3341 restitutionem
330 3290 358 3337 et
382 3283 488 3354 gloriae
516 3283 635 3338 filiorum
659 3283 714 3338 Dei
736 3284 930 3339 revelationem
955 3299 1008 3351 per
1025 3291 1186 3336 creaturam
1210 3282 1365 3353 intelligere
1382 3281 1539 3336 nniversam
1560 3289 1714 3336 creaturam
1732 3295 1791 3335 cor·

96 3376 265 3440 exspectent.
301 3369 357 3425 Sed
376 3369 444 3440 quid
468 3370 502 3424 de
521 3369 597 3424 hisce
615 3369 816 3441 hypothesibus
843 3376 930 3426 statu·
957 3384 1084 3438 paream,
1110 3368 1247 3422 visibilem
1267 3374 1295 3423 et
1312 3368 1507 3432 irrationalem,
1525 3367 1588 3423 ideo
1609 3367 1734 3421 addimus
1768 3372 1791 3420 λ.

96 3456 197 3512 endum
217 3456 261 3524 sit,
276 3458 336 3525 jam
354 3460 419 3512 ante
438 3455 565 3511 vidimus.
602 3455 645 3511 De
664 3472 805 3526 corporea,
828 3456 930 3510 visibili
956 3455 1114 3525 apostolum
1142 3471 1318 3527 nequaquam
1347 3454 1453 3522 dicere,
1475 3457 1552 3524 quad
1578 3455 1729 3508 liberanda
1754 3453 1792 3506 sit

96 3548 125 3596 et
148 3540 332 3595 irrationabili
358 3545 485 3596 creatura
510 3541 633 3607 apostolo
656 3557 746 3595 sermo
771 3547 825 3610 est,
848 3558 930 3612 quam
957 3548 1088 3594 creatura
1105 3561 1124 3595 a
1141 3543 1329 3610 corruptione,
1346 3557 1418 3612 quae
1430 3541 1538 3611 phrasis
1555 3539 1733 3597 substantiali
1751 3540 1790 3595 in-

97 3626 165 3682 dicit
181 3643 268 3697 usque
279 3643 352 3680 urnac
369 3632 538 3696 exspectare,
559 3632 590 3680 ut
603 3627 741 3692 ostendat,
760 3626 930 3682 desiderium
957 3626 1050 3681 teritui
1069 3626 1197 3696 opposita
1217 3626 1305 3682 videri
1325 3632 1442 3698 poterat,
1471 3630 1524 3681 sect
1542 3645 1561 3679 a
1579 3627 1710 3681 seruitute
1729 3643 1791 3681 cor·

96 3711 166 3767 illud
186 3728 319 3768 essenon
337 3713 426 3767 solum
444 3712 566 3781 anxium,
589 3713 637 3767 sed
656 3712 739 3767 etiam
758 3713 929 3780 continuum,
955 3713 1110 3781 ruptionis,
1135 3728 1207 3783 quae
1232 3712 1321 3768 eidem
1346 3712 1457 3767 minime
1484 3712 1655 3767 adversatur.
1690 3712 1791 3768 Renati

97 3798 171 3870 quod
193 3800 253 3870 jam
271 3798 336 3854 inde
353 3815 370 3853 a
387 3799 467 3869 lapsu
492 3798 726 3869 protoplastorum
749 3798 872 3868 coeperit
898 3815 930 3852 ac
957 3799 986 3853 in
1005 3800 1059 3852 hac
1077 3798 1160 3853 etiam
1172 3799 1230 3852 vita
1241 3797 1397 3853 liberantur
1414 3814 1433 3851 a
1444 3799 1573 3853 ramirus
1586 3798 1702 3866 pcccati
1711 3797 1790 3854 Rom.

96 3883 133 3940 ab
151 3899 184 3940 eo
203 3889 326 3956 tempore
344 3890 479 3954 perpetuo
497 3884 647 3954 duraverit,
666 3883 734 3956 quin
751 3890 779 3939 et
798 3883 834 3937 ad
847 3882 930 3937 finem
957 3891 980 3954 6,
995 3902 1020 3938 v.
1035 3892 1058 3939 7.
1078 3885 1187 3939 interim
1206 3900 1261 3938 non
1276 3884 1430 3940 liberantur
1450 3884 1574 3954 plenario
1591 3886 1628 3938 ab
1646 3886 1709 3953 ipsa
1723 3901 1791 3955 pec-

97 3986 185 4043 usque
202 3971 299 4025 mundi
319 3971 481 4025 duraturam
501 3971 545 4026 sit
956 3978 1033 4040 cato,
1060 3970 1256 4041 quippequod
1274 3966 1406 4025 incarne
1425 3969 1547 4039 ipsorum
1567 3969 1658 4025 adhuc
1682 3970 1791 4025 habitat

131 4064 173 4114 bt.
210 4059 256 4112 Dc
278 4059 361 4112 tertia
377 4058 543 4127 praedicati
561 4057 681 4111 membro
699 4059 800 4110 mactat
818 4060 930 4126 aposto·
956 4056 1036 4113 Rom.
1058 4064 1083 4121 λ,
1106 4074 1132 4112 v.
1152 4062 1192 4112 17.
1227 4058 1256 4110 Si
1283 4056 1456 4112 Christianus
1484 4056 1512 4110 in
1536 4054 1639 4111 Turcia
1664 4057 1790 4126 captivus

96 4143 139 4198 lus
159 4161 185 4199 v.
208 4149 255 4201 21:
276 4144 351 4207 Quia
371 4145 480 4212 etipsa
498 4151 632 4196 creatura
650 4141 817 4195 liberabitur
835 4159 854 4195 a
870 4160 930 4195 scr·
958 4143 1116 4198 detineatur
1139 4159 1173 4198 ao
1198 4142 1300 4197 misera
1323 4142 1457 4197 servitute
1480 4151 1621 4211 prematur
1645 4141 1731 4210 inque
1757 4158 1791 4195 ea

96 4230 182 4283 riute
206 4229 398 4299 corruptionis
425 4230 455 4282 in
484 4228 640 4282 libertatem
666 4227 776 4295 plorice
805 4228 931 4292 siliarum
957 4225 1070 4280 taudem
1088 4225 1230 4291 moriatur,
1257 4225 1280 4278 is
1300 4224 1433 4280 liberatur
1451 4241 1468 4278 a
1486 4223 1617 4278 servitute
1636 4222 1790 4291 corruptio·

97 4316 157 4370 Dei
162 4357 169 4386 ,
193 4314 220 4368 h.
238 4329 262 4369 e.
281 4315 362 4370 anxia
378 4314 428 4368 illa
445 4319 590 4368 creaturae
609 4314 778 4383 exspectatio
799 4330 855 4368 non
874 4312 931 4366 lm·
957 4313 1009 4377 nis,
1028 4312 1077 4367 sed
1095 4328 1151 4367 non
1171 4310 1287 4381 abipsa
1306 4310 1497 4380 comuptione,
1521 4309 1586 4379 quia
1612 4325 1715 4378 corpus
1729 4310 1790 4377 ejm

96 4401 231 4457 strabitur
248 4417 299 4456 suo
318 4407 433 4470 eventu,
459 4402 526 4472 quia
542 4406 669 4455 creatura
695 4417 712 4454 a
736 4399 848 4454 servitio
874 4397 931 4466 illo,
957 4398 986 4451 in
1004 4397 1145 4468 pulverem
1165 4396 1341 4452 convertitur.
1377 4396 1406 4452 Si
1425 4402 1567 4450 creaturae
1593 4393 1746 4449 liberantur
1771 4411 1791 4447 c

98 4502 153 4560 quo
177 4487 324 4557 impiorum
348 4486 482 4542 abusibus
507 4487 609 4541 servire
635 4485 759 4556 cogitur,
779 4484 931 4555 aliquando
958 4484 1089 4538 servitute
1107 4483 1306 4552 corruptionis,
1324 4481 1352 4537 h.
1372 4499 1395 4536 e.
1416 4498 1435 4535 a
1453 4480 1580 4546 servitio,
1610 4479 1684 4551 quod
1703 4480 1790 4537 homi·

97 4573 269 4630 liberabitur.
304 4573 386 4639 Quod
405 4574 517 4628 additur
542 4580 581 4636 είς
599 4576 761 4648 ἐλευθερίαν
785 4575 833 4638 τῆς
851 4568 932 4639 δόξης
957 4569 1040 4623 nibus
1058 4567 1149 4638 impiis
1167 4569 1195 4622 in
1215 4567 1267 4622 hac
1285 4569 1344 4621 vita
1366 4566 1476 4622 mortali
1500 4565 1660 4636 impendere
1685 4582 1791 4637 cogun-

97 4659 282 4717 diversimode
314 4659 469 4730 exponitur.
528 4666 548 4714 1.
582 4658 795 4729 chrysostomus
829 4655 932 4726 accipit
958 4661 1016 4721 tur,
1043 4654 1152 4708 interim
1170 4659 1263 4708 tamen
1280 4653 1357 4723 ipsae
1375 4668 1431 4727 non
1449 4655 1515 4705 sunt
1532 4667 1584 4706 uec
1601 4650 1673 4706 fiunt
1687 4650 1791 4707 liberae

97 4745 260 4814 moraliter,
279 4745 446 4816 particulam
464 4744 536 4799 enim
550 4749 589 4808 είς
603 4742 777 4815 exponitper
791 4738 849 4807 tsi,
862 4759 931 4811 prc-
957 4757 975 4795 a
997 4739 1183 4810 corruptione.
1219 4743 1244 4796 θ.
1272 4736 1416 4793 Liberatio
1442 4736 1490 4791 illa
1514 4742 1657 4794 creaturas
1683 4753 1740 4794 non
1759 4736 1790 4792 dt

95 4839 159 4901 pter
184 4829 229 4886 vel
256 4831 287 4883 in
310 4831 575 4885 commendationem
603 4827 739 4884 libertatis
769 4833 797 4884 et
826 4826 932 4899 gloriae
957 4842 1006 4897 per
1029 4826 1251 4893 renovationem,
1276 4823 1520 4894 restaurationem,
1544 4824 1790 4897 incorruptibilita-

97 4915 218 4971 liliorum
236 4915 299 4985 Dei,
316 4916 345 4969 id
365 4915 440 4986 quod
455 4915 578 4971 declarat
598 4915 719 4986 quadam
739 4912 930 4968 similitudine.
957 4914 992 4968 tis
1010 4911 1287 4969 communicationem
1305 4911 1391 4982 inque
1415 4910 1555 4966 meliorem
1575 4915 1677 4966 statum
1701 4916 1791 4966 muta·

101 5003 340 5066 chnadmcdum
357 5001 461 5068 nutrim
480 5016 552 5070 quae
576 5002 716 5070 infantem
740 5002 795 5056 alit
814 5002 930 5069 repium,
957 5000 1075 5066 tionem,
1101 4999 1150 5054 sed
1170 5015 1219 5069 per
1236 4998 1325 5068 ipsam
1350 4997 1554 5068 corruptionem
1578 5004 1663 5069 atque
1685 4995 1791 5051 annibi-

97 5088 149 5141 iilo
168 5088 337 5157 adreptum
354 5088 551 5157 principatum
571 5095 661 5141 macto
686 5094 712 5142 et
736 5087 801 5156 apsa
825 5103 932 5154 quoquae
957 5087 1100 5153 lationem,
1119 5085 1231 5155 quando
1249 5082 1355 5138 sufficet
1373 5081 1530 5137 hominibus
1550 5081 1644 5153 impiis
1662 5099 1719 5139 non
1732 5100 1790 5137 am-

100 5173 232 5227 bonorum
247 5175 392 5239 fructuum
407 5173 530 5244 percipit
536 5194 548 5238 ,·
559 5175 630 5243 pari
641 5175 759 5242 ratione,
776 5190 837 5226 curn
851 5173 932 5226 boma
958 5173 1030 5243 plius
1050 5178 1186 5242 cogentur
1206 5172 1315 5227 servire.
1350 5169 1412 5233 Quo
1433 5167 1505 5223 euim
1523 5182 1605 5223 sensu
1628 5171 1742 5225 cantas
1765 5176 1791 5224 et

99 5260 193 5329 cloria
211 5260 372 5325 donamur,
393 5261 464 5313 banc
481 5260 542 5329 ejus
559 5259 682 5327 pieriam
703 5266 810 5313 ceterae
824 5266 930 5312 creatu·
958 5260 1077 5313 seruitus
1103 5257 1293 5326 corruptionis
1318 5255 1386 5325 ipsis
1410 5253 1558 5320 tribuitur,
1585 5253 1683 5312 eodem
1708 5272 1791 5311 sensu

98 5361 157 5416 rae,
176 5361 248 5416 quae
263 5346 370 5400 bomini
380 5347 544 5414 sasierunt,
560 5344 781 5414 participabunt.
809 5343 932 5399 Thomas
958 5345 1088 5415 opposita
1105 5344 1237 5399 liberatio
1255 5360 1274 5396 a
1292 5342 1425 5395 seruitute
1445 5341 1633 5410 corruptionis
1656 5341 1724 5413 ipsis
1748 5358 1791 5397 as·

97 5431 128 5486 in
146 5431 281 5503 supplem.
302 5449 330 5502 q.
351 5438 393 5487 tl.
415 5437 465 5487 art.
488 5438 516 5486 t:
548 5429 787 5493 Qrscmadrnodum
800 5429 931 5499 paterfa-
959 5429 1109 5500 signanda,
1135 5437 1166 5484 ut
1185 5431 1306 5487 ostendit
1326 5427 1472 5501 oppositio.
1508 5427 1572 5483 Jam
1594 5443 1661 5483 vero
1678 5430 1790 5483 vanitas
