4050 6014
572 230 652 297 QUA
669 231 721 286 DE
741 229 837 286 VITA
853 230 907 287 «10.
928 228 1131 286 acaunum
1150 229 1390 288 DISSERITUR.
1774 231 1831 286 XV

127 386 246 452 mulum
281 398 376 470 atque
394 410 467 452 mox
488 389 533 451 ita
551 387 692 471 invaluit,
714 398 750 451 ut
771 387 854 452 intra
876 386 1017 472 quinque
1043 385 1166 450 dierum
1189 385 1343 471 spatium,
1361 385 1488 471 penitus
1511 385 1676 450 confectus
1699 385 1829 463 viribus,

125 491 177 554 die
202 492 252 556 17.
268 491 410 576 Augusti
432 490 569 553 animam
589 489 675 576 piam
697 502 728 553 et
746 488 865 552 Christi
888 489 1043 573 sanguine
1065 501 1290 574 perpurgatam
1313 487 1443 552 efflaret.
1489 487 1597 567 Quam
1619 488 1694 552 fidei
1715 486 1830 574 plenus

125 615 201 656 suas
220 592 367 656 caritates
382 592 510 657 divinae
525 591 753 656 commendarit
772 590 1005 677 providentiam
1035 603 1156 673 quanta
1183 611 1256 653 cum
1286 588 1383 652 animi
1409 588 1598 654 contritione
1627 604 1828 674 peccatorum

125 717 258 758 suorum
272 693 408 757 ediderit
426 693 676 768 contessionem
705 704 826 776 quanta
854 691 951 756 animi
972 692 1184 756 teneritudine
1207 691 1333 776 optimis
1362 690 1427 754 suis
1455 690 1603 775 collegis,
1631 693 1686 758 Jo.
1711 691 1829 755 Maiori

125 808 158 860 et
181 797 234 863 Jo.
257 795 443 870 Himmelio,
469 794 539 861 idco
561 795 602 858 ad
621 816 656 858 se
675 794 836 859 arcessitis
864 792 1068 877 valedixerit3
1088 816 1183 877 quam
1206 793 1358 875 sollicite,
1381 816 1453 856 raro
1475 793 1646 857 admodum
1671 792 1828 880 exemplo,

127 898 168 962 de
198 896 388 961 sufficiendo
410 896 443 960 in
467 919 559 960 suum
584 897 688 961 locum
711 894 860 981 theologo
883 896 998 961 idoneo
1022 895 1228 980 disposuerit,
1252 896 1283 958 id
1306 894 1436 978 quidem
1455 918 1548 960 omne
1571 895 1676 959 verbis
1699 897 1752 960 vix
1775 919 1830 961 ex·

125 999 220 1086 primi
243 1009 355 1085 potest

256 1137 303 1200 Ut
335 1135 464 1199 tandem
495 1136 534 1199 de
557 1134 667 1200 funere
689 1135 772 1201 beati
795 1134 853 1197 viri
875 1134 995 1218 aliquid
1018 1133 1267 1219 subiungamus,
1290 1142 1438 1197 notamus
1460 1133 1587 1219 paucis,
1609 1135 1728 1196 factum
1751 1130 1830 1195 illud

126 1260 196 1301 esse
212 1237 266 1300 die
288 1236 444 1321 vigesimo
467 1237 621 1322 Augusti,
644 1248 739 1320 atque
762 1236 908 1301 exanime
929 1258 1044 1321 corpus
1062 1236 1181 1321 templo
1204 1233 1238 1301 S.
1260 1233 1427 1298 Michaelis
1450 1234 1553 1299 Jenae
1574 1234 1674 1298 fuisse
1697 1233 1831 1298 illatum.

126 1337 296 1419 Quantum
325 1360 364 1401 ex
395 1338 484 1401 obitu
515 1339 593 1401 tanti
619 1338 760 1424 theologi
790 1337 931 1402 dolorem
955 1338 1074 1422 ceperit
1096 1350 1210 1402 cuncta
1230 1338 1393 1403 academia
1412 1336 1545 1422 Salana,
1578 1339 1630 1401 vix
1654 1360 1735 1422 opus
1760 1359 1829 1401 esse

125 1442 329 1524 arbitramur,
351 1452 387 1503 ut
408 1440 536 1525 copiose
559 1440 609 1504 hic
632 1441 849 1505 edisseramus.
875 1440 1086 1525 Programma
1106 1440 1287 1523 exsequiale
1307 1440 1415 1504 omnia
1436 1439 1667 1526 complectitur,
1689 1438 1765 1502 dum
1785 1439 1830 1502 ita

126 1543 259 1606 desinit:
290 1544 480 1617 Concurrde,
510 1546 681 1606 concurrite
704 1546 782 1607 cives
805 1543 991 1607 academici!
1011 1545 1204 1626 fundamina
1224 1545 1399 1609 academice
1417 1566 1564 1606 concussa
1584 1541 1675 1606 sunt!
1698 1541 1830 1605 Adeste!

124 1644 242 1730 lupetel
263 1645 396 1728 funebri
427 1642 586 1708 Gerhardi
606 1647 716 1730 capulo
738 1648 879 1709 humeros
902 1659 1017 1709 uestros
1038 1646 1218 1730 supponite!
1246 1648 1405 1730 ensequias
1435 1647 1630 1722 cateruatim,
1654 1645 1829 1707 catervatim

124 1747 295 1811 honorate!
310 1750 410 1830 junus
426 1749 555 1809 maioris
577 1749 708 1830 theoloqi
727 1749 812 1812 Jena
833 1769 894 1810 non
913 1749 997 1828 vidit,
1021 1774 1060 1812 arr
1083 1749 1211 1812 chara?
1232 1751 1337 1832 lupete,
1356 1750 1493 1833 planqite
1517 1771 1619 1811 omnes
1643 1746 1734 1810 boni!

256 1880 406 1948 Ceterum
429 1880 625 1963 Gerhardus,
648 1896 684 1946 ut
706 1882 843 1946 eundem
865 1904 906 1946 ex
929 1903 1004 1945 vero
1026 1882 1195 1967 descripsit
1218 1883 1337 1946 amicus
1358 1883 1498 1966 quidam,
1521 1895 1641 1946 statura
1663 1894 1729 1946 erat
1750 1904 1832 1945 corn·

124 1985 327 2057 mandabilis,·
356 1986 455 2048 vadus
483 1986 588 2048 habim
616 1987 735 2068 pratris,
764 1988 819 2049 sed
844 1985 1111 2065 tamen'liberalis,
1130 1987 1246 2070 eloquio
1276 1987 1443 2057 iucundus,·
1471 1987 1605 2068 pestibus
1633 1987 1830 2067 inaffectatae.

128 2088 231 2166 Quam
253 2088 408 2150 excellenti
428 2089 565 2170 inqem'o,
582 2088 697 2169 jestico
719 2089 809 2150 etiam
832 2090 911 2150 inter
926 2087 1056 2167 anticos,
1086 2110 1179 2171 quam
1198 2092 1265 2151 acri
1284 2089 1407 2170 iudicio,
1427 2111 1520 2172 quarn
1542 2089 1691 2171 stupenda
1713 2109 1827 2148 mino-

124 2191 176 2252 ria
197 2189 336 2265 valuerit,
359 2212 453 2274 quam
469 2202 664 2253 concatenato
684 2190 790 2253 labore
813 2203 901 2275 atque
923 2190 1080 2253 industria
1098 2189 1201 2252 omnic
1221 2191 1341 2271 nepotis
1363 2190 1556 2263 tractaverit,
1588 2212 1680 2272 quam
1702 2210 1831 2250 accura-

124 2312 175 2362 tus
197 2292 230 2353 in
239 2291 383 2353 maximis
402 2301 430 2353 et
448 2292 480 2354 in
498 2292 633 2354 minimis
641 2291 758 2374 ficari&
780 2294 817 2354 de
839 2314 873 2355 eo
894 2293 1015 2376 quidem
1036 2292 1163 2375 scripta,
1185 2313 1235 2354 res
1256 2301 1366 2374 pestere,
1388 2292 1465 2353 vitae
1488 2291 1551 2352 sius
1572 2291 1706 2353 rationes
1730 2311 1832 2352 omnes

125 2394 280 2455 uberrime
302 2402 458 2454 testantur.
507 2393 598 2471 Quod
618 2394 755 2455 habiturn
777 2395 858 2457 illius
881 2395 1030 2457 moralem
1053 2394 1172 2467 attinet,
1196 2394 1272 2478 pius
1287 2395 1354 2476 fnit
1376 2394 1569 2478 supremique
1592 2393 1726 2456 numinis
1747 2414 1832 2455 rece-

125 2517 215 2566 rens,·
241 2494 403 2576 beneficus,
432 2495 584 2576 liberalis,
614 2496 804 2577 misericors,
826 2497 993 2579 humanus,
1009 2507 1198 2570 mansuetus,
1218 2496 1357 2571 socialis,
1387 2517 1528 2568 concors,
1550 2505 1677 2577 pratus,
1700 2495 1830 2568 sobrius,

127 2590 305 2678 αὐτάρκης,
323 2599 457 2679 patiens,
478 2608 629 2660 constans.
673 2596 767 2660 Nulli
779 2598 850 2679 jere
869 2598 1076 2682 theoloqorum
1098 2598 1220 2680 obtigit,
1244 2599 1326 2682 qnod
1346 2598 1424 2680 ipsi,
1446 2608 1479 2658 ut
1500 2597 1539 2658 cb
1563 2597 1831 2659 obtrectationibus

126 2699 203 2762 adeo
224 2707 401 2761 sumerset
422 2709 511 2782 atque
532 2710 564 2761 ut
586 2723 606 2762 a
628 2700 870 2763 dissentientibus
892 2701 968 2784 ipsis
992 2701 1085 2762 tantis
1105 2700 1247 2763 laudibus
1268 2701 1432 2782 efferretur.
1477 2697 1687 2762 Orthodoaiac
1708 2701 1752 2762 ita
1765 2701 1832 2781 jau

125 2800 299 2876 nudosm,
328 2810 362 2862 ut
389 2821 442 2863 nec
469 2800 670 2865 vehementius
698 2802 731 2864 ia
754 2803 948 2864 aduersarios
969 2803 1176 2876 inueheretur,
1206 2813 1233 2863 et
1254 2822 1342 2881 cero,
1365 2803 1393 2863 si
1414 2801 1460 2864 cel
1478 2801 1636 2863 verbulum
1654 2802 1830 2884 scripserat,

125 2902 262 2985 quadiu
285 2901 443 2965 unistram
463 2903 548 2965 trahi
575 2904 808 2987 explicationem
829 2905 1000 2981 inaudiret,
1028 2906 1143 2967 lubenti
1162 2917 1250 2989 atque
1273 2906 1378 2968 sedato
1401 2906 1504 2967 animo
1527 2904 1675 2966 omitteret
1704 2925 1830 2988 cumque

127 3000 197 3066 aliis
219 3003 388 3087 phrasibus
410 3014 618 3068 commutaret.

257 3138 429 3202 Possemus
451 3138 511 3204 hoc
531 3138 602 3203 loco
624 3139 755 3224 copiose
771 3162 935 3205 recensere
952 3140 1040 3206 varia
1053 3140 1167 3226 elogia,
1187 3163 1269 3224 quac
1290 3139 1350 3203 viri
1368 3139 1545 3205 doctissimi
1569 3140 1637 3204 iure
1653 3139 1829 3223 meritoque

128 3240 310 3304 tribuerunt
340 3238 508 3306 Gerhardc
538 3254 665 3324 nostro,
703 3242 730 3305 si
760 3242 965 3328 praefationis
1002 3242 1117 3309 limites
1152 3242 1185 3306 id
1223 3253 1416 3328 paterentur.
1466 3241 1624 3306 Dabimus
1654 3256 1760 3305 tamen
1790 3265 1829 3305 ex

128 3339 234 3405 multis
267 3364 367 3405 unum
398 3343 553 3406 duntaxat
589 3343 797 3428 alterumque.
841 3343 995 3410 Salomon
1015 3343 1180 3430 Glassius,
1211 3345 1328 3429 dignus
1361 3343 1529 3409 Gerhardo
1560 3366 1733 3428 successor,
1757 3366 1829 3408 eum

126 3443 302 3508 nominavit
327 3447 504 3530 principem
526 3447 751 3529 theolcqorum,
776 3449 876 3511 lumen
906 3460 933 3510 et
955 3449 1162 3511 universitatis
1183 3448 1346 3524 lenensis,
1379 3459 1406 3510 et
1437 3449 1528 3511 totius
1551 3447 1711 3511 christiani
1733 3448 1827 3522 orbis,

34 3628 36 3632 Ι
126 3547 300 3611 columnam
311 3550 430 3631 sortem
447 3551 631 3634 firmamque
645 3551 678 3611 in
698 3552 788 3612 domo
809 3550 948 3631 Domini,
971 3551 1055 3612 sidus
1077 3550 1155 3612 illud
1174 3551 1206 3612 in
1225 3571 1319 3631 reqno
1334 3549 1487 3612 coelorum
1502 3549 1688 3633 praelustre,
1709 3549 1830 3611 heroem

125 3648 214 3710 illum
235 3648 267 3711 in
290 3650 476 3713 debellandis
497 3652 745 3736 devincendisquc
767 3663 809 3714 tot
830 3651 1052 3716 haereticorum
1064 3652 1270 3736 phalcnqibus
1285 3653 1553 3735 animosissimum,
1574 3653 1732 3737 exemplar
1753 3651 1831 3714 illud

124 3750 247 3812 euidens
278 3751 467 3837 eminensque
490 3753 618 3837 pietalis
641 3756 739 3816 omnis
760 3762 791 3816 et
810 3756 876 3817 veri
899 3755 996 3817 diuini
1015 3756 1121 3837 cultus,
1154 3755 1309 3839 speculum
1330 3754 1407 3816 illud
1424 3777 1542 3838 purum
1561 3766 1732 3838 tersumque
1755 3776 1827 3838 qua·

124 3874 312 3936 rumcunque
334 3854 480 3916 virtutum
506 3856 588 3917 ciros
614 3855 680 3917 Ilei
706 3855 888 3927 decentium·
918 3879 1025 3918 carum
1052 3857 1130 3920 illud
1158 3855 1228 3918 Deo
1253 3856 1452 3940 praepotenti
1467 3864 1589 3939 pectus,
1613 3855 1736 3918 delicias
1758 3855 1827 3919 illas

124 3955 273 4015 nuntium
306 3955 385 4018 Jesu
421 3957 616 4019 addictarum
626 3956 658 4039 *)
698 3968 757 4020 etc.
821 3955 949 4021 Glassio
991 3957 1194 4041 adiungimus
1234 3955 1401 4020 Matthiam
1443 3957 1518 4019 Hos·
1551 3954 1592 4019 ab
1636 3955 1827 4042 Hohenegg,

125 4053 235 4138 magni
260 4055 378 4140 pariter
399 4057 537 4120 nominis
561 4056 756 4143 theologum,
778 4058 832 4142 qui
854 4057 1054 4123 Gerhardum
1079 4059 1111 4122 in
1133 4059 1199 4123 suis
1222 4058 1262 4122 ad
1283 4058 1387 4142 ipsum
1404 4056 1546 4144 epistolis
1570 4080 1634 4121 non
1656 4057 1748 4121 aliter
1770 4079 1827 4142 ap·

124 4154 247 4241 pellere
267 4155 379 4220 solitus
402 4169 457 4236 est,
491 4180 587 4241 quam
618 4161 890 4244 arabitheclcqurn
921 4163 1150 4225 meritissimum
1181 4172 1208 4224 et
1236 4163 1467 4245 diqnissirnnm:
1502 4161 1709 4243 theoloqcrum
1742 4172 1827 4223 ante-

123 4259 308 4341 siqnanum:
333 4261 433 4324 lumen
461 4273 488 4324 et
518 4263 653 4325 columen
683 4263 867 4326 christianae
892 4264 1093 4348 reipubl-icae:
1120 4265 1328 4346 theoloporum
1350 4274 1585 4326 antecessorem:
1619 4264 1826 4344 theoloqorum

116 4360 355 4444 phosphorum.-
380 4364 500 4427 oculum
522 4364 738 4447 theoloporum.
784 4363 872 4444 Quin
905 4384 936 4428 et
966 4363 1056 4429 multi
1078 4363 1131 4428 alii
1154 4365 1414 4450 gravissimorum
1436 4365 1469 4427 in
1491 4362 1626 4428 ecclesia
1649 4375 1757 4426 nostra
1779 4362 1826 4426 vi-

123 4482 235 4524 rorum
259 4484 400 4527 asserere
423 4486 489 4528 non
505 4464 708 4547 dubitarunt,
731 4477 794 4530 tres
814 4465 952 4551 palmam
975 4467 1121 4531 omnibus
1144 4466 1302 4552 theologis
1325 4465 1545 4553 praeripuisse,
1568 4464 1687 4530 scilicet
1702 4464 1826 4528 Luthe-

123 4584 215 4645 rum,
253 4561 469 4628 Chemnitium
500 4578 596 4649 atque
630 4566 842 4631 Gerhardum.
894 4567 944 4632 Ex
977 4569 1055 4653 ipsis
1090 4569 1242 4635 ecclesiae
1278 4590 1428 4632 romanae
1461 4566 1646 4631 doctoribus
1680 4568 1849 4637 Jacobus=

120 4664 293 4749 Benignus
319 4667 508 4745 Bossuetus,
545 4669 715 4755 episcopus
750 4671 912 4753 quondam
940 4671 1132 4753 Meldensis,
1169 4671 1306 4735 eundem
1328 4692 1367 4733 ex
1397 4691 1451 4734 ore
1478 4669 1739 4735 Lutheranorum
1768 4694 1826 4756 sp·

120 4765 256 4852 pellavit
288 4770 313 4832 le
339 4772 492 4834 troniime
523 4773 642 4836 hemme
669 4775 705 4835 de
727 4774 758 4836 lc
777 4773 925 4856 liciorme
952 4775 1043 4858 apres
1068 4774 1188 4838 Luther
1208 4787 1237 4837 et
1259 4772 1492 4856 Chemnice**),
1523 4782 1553 4837 et
1579 4772 1703 4836 Ludos.
1728 4771 1826 4834 Ellies

119 4868 168 4933 du
196 4868 276 4951 Pin,
314 4868 541 4936 celeberrimus
571 4874 630 4937 iste
667 4874 780 4939 doctor
808 4874 1045 4952 Sorbonnicus,
1076 4874 1180 4938 eidem
1219 4885 1292 4960 post
1322 4875 1561 4940 Melanthonem
1593 4874 1675 4937 iuter
1703 4873 1825 4936 Luthe-

119 4991 220 5035 ranos
250 4971 368 5057 primas
408 4974 597 5051 detulit***).
650 4977 698 5041 Ut
727 4975 791 5040 alia
828 4977 969 5042 virorum
1000 4977 1344 5062 praestantissimorum
1380 4977 1412 5039 in
1444 4974 1648 5040 Gerhardum
1680 4985 1825 5036 nostrum

227 5245 253 5303 *l
272 5216 344 5300 vid(
355 5246 510 5315 Glassium,
527 5249 556 5302 in
574 5249 781 5302 Annicerscric
799 5250 822 5305 b.
847 5247 996 5303 Gerhardi
1013 5248 1155 5310 memoria,
1173 5266 1203 5316 p.
1223 5249 1259 5300 69
1277 5263 1353 5316 seqq.

228 5331 269 5396 ”l
289 5329 352 5385 Vid.
374 5333 433 5386 eius
452 5334 579 5386 Histoire
598 5336 648 5386 des
666 5336 824 5387 variationi
842 5338 891 5389 des
904 5337 1004 5401 cylices
1019 5341 1217 5403 protestantes,
1238 5341 1301 5387 tom.
1321 5333 1364 5387 ΙΙ.
1380 5351 1410 5402 p.
1427 5337 1488 5386 455.

229 5416 294 5480 W)
316 5416 394 5471 Daus
412 5417 439 5472 la
456 5416 649 5489 bibliotheque
669 5423 720 5472 cles
738 5428 853 5474 auteurs
873 5422 1026 5475 ecclesiast.
1048 5423 1088 5473 du
1107 5422 1147 5471 17.
1164 5419 1256 5487 siecle,
1274 5426 1338 5474 tom.
1355 5421 1398 5476 II.
