4050 6014
185 303 250 363 ess
849 289 1081 350 reserares
1099 289 1246 348 sexsus
1862 332 1875 363 ,

186 448 363 520 Augustinus
385 444 434 503 lib.
457 446 492 501 da
511 445 613 519 spiritu
630 452 659 502 et
678 445 718 501 lit
737 462 798 516 cap.
818 451 866 502 lt:
891 447 1040 513 Setantion
1057 445 1150 513 ipsum
1167 443 1257 497 mauri
1272 451 1337 496 sunt
1356 443 1470 495 mundis
1486 442 1620 496 cordibus
1631 443 1736 501 Deum.
1754 441 1802 498 lib.
1820 444 1844 496 3.
1858 439 1893 495 de

186 551 262 606 quae
289 533 485 598 evacuabitur,
517 540 559 586 est
591 532 647 587 illa
678 532 865 602 paruulorum
898 534 1026 594 sdesuia,
1052 533 1111 585 vita
1132 528 1279 599 contempl.
1297 544 1359 598 cap.
1378 531 1425 583 30:
1445 527 1492 581 lbi
1509 528 1564 583 erit
1578 527 1892 598 scientiaeaepruden·

188 621 218 673 in
234 636 291 689 qua
310 619 355 674 hie
374 619 493 687 uisitur,
517 634 589 688 quas
612 634 647 671 es
661 623 747 686 parte
764 633 819 687 per
834 618 979 687 speculum
996 618 1027 671 in
1053 615 1111 668 tiae
1125 614 1268 684 perfectio
1290 630 1370 681 uera,
1397 630 1493 668 rerum
1520 614 1643 667 amnium
1672 613 1797 683 capnias
1824 621 1891 676 tota,

188 705 346 772 asnipmate
374 703 495 770 uidetur,
519 710 638 772 prepter
664 702 736 756 hanc
763 701 836 755 enim
865 701 1169 789 necessariajauando
1192 699 1312 753 scientia
1340 699 1382 752 ad
1406 699 1568 766 perfectum
1589 698 1680 763 fuerit
1703 699 1803 767 partis
1832 715 1892 754 cra·

189 798 229 844 eet
251 788 419 860 prophetia,
446 805 507 840 cum
534 788 629 841 adhuc
653 787 819 856 praeteritis
841 788 944 852 futura
967 786 1182 871 suc-jatatione
1207 786 1350 839 traducta.
1391 782 1544 856 Gregorius
1569 784 1600 840 in
1627 783 1722 842 Cant:
1751 786 1810 840 Hie
1839 803 1893 841 nor

186 877 305 940 cedunt,
325 881 443 944 prepter
459 874 532 927 hanc
548 874 676 945 linpuae,
700 875 751 928 hoc
767 883 809 927 est
831 873 1028 942 multiplicitas
1054 878 1104 938 est,
1124 871 1165 924 tbi·
1184 870 1246 924 dies
1263 869 1335 937 erit,-
1351 869 1397 923 hic
1414 871 1443 922 in
1461 870 1568 924 οἰείοηο
1584 872 1715 925 aarum
1726 870 1893 940 calipamus,

187 961 442 1031 sipnificatianum,
466 976 529 1012 cum
554 977 587 1012 cs
612 958 780 1028 alicuique
806 959 866 1012 alio
884 960 968 1013 atiud
986 966 1028 1012 at·
1053 955 1094 1008 ibi
1117 957 1198 1011 Deus
1225 956 1286 1026 ipse
1316 962 1375 1008 tota
1404 956 1509 1013 oetas
1538 956 1674 1010 mechus
1700 956 1836 1010 illucebit.
1864 956 1893 1011 in

188 1065 240 1119 quse
258 1046 342 1100 aliud
356 1047 537 1110 admonetur,
555 1045 605 1117 qui
622 1047 748 1099 nondum
770 1053 915 1099 adunam
937 1046 1028 1099 lucem
1053 1056 1154 1098 comm.
1171 1039 1234 1096 boin
1252 1038 1299 1094 lib.
1318 1045 1359 1097 28.
1380 1040 1416 1095 ad
1435 1040 1485 1095 ills
1504 1041 1590 1096 rerba
1608 1040 1672 1099 Non
1689 1041 1894 1113 adaequabitur

186 1132 356 1202 perspicuae
364 1131 493 1185 ueritatis
503 1139 590 1183 mente
598 1131 804 1199 perpatissima
816 1131 1027 1201 conumplatnr.
1053 1125 1078 1179 ei
1104 1141 1204 1180 aurum
1232 1132 1282 1181 aut
1311 1125 1425 1181 viuum:
1458 1127 1527 1186 oum
1550 1128 1771 1198 untmmjosqss
1798 1128 1893 1183 miser

189 1217 260 1272 Cum
288 1226 381 1271 autem
399 1218 513 1284 uenerit,
542 1219 620 1287 quod
631 1218 792 1287 perfeetum
812 1225 860 1287 est,
885 1227 913 1272 et
940 1224 1027 1271 tatum
1053 1213 1223 1281 attenditur,
1251 1212 1337 1268 simul
1363 1221 1389 1266 ct
1413 1213 1585 1269 conscientia
1608 1221 1783 1284 penetratur.
1819 1214 1893 1268 Aus-

187 1305 247 1373 hoc,
264 1305 342 1372 quod
355 1309 482 1371 superte
501 1309 550 1368 est,
570 1303 662 1367 fuerit
678 1310 852 1372 eracemum,
868 1311 934 1357 tunc
950 1306 1028 1373 quod
1052 1294 1161 1352 helmue
1187 1296 1234 1353 lib.
1254 1297 1289 1352 de
1309 1298 1412 1352 similit.
1431 1315 1491 1369 cap.
1510 1305 1556 1356 bt:
1592 1300 1744 1370 Sapientia
1763 1307 1845 1355 tanta
1863 1303 1893 1356 is

188 1397 314 1443 assumta
339 1404 425 1441 earne
443 1388 528 1440 carni
550 1388 702 1456 apparuit,
730 1391 853 1443 ostendet
879 1406 908 1442 se
937 1392 1027 1458 ipsum
1053 1383 1315 1445 stimaviwmt't
1328 1387 1389 1447 Μ»
1408 1391 1553 1451 ulmam,
1575 1386 1892 1455 numerusnumerous,

189 1473 375 1530 dilectoribus
391 1472 466 1541 suis,
485 1480 551 1525 tune
570 1473 843 1541 manducatorem,
873 1480 903 1526 ut
928 1491 1026 1543 sepno-
1054 1469 1127 1522 nihil
1137 1469 1183 1534 sit,
1203 1471 1281 1539 meod
1289 1470 1425 1536 ipnorent.
1459 1470 1561 1525 Bonus
1578 1471 1651 1525 enim
1664 1472 1807 1541 perfecta,
1822 1489 1892 1542 meae

188 1577 300 1615 scamus
320 1575 404 1612 unum
422 1573 517 1611 uerum
537 1559 644 1626 Deum,
663 1565 728 1611 tunc
745 1559 853 1611 similes
866 1559 894 1612 ei
913 1560 1026 1624 erimsss,
1054 1555 1135 1608 Deus
1161 1562 1216 1620 ost,
1249 1556 1394 1624 sapientia
1420 1557 1575 1625 replebitur
1601 1572 1717 1626 eamque
1743 1559 1826 1624 faeie
1854 1561 1894 1612 ad

189 1647 322 1715 quoniam
348 1651 414 1698 tunc
431 1659 643 1712 copnescemus,
667 1644 741 1698 sicut
758 1651 784 1697 et
801 1646 908 1715 οορηοόιΙ
924 1663 1026 1711 sumus,
1053 1640 1159 1703 faciem
1175 1641 1337 1710 intuebitur,
1357 1659 1442 1711 quam
1461 1644 1530 1696 dum
1546 1643 1588 1697 ita
1602 1645 1790 1714 perspexerit,
1814 1662 1893 1700 erea-

188 1740 254 1785 tunc
266 1749 321 1784 nan
334 1730 443 1783 docebit
452 1731 642 1798 unusquisque
652 1730 738 1784 ciuem
750 1747 832 1784 suum
843 1739 893 1784 aut
904 1731 1027 1793 fratrem
1054 1733 1135 1778 iurat
1157 1727 1242 1780 totius
1262 1734 1393 1780 naturam
1412 1727 1532 1794 videbit,
1561 1745 1633 1798 quae
1659 1729 1690 1782 in
1710 1731 1775 1784 Deo
1793 1731 1893 1785 mdius

187 1834 270 1871 suum
281 1817 385 1881 dicens,
398 1831 533 1884 capnasce
547 1815 712 1878 Dominum,
730 1833 824 1871 omnes
839 1817 912 1870 enim
927 1836 1027 1888 ecana·
1053 1827 1138 1879 attam
1157 1812 1188 1864 t't
1207 1827 1236 1864 tt
1258 1812 1324 1881 ipsa
1342 1813 1476 1867 contulit·
1512 1814 1539 1866 Τ
1538 1830 1592 1868 stt
1616 1815 1690 1868 stim
1704 1815 1782 1884 justi
1799 1818 1893 1870 emnia

188 1910 264 1957 scent
281 1919 343 1955 eum
361 1919 379 1952 a
405 1901 512 1954 minore
530 1916 617 1969 usque
641 1902 683 1953 ad
699 1901 836 1968 maiorem
855 1919 959 1958 eorum.
979 1903 1027 1959 lib.
1053 1897 1149 1965 witti,
1167 1900 1329 1965 42⁰⁶th
1346 1899 1417 1963 fttt‘i
1435 1899 1561 1964 scienda,
1580 1907 1639 1955 iam
1656 1917 1698 1969 θαι
1716 1918 1790 1970 ΨΜ
1807 1919 1893 1971 ΡΜ·

188 1993 230 2043 22.
252 1986 287 2040 de
301 1985 353 2040 civ.
373 1986 427 2041 Dei
446 2001 509 2056 cap.
527 1990 574 2040 30:
590 1987 637 2039 Ea
653 1987 778 2053 petentia
793 1987 934 2053 scientiae,
955 2006 1028 2057 quae
1053 1982 1152 2047 terite,
1179 2000 1264 2053 quam
1287 2000 1358 2053 quae
1378 1987 1559 2061 postmodum
1579 1993 1645 2041 sunt
1661 1988 1774 2055 sidera.
1811 1988 1859 2042 [bi
1874 2007 1893 2042 a

188 2090 292 2143 maana
309 2073 340 2125 in
357 2073 445 2124 beatis
464 2071 525 2133 erit,
545 2087 602 2124 non
618 2072 710 2124 solum
727 2088 780 2125 sua
790 2076 960 2141 praeterita,
976 2077 1029 2129 sed
1053 2068 1175 2138 maedis
1197 2086 1303 2135 omncs,
1333 2071 1369 2124 ab
1397 2072 1525 2126 amnibus
1551 2072 1659 2143 sinpuls'
1682 2082 1892 2144 capnoscenter,

188 2161 273 2213 etiam
301 2159 502 2211 (hmnatarum
520 2172 567 2210 sos
590 2158 760 2226 sempiterna
778 2160 893 2213 macria
910 2178 967 2214 ηοη
984 2160 1027 2215 la·
1052 2170 1103 2206 πω
1115 2172 1280 2224 4¹⁴⁰me
1291 2158 1404 2210 ombitw
1417 2158 1524 2224 labellis
1541 2159 1719 2231 Wpait'lsss
1733 2177 1792 2229 Μ
1806 2171 1892 2230 emti

188 2246 262 2300 tebit.
288 2244 322 2299 de
351 2243 428 2311 tripl.
449 2241 568 2296 habitae.
594 2257 656 2313 cap.
677 2249 704 2298 t:
734 2243 783 2296 Ibi
806 2247 950 2315 quidquid
975 2265 1027 2301 nos
1054 2257 1111 2308 qua
1126 2241 1214 2310 stirps
1235 2242 1297 2311 quis
1316 2243 1408 2296 editus
1425 2243 1517 2307 suerit
1534 2244 1578 2298 vel
1596 2246 1769 2315 arisidium
1789 2249 1819 2301 in
1836 2249 1893 2301 cita

190 2348 264 2384 nunc
276 2330 353 2395 latet,
371 2328 551 2389 rmnifestum
564 2329 628 2391 erit,
647 2328 688 2380 ibi
698 2331 776 2382 ratio
793 2332 946 2395 manifesta
965 2334 1027 2400 ers't,
1053 2343 1106 2379 sua
1121 2327 1238 2395 fecerit.
1283 2326 1463 2384 Bernhardus
1491 2346 1571 2385 serm.
1598 2330 1633 2384 de
1659 2330 1762 2401 triplic.
1792 2349 1893 2403 genere

191 2434 242 2470 cur
260 2415 306 2468 hic
323 2413 427 2467 electus
448 2419 489 2466 est
512 2419 538 2465 et
561 2413 613 2467 iste
637 2415 822 2483 reprobatas,-
850 2433 901 2469 cur
930 2419 975 2470 hic
997 2420 1026 2472 in
1054 2411 1162 2466 bonon:
1183 2412 1218 2466 Sl
1233 2413 1307 2466 nibil
1322 2415 1404 2468 nobes
1417 2416 1516 2481 deerit
1537 2415 1651 2484 aliquid
1660 2425 1755 2471 autem
1765 2419 1893 2487 latuerit,

72 2528 115 2572 n,
130 2522 177 2565 409,
190 2517 306 2568 repnum
325 2505 463 2552 assumtus
481 2505 507 2551 et
519 2497 569 2550 ille
587 2498 617 2551 in
635 2499 795 2553 seruantem
808 2503 957 2573 redactus,·
977 2521 1028 2557 cur
1053 2500 1193 2567 numquid
1209 2501 1262 2554 erit
1280 2501 1375 2568 pieria
1393 2505 1605 2555 conmmmatat
1623 2502 1695 2556 Ideo
1709 2503 1784 2558 „aiil
1795 2505 1893 2562 latebis

190 2587 266 2640 alius
281 2587 313 2639 in
332 2592 410 2640 mero
430 2585 566 2653 moritur,
592 2584 667 2638 alius
695 2586 725 2639 in
745 2587 881 2654 infantia,
903 2590 978 2643 alites
997 2592 1027 2644 in
1053 2601 1113 2652 ποθ,
1130 2592 1157 2637 tt
1175 2603 1237 2640 ecce
1255 2587 1407 2657 sapientia,
1425 2605 1480 2657 qua
1502 2589 1652 2643 curiositas
1669 2588 1794 2644 hominis
1810 2593 1892 2647 satie·

184 2674 340 2742 jusentute‚
369 2670 445 2724 alius
465 2671 495 2724 in
517 2679 674 2739 senectute,
695 2690 746 2725 cur
770 2673 846 2726 alius
861 2692 975 2744 perper
1002 2683 1028 2728 ct
1054 2677 1109 2723 tur.
1150 2671 1174 2724 0
1197 2673 1355 2740 sapientia,
1377 2690 1434 2742 aua
1451 2682 1516 2728 tunc
1534 2675 1644 2743 omnia,
1659 2692 1745 2745 *quae
1763 2676 1795 2729 in
1815 2678 1892 2732 coeio

190 2759 267 2812 alius
286 2756 382 2820 dioes,·
404 2773 455 2809 cur
472 2757 550 2819 tilius
573 2757 724 2811 adulterae
742 2759 903 2828 baptisatur
923 2768 949 2814 et
971 2762 1026 2815 ali·
1054 2763 1080 2809 ti
1100 2773 1172 2826 quat
1190 2758 1221 2810 ὑὶ
1238 2766 1317 2812 ‘trra
1335 2768 1409 2826 tubis
1422 2761 1632 2829 perfetit'fflmss
1644 2777 1852 2830 0⁰tn⁰⁸00m¹⁴ts
1863 2766 1892 2817 ²³⁸

190 2845 305 2916 quando
334 2842 411 2906 filius
440 2841 583 2908 legitimae
609 2844 739 2912 conjuais
766 2852 831 2899 ante
859 2847 1027 2916 baptismum
1052 2843 1115 2911 ipso
1140 2844 1221 2906 s0ntt
1246 2846 1406 2914 Sapientiae
1428 2864 1524 2899 rtrum
1557 2848 1680 2901 omnivm
1706 2849 1892 2917 cosnitt'mm

189 2930 326 2996 neonus,-
344 2926 459 2996 curqui
470 2927 759 2996 beneincipituieere,
777 2930 934 2999 aliquando
952 2934 1026 2987 male
1054 2929 1182 2983 bibentes.
1218 2932 1285 2984 Noa
1302 2939 1423 2985 metuam
1438 2933 1621 3002 suspiciones,
1639 2951 1696 2988 nen
1707 2935 1810 2988 timebo
1829 2953 1891 2991 eon-

190 3016 262 3081 ftnit.
296 3014 379 3070 Haec
399 3014 494 3067 carnia
512 3021 539 3066 et
554 3012 719 3081 hujucemodi
736 3017 825 3070 multa
843 3018 873 3070 in
895 3019 969 3073 libro
988 3021 1027 3073 vi·
1053 3015 1135 3082 tilia,
1162 3017 1230 3084 quia
1254 3017 1353 3071 civitas
1372 3019 1427 3073 illa
1444 3021 1531 3088 juata
1556 3020 1717 3074 Johannem
1734 3023 1892 3089 purissime

190 3111 243 3167 tae,
263 3102 316 3155 hoc
334 3107 375 3152 est
390 3107 521 3153 aeternae
537 3101 666 3153 ueritatis
679 3109 840 3155 dmmmae
858 3106 1026 3174 sapientiae,
1053 3100 1126 3154 vitro
1144 3101 1247 3158 similis
1266 3104 1335 3172 erit,
1359 3112 1390 3156 ut
1417 3104 1490 3158 sicut
1515 3120 1569 3173 ptr
1593 3107 1698 3159 vitrum
1717 3106 1892 3163 lucidissime

187 3188 281 3260 plana
301 3194 327 3240 et
346 3193 448 3253 aperta
467 3185 592 3238 omnibus
610 3193 697 3242 aunt,
734 3188 782 3240 Ibi
799 3205 893 3243 omnes
911 3190 1026 3245 lethem
1053 3188 1201 3252 cernimus,
1218 3188 1260 3240 sic
1277 3187 1402 3242 aliorum
1420 3190 1607 3243 conscientias
1620 3191 1779 3246 clarissime
1797 3193 1893 3248 daeo

190 3291 258 3328 suas
283 3271 467 3340 capitationes
490 3279 655 3340 caprieseent
679 3280 731 3330 etc.
773 3290 835 3343 cap.
855 3281 885 3330 6:
910 3278 947 3330 In
968 3279 1029 3332 Dei
1054 3290 1122 3328 mut·
1159 3272 1288 3342 Baptista
1311 3273 1482 3330 Mantuflnut
1501 3275 1564 3331 libr·
1586 3281 1610 3331 b·
1638 3276 1673 3332 dc
1692 3277 1809 3347 patiant
1822 3295 1892 3350 „cap

189 3362 297 3415 suisne
316 3358 394 3412 trina
419 3357 537 3410 scientia
561 3358 700 3423 nascitur,
725 3360 777 3413 hoc
802 3370 844 3415 est
865 3363 960 3432 homo,
978 3365 1029 3432 qui
1054 3363 1100 3413 27:
1128 3358 1264 3412 Videbunt
1283 3361 1358 3415 beati
1379 3362 1472 3415 coelos
1491 3379 1525 3415 ac
1544 3379 1651 3416 omnem
1666 3365 1810 3418 coelorum
1827 3365 1892 3419 har·

190 3447 288 3509 cernit,
306 3453 332 3499 et
352 3447 441 3512 Deus,
461 3444 653 3512 auicernitur,
673 3454 698 3498 ct
718 3449 806 3500 ceteri
821 3466 915 3503 omnes
932 3452 1027 3505 amnia
1052 3444 1175 3497 assulam
1200 3429 1366 3514 percipieni.
1411 3446 1491 3501 Sicut
1515 3465 1587 3502 nunc
1613 3466 1646 3502 es
1665 3457 1741 3503 motu
1764 3451 1892 3521 corporis

190 3533 321 3589 videbunt
346 3539 371 3584 et
396 3529 562 3596 intellipcnt.
608 3531 688 3585 Sicut
712 3534 785 3587 enim
805 3551 860 3604 per
882 3537 1026 3604 speculum
1053 3529 1176 3583 animem
1189 3530 1280 3586 inesse
1286 3533 1461 3601 percipimus
1475 3541 1501 3587 ct
1514 3541 1642 3602 repetere
1655 3552 1798 3604 acreacre
1810 3548 1959 3592 mem-m

190 3621 307 3674 vitreum
332 3617 410 3671 trina
433 3616 513 3668 nobis
537 3616 610 3670 ossio
631 3619 863 3688 administratur,
890 3622 958 3689 quia
975 3640 1026 3675 nos
1054 3615 1105 3667 bra
1125 3633 1280 3686 θοφθνθαῑ
1305 3617 1347 3671 tic
1373 3626 1436 3672 tutet
1462 3620 1541 3674 coelo
1560 3627 1587 3673 et
1605 3621 1747 3675 tumentis
1765 3629 1794 3675 et
1809 3623 1891 3677 rebus

191 3707 268 3773 ipsae
287 3711 314 3756 et
327 3703 419 3772 ipsum
434 3701 577 3771 speculum
590 3710 616 3754 ct
628 3704 769 3771 quidquid
780 3722 919 3773 praesens
936 3710 1026 3775 adest,
1054 3701 1179 3754 omnibvs!
1192 3704 1285 3756 Deum
1310 3720 1369 3757 ettt
1387 3704 1513 3757 intimum
1534 3714 1560 3760 tt
1578 3707 1608 3759 its
1625 3707 1752 3774 qualibet
1768 3710 1894 3764 nasses·

191 3792 333 3854 uidemus,·
364 3788 406 3841 sic
433 3805 490 3856 per
516 3788 660 3857 spccrslum
688 3789 802 3843 diuinae
829 3791 973 3846 claritatis
1002 3802 1028 3847 et
1048 3794 1136 3855 parit
1156 3795 1243 3841 totum
1260 3804 1440 3861 conservare,
1460 3792 1538 3859 alere
1561 3809 1596 3847 ac
1614 3793 1775 3861 aseberrsare
1793 3796 1894 3849 mundi

193 3877 286 3945 ipsum
306 3875 397 3927 Deum
414 3881 444 3926 ut
463 3879 518 3940 eet,
545 3874 714 3939 videbimus,
741 3883 875 3944 errantum
890 3879 1028 3948 possibile
1054 3874 1126 3928 hanc
1144 3875 1313 3944 machinam,
1331 3893 1388 3928 non
1407 3877 1491 3931 dubio
1512 3895 1655 3932 cernemus
1673 3880 1784 3933 intuitu.
1809 3882 1891 3936 Nunc

192 3965 468 4027 estereaturae,‚et
487 3960 633 4027 nosipsos
651 3968 678 4011 et
696 3972 799 4015 estmoe
820 3979 887 4015 vera
906 3971 931 4015 et
949 3973 1028 4017 certa
1054 3959 1088 4012 id
1104 3960 1266 4014 ratisratis
1282 3965 1452 4030 persuadet,
1472 3972 1499 4017 et
1520 3964 1676 4030 credimus,
1702 3973 1796 4020 mmen
1815 3984 1892 4037 prae

192 4046 310 4101 scientia
330 4042 602 4109 comprehendemus.
628 4046 707 4098 Tunc
720 4047 819 4099 abdita
832 4056 1027 4102 creaturarum
1054 4045 1168 4099 inscitia
1179 4054 1278 4100 nostra
1290 4048 1418 4103 naturali
1431 4067 1485 4102 non
1495 4052 1700 4118 perpendimus
1705 4060 1793 4119 ,·tunc
1802 4063 1894 4108 autem

191 4142 217 4187 et
244 4131 334 4201 ipsius
356 4128 467 4196 inferni
493 4129 616 4182 videnda
645 4132 737 4183 Deum
764 4131 934 4199 videbimus,-
963 4142 1028 4188 tunc
1055 4131 1152 4185 oculos
1169 4133 1385 4203 circumquaque
1406 4143 1541 4189 uertentes
1560 4137 1593 4190 id
1608 4139 1826 4207 perpendemus,

185 4220 274 4288 justis
291 4214 475 4277 manifestum
487 4214 551 4280 erit,
566 4218 705 4282 mornado
718 4218 798 4270 Deus
811 4226 851 4270 est
869 4218 1028 4289 inadibilis,
1091 4223 1132 4274 75.
1168 4223 1193 4274 2.
1220 4218 1263 4272 Ex
1277 4220 1330 4273 Dei
1353 4221 1457 4276 visione
1476 4219 1606 4277 beatifica
1623 4228 1652 4278 et
1673 4223 1835 4293 cognitione
1851 4226 1894 4282 in·
1904 4240 1922 4281 a
1934 4236 1959 4279 vc

191 4301 432 4372 incomparabilis,
452 4300 513 4352 sine
533 4299 613 4354 initio
633 4308 658 4353 et
676 4301 735 4354 sine
757 4304 811 4366 fine
831 4310 896 4356 ante
917 4305 1029 4367 emnia,·
1053 4302 1154 4357 tuitiva
1170 4303 1291 4373 profluet
1308 4306 1460 4360 uoluntatis
1473 4309 1609 4376 perfecta
1621 4309 1734 4363 sanitae
1746 4316 1774 4362 et
1789 4313 1892 4366 sancti·
1904 4290 1958 4382 iffi

191 4392 262 4461 qnid
280 4391 394 4444 interest
412 4387 486 4440 inter
500 4387 594 4453 nasci,
616 4388 693 4457 quod
709 4388 750 4440 ad
768 4388 877 4441 Filium
895 4391 1028 4459 pertinet,
1054 4397 1107 4454 tas,
1125 4390 1303 4445 erectissima
1327 4389 1446 4465 ὀρθότης
1464 4401 1491 4448 et
1507 4395 1696 4463 conformitas
1716 4412 1779 4451 aum
1794 4415 1893 4452 norrna
1904 4399 1959 4434 “ss

191 4486 217 4532 et
232 4476 396 4548 procedere,
417 4475 495 4542 quod
512 4474 553 4525 ad
564 4473 705 4542 Spiritum
724 4483 869 4544 sanctum,·
888 4478 1026 4543 quamodo
1055 4477 1168 4531 diuinae
1183 4477 1255 4546 lepis
1267 4495 1301 4531 ac
1309 4479 1451 4546 justitiae,
1461 4480 1595 4546 perfecta
1608 4481 1674 4535 bene
1688 4483 1798 4549 aaends'
1811 4483 1892 4537 liber·

189 4566 279 4618 Pater
297 4580 353 4616 non
369 4561 527 4630 praecessit
547 4562 654 4615 Filium
672 4570 810 4633 tempore,
834 4563 887 4617 sed
909 4564 1028 4631 eripias,
1053 4570 1098 4615 tas
1113 4563 1149 4616 ab
1170 4563 1247 4617 amni
1261 4564 1376 4632 peccati
1386 4565 1516 4619 servitude
1532 4575 1559 4619 ct
1576 4567 1758 4636 corruptione
1770 4584 1891 4637 proretis

187 4668 240 4704 nee
260 4649 399 4720 Spiritum
417 4657 559 4717 sanctum,·
584 4651 723 4716 quemodo
745 4649 840 4703 omnia
859 4649 918 4702 Dei
942 4667 1027 4703 unum
1052 4647 1154 4711 libera,
1173 4647 1298 4719 adeoque
1317 4647 1440 4717 ejusdem
1456 4649 1484 4703 in
1503 4647 1576 4705 bono
1594 4650 1729 4708 stabilitio
1746 4669 1780 4707 sc
1795 4651 1891 4708 confir-

188 4741 253 4786 eunt
275 4748 307 4783 es
327 4733 406 4796 Deo,
432 4738 545 4798 eccepto
563 4733 640 4797 quod
659 4735 700 4785 ad
723 4733 890 4787 relationem
903 4736 1027 4802 pertinet
1053 4734 1147 4791 matio.
1186 4736 1211 4801 l)
1237 4733 1309 4798 Quis
1333 4734 1405 4789 enim
1430 4736 1504 4790 beati
1522 4735 1614 4791 Deum
1632 4755 1771 4792 summum
1790 4738 1893 4793 bonum

190 4825 242 4873 etc.
264 4818 403 4888 montedo
421 4818 544 4870 mundus
562 4824 624 4869 erat
643 4817 672 4869 in
691 4819 764 4880 Deo,
783 4826 935 4890 antequam
951 4820 981 4873 in
998 4839 1028 4875 se
1054 4820 1179 4872 intristiue
1200 4837 1234 4873 ae
1253 4820 1379 4888 perfecte
1397 4828 1579 4891 cognoment,
1602 4823 1665 4878 ideo
1683 4824 1768 4878 etiam
1786 4840 1892 4879 summo

188 4906 251 4974 ipse
276 4911 346 4958 esset
364 4920 421 4956 non
439 4904 560 4956 mundus
580 4903 634 4956 sed
651 4904 746 4967 Deus,
770 4907 910 4971 quomodo
927 4907 1027 4976 ubique
1053 4904 1095 4959 illi
1113 4902 1186 4960 bono
1203 4903 1326 4974 perfecte
1343 4906 1439 4976 agnito
1452 4924 1502 4977 per
1521 4913 1648 4962 sanctum
1665 4910 1818 4964 voluntatis
1837 4925 1893 4964 mc·

188 4997 263 5043 totus
281 4990 341 5042 sine
362 4989 437 5053 loco,
457 5005 574 5054 mapnus
590 4989 652 5041 sine
669 4990 841 5056 quantitate,
862 4992 947 5049 bonus
966 4993 1027 5046 sine
1053 4997 1113 5044 tum
1136 4990 1359 5059 inseparabiliter
1378 4992 1582 5060 adhaerebunt,
1606 5010 1640 5048 sc
1667 4995 1785 5065 proinde
1804 5004 1836 5052 ut
1859 5011 1894 5051 ex

188 5075 327 5144 qualitate
346 5083 373 5127 ct
392 5077 531 5143 monsedo
551 5074 646 5128 omnia
659 5083 792 5144 penetrat
811 5078 918 5129 munda
938 5086 963 5131 et
978 5079 1027 5131 im·
1052 5081 1146 5130 mente
1172 5075 1261 5130 omnis
1292 5077 1383 5148 caligo
1407 5078 1592 5149 ignorantiae,
1622 5080 1662 5134 ita
1689 5098 1723 5137 ex
1748 5083 1894 5139 voluntate

189 5164 294 5216 munda
316 5161 378 5213 eine
397 5162 444 5213 sui
457 5160 626 5228 pollutione.
668 5159 789 5232 Prosper
811 5161 858 5218 lib.
882 5167 903 5217 t.
922 5162 956 5216 de
977 5164 1026 5218 vit.
1053 5161 1142 5216 omnis
1168 5162 1205 5216 ad
1232 5163 1335 5216 malum
1356 5164 1517 5235 proclivitas
1538 5165 1591 5220 erit
1614 5166 1738 5238 expulsu
1779 5167 1814 5223 In
1831 5168 1892 5223 Deo

189 5249 336 5318 contempl.
350 5263 414 5316 cap.
436 5253 463 5305 t:
485 5245 534 5299 Ibi
555 5246 597 5298 ita
617 5245 754 5312 patebunt
778 5248 953 5318 sinarslorum
970 5250 1027 5303 sin·
1039 5284 1041 5302 .
1053 5254 1151 5319 utpote
1168 5246 1277 5303 infinito
1299 5246 1373 5304 bono
1390 5250 1483 5306 omnia
1500 5249 1575 5306 bona
1594 5250 1810 5308 eminentissime
1828 5270 1894 5310 con·

189 5334 263 5401 pulis
278 5341 389 5402 mentes,
405 5333 477 5386 sicut
494 5331 692 5400 corporalibus
710 5333 799 5387 oeulis
813 5335 960 5401 ersbjecent
971 5339 1028 5405 fa·
1052 5333 1184 5402 tinentur,
1204 5334 1329 5406 adeoque
1348 5341 1408 5391 tota
1424 5336 1542 5391 latitudo
1559 5336 1663 5408 objecti
1676 5339 1838 5407 voluntatis,
1857 5337 1894 5394 ad

189 5422 245 5474 cies
269 5421 443 5489 corporales.
490 5422 551 5474 Nec
575 5419 674 5472 latebit
694 5420 760 5490 jam
779 5421 907 5487 perfecte
933 5421 1027 5475 beatos
1053 5420 1128 5491 quod
1145 5421 1310 5480 naturaliter
1327 5421 1423 5487 femur,
1439 5423 1586 5494 reperitur,
1604 5431 1636 5478 ut
1653 5423 1723 5480 nihil
1739 5425 1839 5480 melius
1857 5424 1894 5481 ab

190 5506 303 5576 aliquid
315 5515 494 5573 secretorum,
516 5505 575 5574 qui,
591 5507 669 5572 quod
681 5513 720 5558 est
732 5505 814 5572 lanae
823 5507 1027 5574 praestantius,
1053 5505 1164 5560 homine
1181 5506 1298 5577 cogitari
1318 5509 1362 5562 vel
1379 5506 1475 5579 appeti
1495 5509 1591 5579 possit.
1627 5509 1740 5581 Exque
1759 5513 1895 5583 sequitur,
