4012 6022
647 115 700 170 DE
718 115 1046 175 consurrectione
1063 118 1208 176 secum.
1584 75 1587 81 ¹
1713 137 1771 194 tte

75 263 187 330 iactatis
202 263 300 336 asael3
317 265 357 320 ita
370 282 482 338 quoque
499 267 527 322 in
539 268 635 324 mundi
647 272 834 328 destructione
847 289 910 329 eau-
934 273 1015 344 phem
1035 291 1137 340 eornm,
1155 274 1206 343 qni
1223 275 1309 346 impie
1326 278 1421 332 aeteri
1436 287 1529 345 erant,
1548 296 1674 350 ponem
1703 299 1730 336 v.
1748 287 1773 338 t.

75 348 139 403 dem
161 349 284 405 divinem
303 369 381 407 mam
399 354 552 423 potentiam
577 363 607 412 et
624 359 798 429 majestatem
822 365 913 415 osteu-
938 365 965 410 et
985 358 1092 426 iratam
1108 361 1181 414 Lstt
1197 378 1361 431 oppressam
1380 380 1399 417 a
1417 365 1609 432 nefandorum
1625 365 1789 438 transvisse·

77 434 133 489 det.
172 436 213 493 Ut
240 437 313 492 enim
335 441 507 495 naturaliter
533 460 566 497 ex
592 444 679 501 nihilo
705 438 774 501 nihil
801 445 846 511 fit,
872 446 912 500 ita
937 447 1147 502 conversatione
1171 449 1293 516 eripuit5
1324 467 1350 503 v.
1370 455 1394 506 8.
1424 452 1568 506 habitabat
1591 453 1664 507 enim
1691 456 1774 523 apud

75 538 189 593 quoque
206 527 378 580 naturaliter
399 527 506 582 nullum
525 546 576 584 ens
593 531 621 586 in
636 532 752 588 nihilum
775 531 843 602 abit,
861 532 910 587 sed
937 548 998 600 eos,
1022 535 1079 602 'qni
1094 536 1219 588 anirnam
1241 536 1351 603 jartam
1377 538 1483 608 iniquia
1507 540 1638 616 operibns
1664 541 1772 595 crucia·

75 610 172 664 divina
196 628 230 665 ac
257 615 475 683 supernaturalis
500 617 586 673 virtus
614 624 646 673 ut
669 619 762 690 potuit
785 637 819 674 ex
843 636 909 674 uon·
937 618 1011 672 bant.
1046 638 1072 673 v.
1092 627 1116 676 9.
1136 622 1223 675 Novit
1245 623 1384 676 Dominus
1400 625 1469 694 pies
1489 627 1525 679 de
1545 627 1697 680 tentatione
1714 628 1772 680 eri-

73 702 139 750 ente
156 713 206 752 eus
224 701 385 770 producere,
403 701 443 756 ita
462 719 511 757 ens
528 704 557 757 in
576 721 694 760 nou-ens
712 706 812 760 iterum
829 712 910 776 pote-
932 721 1010 772 pere,
1038 706 1149 776 iniquos
1164 725 1230 762 cero
1249 709 1278 760 in
1297 710 1372 762 diem
1385 711 1495 778 judicii
1512 728 1661 766 reservare
1680 712 1768 766 assm-

73 781 111 838 rit
129 784 265 856 redigere.
301 791 325 841 3.
342 788 402 841 Dei
412 789 526 857 institia
542 809 577 845 ac
595 793 657 846 eae
676 793 790 847 divinae
806 793 908 846 seceri-
936 794 1034 846 andos.
1070 792 1099 849 Si
1119 794 1181 864 quis
1200 795 1228 850 in
1249 813 1313 850 arce
1341 797 1462 868 quadam
1487 798 1613 867 captivus
1636 799 1771 855 detinere·

74 878 126 925 tas.
155 871 189 925 lu
207 873 303 928 ultinm
319 874 369 930 illo
386 876 472 931 totius
490 876 564 931 orbis
578 879 705 934 incendio
720 879 910 934 manifestabit
935 883 988 943 tur,
1006 878 1045 932 illi
1066 878 1193 936 liberatio
1210 881 1390 952 contingeret,
1410 883 1433 936 si
1451 900 1501 937 arx
1521 883 1571 938 ills
1590 885 1633 940 vel
1653 885 1771 939 fulmine

74 957 151 1013 Deus
169 961 239 1016 iram
254 979 332 1017 suam
352 963 485 1019 adversus
511 965 651 1020 bominum
677 972 806 1037 peccata,
834 965 908 1036 quod
935 968 1011 1018 tacta
1031 965 1077 1019 vel
1095 966 1229 1037 subjectis
1249 967 1366 1022 flammis
1384 986 1502 1025 accensa
1525 970 1590 1042 igne
1616 971 1770 1043 conflagra-

73 1045 111 1099 sit
134 1047 210 1116 ipnis
234 1067 395 1105 conasmens
424 1051 537 1107 Deuter.
559 1059 583 1123 t,
600 1070 626 1105 v.
645 1058 687 1108 24.
713 1052 908 1121 Hebr.1·2,v.
936 1056 990 1116 ret3
1022 1051 1061 1107 sie
1084 1070 1215 1123 praesens
1242 1053 1287 1108 hic
1317 1056 1436 1109 mundus
1465 1061 1507 1111 est
1531 1057 1640 1128 piorum
1667 1075 1771 1127 carcer,

74 1138 114 1188 19.
143 1135 381 1197 Quemadmodum
400 1137 517 1192 enimin
537 1139 726 1194 devastatione
747 1139 841 1193 mundi
860 1155 909 1209 per
936 1137 1047 1206 quando
1066 1139 1151 1210 igitur
1169 1139 1246 1195 Dens
1266 1141 1326 1211 ipse
1352 1142 1465 1197 coelesti
1491 1143 1555 1214 igne
1580 1143 1654 1199 huuc
1676 1161 1770 1199 carce·

74 1220 223 1290 dilucium,
242 1223 271 1276 in
291 1224 398 1279 excidio
417 1225 598 1281 Sodomorum
617 1244 668 1298 per
681 1228 772 1295 ipnem
791 1225 908 1280 coelitus
935 1240 991 1277 rem
1009 1226 1152 1290 accendet,
1168 1234 1235 1281 tunc
1251 1227 1290 1297 pii
1309 1244 1342 1282 ex
1363 1245 1395 1284 eo
1414 1230 1441 1282 in
1460 1230 1586 1285 coelestis
1608 1231 1715 1301 patriae
1728 1249 1769 1286 re-

74 1306 220 1376 deplutum
237 1325 272 1363 ac
287 1310 316 1364 in
332 1310 393 1365 aliis
413 1311 628 1382 particularibus
647 1318 738 1368 terrae
757 1312 907 1367 devastati-
935 1309 1008 1379 giam
1028 1312 1145 1367 eluctari
1164 1318 1193 1366 et
1211 1313 1375 1383 postliminii
1400 1316 1480 1386 quasi
1503 1317 1567 1386 jure
1592 1317 1700 1372 restitui
1720 1335 1769 1388 po·

71 1392 171 1448 ouibus
189 1412 239 1465 per
265 1398 422 1467 eluviones,
453 1407 547 1454 terrae
571 1407 677 1466 motus,
707 1400 838 1454 incendia
856 1406 907 1454 etc.
935 1400 1038 1450 terunt.

71 1480 141 1535 iram
160 1499 240 1537 suam
257 1484 390 1539 adversus
408 1493 524 1555 peccata
535 1486 688 1542 incolarum
701 1487 909 1552 demonstrarit,
969 1489 1010 1538 66.
1046 1483 1195 1550 Quaeritur
1212 1484 1265 1539 hoc
1282 1484 1357 1555 loco,
1384 1488 1431 1557 an}
1447 1491 1568 1543 mandas
1590 1490 1771 1560 constaprati-
1785 1507 1913 1559 assertum.

71 1569 138 1639 quia
156 1587 208 1641 per
225 1571 365 1627 hominum
385 1574 520 1630 malitiam
545 1585 621 1628 rma
640 1576 747 1629 ἀερίων
766 1574 910 1646 cmmps'
935 1587 986 1622 one
1000 1572 1150 1638 peritiores
1167 1572 1289 1641 sciisset,
1315 1572 1343 1625 si
1364 1589 1415 1627 nec
1437 1574 1528 1643 primi
1547 1583 1699 1643 parentes,
1721 1595 1771 1632 nec
1784 1570 1813 1600 ⁸¹¹
1828 1562 1925 1600 '‘¹⁰³⁶''

1783 1613 1909 1662 conflagra-

71 1656 143 1712 Gen.
162 1664 188 1728 6,
205 1677 231 1716 v,
255 1665 294 1715 12.
321 1662 510 1714 conamina&
534 1677 569 1716 es
592 1662 688 1732 pollui
713 1661 801 1718 Lavit,
825 1667 864 1730 18,
881 1678 908 1717 v.
930 1657 1152 1724 paeteritorum
1171 1666 1344 1726 peccassent,
1369 1662 1421 1714 sed
1441 1661 1471 1713 in
1489 1671 1639 1716 corrcreata
1655 1664 1769 1730 intrari·
1782 1662 1911 1755 amigr-

71 1750 111 1799 27,
129 1746 201 1814 poni
219 1747 250 1799 in
268 1747 440 1815 ,nuspiam
465 1747 568 1803 psalm,
589 1755 648 1813 107,
665 1767 692 1802 v,
710 1754 751 1805 34,
778 1749 817 1802 ita
841 1764 907 1819 quo.
933 1749 991 1794 tate
1011 1739 1144 1811 ἀκινήτως
1163 1745 1374 1813 perstitissent?
1408 1745 1541 1802 Rationes
1570 1765 1621 1818 pro
1650 1754 1768 1820 utraque
1783 1766 1844 1814 urst,
1857 1769 1877 1808 ιι

69 1847 125 1902 que
141 1831 170 1886 in
187 1831 276 1888 finali'
290 1832 340 1888 illa
363 1835 449 1889 totius
472 1834 594 1890 universi
618 1833 835 1906 conflagratione
858 1833 908 1888 fla·
933 1828 1102 1899 quaestionis
1124 1837 1205 1900 parts
1226 1830 1386 1902 probabiles
1411 1832 1504 1886 afferri
1527 1840 1652 1904 possunt
1687 1835 1768 1889 Arbi-
1782 1820 1908 1911 ,mhi

70 1923 198 1988 grentam
226 1933 304 1972 suam
332 1919 401 1975 iram
428 1921 561 1976 adversus
586 1927 736 1977 extremam
766 1921 907 1976 hominum
933 1921 990 1968 tior
1005 1920 1106 1985 autem,
1123 1916 1349 1988 distinguendum
1368 1935 1429 1974 esse
1447 1921 1519 1973 inter
1538 1938 1597 1974 rem
1615 1929 1642 1975 et
1656 1922 1768 1975 reims·
1782 1932 1898 2015 {pam

70 2003 242 2075 impietatem
271 2006 468 2067 manifestabit.
511 2007 614 2063 Psalm.
641 2014 681 2074 11,
707 2026 734 2065 v.
762 2012 793 2062 6:
822 2008 907 2061 Pluet
934 2004 1008 2071 dam,
1028 2002 1080 2057 hoc
1098 2009 1141 2057 est
1160 2003 1232 2060 inter
1249 2004 1338 2075 ipsam
1357 2006 1444 2060 seculi
1463 2010 1729 2063 consummationem
1742 2014 1769 2063 et
1801 2062 1804 2066 Α

70 2090 212 2145 Dominae
231 2110 318 2162 anper
330 2101 498 2163 peccatores
516 2095 608 2163 ipnem
625 2102 651 2148 et
668 2095 774 2155 ssslfnr.
802 2093 904 2147 Psalm.
933 2088 1027 2142 mundi
1054 2090 1305 2159 conflagrationem
1331 2091 1390 2146 eive
1415 2092 1580 2164 perignem
1605 2093 1768 2148 destructio·

70 2183 111 2245 50,
131 2193 157 2230 v.
179 2182 209 2232 3:
248 2179 345 2233 Veniet
365 2182 444 2234 Dens
461 2187 557 2234 noster
582 2189 608 2233 et
627 2198 683 2233 non
701 2180 806 2249 mabit,
831 2180 906 2247 ipsis
933 2192 1003 2232 uem.
1038 2175 1245 2232 consummatio
1272 2177 1358 2233 seculi
1385 2179 1495 2234 videtur
1523 2181 1606 2235 etiam
1634 2181 1663 2235 in
1692 2187 1767 2236 statu

69 2281 165 2318 ceram
184 2281 217 2319 eo
231 2266 348 2322 cerami.
377 2272 401 2322 2.
421 2266 518 2320 Thess.
540 2272 562 2334 1,
580 2285 605 2319 v.
622 2274 650 2322 t:
667 2267 788 2330 Patesiet
807 2267 904 2321 Domi·
932 2262 1098 2334 integritatis
1116 2265 1207 2319 locum
1224 2265 1362 2322 habuisse.
1399 2265 1497 2339 Neque
1525 2268 1598 2322 enim
1616 2268 1694 2323 Deus
1718 2270 1766 2322 ho·

68 2368 121 2404 nas
143 2353 179 2405 de
197 2353 275 2406 coelo
294 2370 356 2406 cam
373 2354 493 2421 stamma
513 2353 588 2422 ienis
607 2353 739 2423 inflipens
762 2354 903 2409 ultionem.
932 2349 1033 2404 minem
1051 2352 1087 2406 ad
1105 2352 1252 2407 animalem
1271 2353 1407 2409 duntaxat
1428 2354 1513 2409 vitam
1538 2355 1566 2408 in
1592 2355 1644 2411 hoc
1672 2355 1767 2410 seculo

69 2437 189 2502 Quando
221 2456 286 2510 ergo
317 2438 441 2494 homines
466 2439 544 2510 impii
574 2440 610 2494 ad
636 2438 776 2495 sinistram
799 2438 904 2511 judicis
931 2436 1131 2493 traducendam
1149 2438 1326 2509 condiderat,
1350 2440 1399 2496 sed
1418 2446 1456 2511 ut,
1477 2447 1618 2496 mansacto
1640 2441 1766 2497 animalis

68 2524 214 2578 constituti
233 2525 340 2580 eoelum
360 2542 393 2580 ae
411 2530 514 2581 terram
534 2526 600 2598 igne
615 2526 746 2583 succendi
760 2526 904 2594 videbunt,
931 2522 1005 2577 vitae
1024 2523 1053 2577 iu
1071 2523 1114 2578 his
1132 2525 1213 2580 terris
1231 2526 1370 2582 curriculo
1394 2527 1431 2582 ad
1453 2527 1538 2583 vitam
1564 2527 1712 2583 coelestem
1737 2535 1767 2584 et

68 2610 205 2667 ineffabili
223 2611 335 2668 horrore
353 2612 553 2683 concutientur,
571 2612 655 2669 facile
672 2613 744 2667 enim
763 2630 797 2668 ex
815 2630 848 2668 eo
863 2612 903 2667 in·
930 2608 1079 2679 gloriosam
1104 2610 1272 2676 elevaretur,
1302 2613 1418 2683 proinde
1446 2614 1529 2669 etiam
1559 2615 1678 2669 mundus
1707 2633 1764 2671 11011

67 2699 212 2770 telligent,
238 2698 401 2755 inlemalem
425 2699 519 2770 iguem
544 2699 596 2753 sibi
621 2717 682 2756 esse
708 2705 845 2771 paratum,
875 2700 903 2754 in
930 2703 990 2751 erat
1007 2714 1024 2751 a
1042 2697 1104 2753 Deo
1119 2696 1173 2752 hoc
1191 2697 1247 2753 fine
1265 2699 1406 2770 conditus,
1431 2706 1463 2754 ut
1487 2701 1516 2755 iu
1536 2707 1678 2757 aeternum
1704 2719 1765 2773 per·

69 2804 124 2857 quo
138 2792 267 2841 aeternas
293 2786 428 2841 scelerum
455 2804 567 2841 suorum
595 2804 700 2858 poenas
734 2788 902 2857 persolvant.
931 2782 1052 2850 duraret,
1071 2784 1120 2838 sed
1135 2790 1168 2838 ut
1186 2786 1323 2855 completo
1341 2801 1436 2841 eorum
1453 2803 1577 2855 numero,
1600 2805 1670 2858 quos
1687 2788 1765 2843 Deus

67 2871 111 2926 Pii
131 2889 198 2928 vero
216 2871 268 2927 hoc
287 2872 341 2927 Dei
358 2872 494 2942 judicium
511 2879 592 2944 grato
610 2873 694 2928 corde
711 2879 741 2927 et
759 2891 807 2929 ore
823 2890 903 2944 prae·
930 2870 966 2924 ab
985 2870 1143 2926 hominibus
1161 2871 1289 2942 generari
1313 2877 1342 2926 et
1366 2879 1508 2928 consortes
1533 2875 1613 2946 regui
1637 2876 1765 2932 coelestis

67 2958 212 3028 dicabunt,
231 2959 303 3013 sicut
321 2958 356 3012 de
373 2958 527 3030 Babylonis
546 2959 675 3014 incendio
694 2960 797 3014 dicitur
813 2961 902 3030 Apoc.
929 2955 1031 3011 hebere
1053 2956 1154 3027 voluit,
1187 2958 1286 3012 iterum
1311 2959 1522 3029 annihilaretur,
1549 2961 1616 3032 quia
1638 2969 1765 3018 cessante

70 3051 111 3114 18,
130 3063 156 3098 v.
176 3051 223 3101 20:
240 3046 365 3099 Eraclia
381 3062 466 3115 super
485 3061 548 3098 eam
568 3046 684 3116 coelam,
701 3045 754 3101 hoc
773 3054 815 3103 est
828 3046 903 3101 beati
929 3042 1040 3097 animali
1060 3043 1182 3097 omnium
1201 3043 1343 3100 homiuum
1359 3046 1418 3101 vitu
1436 3047 1531 3101 nullus
1551 3048 1671 3119 amplius
1689 3049 1764 3104 lutu-

65 3130 180 3186 ooelites
198 3136 227 3185 et
247 3131 336 3186 sancti
354 3131 471 3202 apostoli
490 3137 519 3185 et
529 3132 690 3202 prophetae,
707 3134 840 3203 quoniam
857 3133 903 3201 ia·
929 3135 1051 3185 raserat
1067 3129 1162 3185 mnndi
1188 3147 1261 3186 usus.
1297 3130 1338 3187 Ut
1363 3149 1430 3203 ergo
1453 3134 1596 3204 generatio
1622 3133 1764 3190 hominum

67 3219 175 3273 dicavit
193 3220 274 3272 Dens
289 3219 434 3288 judicium
453 3225 574 3273 cestram
592 3221 628 3273 de
646 3237 687 3275 aa
715 3236 775 3291 cap.
789 3225 901 3285 tant:
929 3232 983 3270 nou
1003 3215 1101 3272 fuisset
1119 3216 1148 3271 in
1166 3215 1303 3271 inlinitum
1323 3225 1499 3289 exporrecta,
1524 3221 1573 3275 sed
1590 3227 1697 3276 certum
1717 3221 1764 3276 ha·

65 3304 177 3359 stadici
194 3322 286 3359 vocem
305 3305 453 3359 turbat-nm
475 3306 628 3360 mattarum
651 3307 681 3360 in
706 3307 784 3361 coeio
808 3308 901 3361 dicen·
929 3302 1033 3357 buisset
1051 3301 1135 3358 finem
1152 3319 1186 3357 ac
1204 3302 1366 3369 terminum,
1395 3323 1451 3376 quo
1478 3307 1647 3363 adventante
1669 3325 1764 3364 omnes

65 3391 145 3462 ιίιιηι,
164 3390 296 3461 idianis,
320 3392 384 3445 laus
403 3392 542 3460 etaloris
561 3400 588 3447 et
605 3393 695 3446 nrbes
714 3395 779 3448 Deo
796 3401 901 3465 nostro,
928 3406 961 3444 ac
978 3389 1082 3460 singuli
1107 3388 1231 3446 homines
1256 3390 1284 3444 iu
1309 3392 1390 3446 terris
1417 3393 1542 3448 viventes
1566 3394 1603 3448 ad
1625 3394 1710 3449 vitam
1734 3395 1763 3449 iu

66 3492 93 3531 v.
111 3483 138 3533 2.
159 3479 229 3548 ania
246 3495 314 3533 vera
332 3487 359 3532 et
372 3479 455 3548 justa
473 3488 537 3533 sant
549 3480 666 3549 judicia
683 3481 755 3549 ejas.
929 3475 1013 3532 coelis
1032 3474 1203 3545 spiritualem
1218 3481 1248 3531 st
1264 3477 1414 3547 gloriosam
1432 3477 1551 3534 fuissem
1566 3481 1706 3551 translati3
1723 3481 1763 3536 ita

10 3568 56 3606 ΙΙ·
99 3569 143 3621 65.
180 3564 376 3619 demandarint
398 3565 470 3631 finis
487 3565 571 3636 hujus
588 3571 748 3629 συντελείας
770 3572 813 3622 est
838 3567 900 3637 pio·
928 3579 1039 3635 quoque
1058 3562 1154 3616 mundi
1171 3562 1282 3617 duratio
1299 3579 1355 3618 nou
1372 3564 1471 3620 luisset
1489 3566 1701 3621 interminabilis
1728 3585 1763 3623 ac

10 3666 45 3710 tn
64 3669 129 3707 retra
145 3651 288 3708 liberatio.
324 3651 391 3706 Luc.
412 3657 454 3722 11,
471 3671 497 3708 v.
516 3658 563 3710 28:
585 3653 642 3707 His
655 3655 726 3722 fieri
743 3655 901 3724 incipienti·
928 3656 1072 3721 perpetua,
1092 3649 1140 3705 sed
1158 3667 1215 3705 uua
1232 3666 1296 3705 cum
1314 3650 1425 3706 animali
1445 3650 1587 3708 hominum
1605 3654 1664 3710 vita
1680 3673 1760 3710 suum

10 3721 54 3762 ⁸⁰⁰·
65 3739 132 3807 aas,
154 3737 207 3794 hec
227 3744 271 3793 est
286 3737 374 3809 signis
393 3738 471 3794 hisce
488 3738 585 3794 mundi
603 3739 686 3794 finem
703 3746 816 3810 praesto
841 3758 901 3797 esse
928 3736 1074 3793 habuisset
1091 3737 1182 3794 finem.
1219 3736 1274 3794 Sed
1293 3739 1392 3794 modus
1415 3741 1659 3797 consummationis
1685 3742 1762 3798 vide-

65 3823 312 3890 deuuutiautibus,
333 3825 465 3894 respicite
491 3833 519 3880 et
536 3826 658 3880 attollite
681 3828 777 3896 capita
800 3835 902 3897 cestra,
928 3830 973 3878 tur
992 3824 1078 3878 fuisse
1096 3823 1230 3888 diversus,
1255 3842 1306 3895 per
1324 3825 1476 3896 simplicem
1494 3828 1600 3883 scilicet
1619 3830 1762 3883 ansata-

64 3914 192 3976 scicntes,
211 3914 289 3983 acted
303 3914 512 3984 apprepinmtet
523 3915 659 3968 redemtio
671 3922 773 3969 cestra.
801 3914 901 3979 Quem·
926 3913 1037 3980 tionem,
1056 3926 1111 3964 non
1128 3917 1220 3966 sutem
1232 3927 1282 3981 per
1293 3911 1368 3981 ipsis
1382 3914 1640 3983 conflagrationem,
1663 3923 1686 3973 1.
1695 3916 1762 3985 qaia

64 4001 214 4057 admodum
233 4000 306 4056 enim
326 4016 399 4056 mors
417 4001 456 4072 pii
472 4001 591 4056 hominis
604 4008 646 4057 est
658 4002 745 4072 ipsius
765 4002 901 4057 redemtio
926 3997 1108 4068 particulares
1128 3996 1202 4051 orbis
1217 3996 1422 4054 devastationes
1442 4001 1496 4070 perJ
1516 4002 1656 4057 eluviones
1676 4019 1761 4073 aqua·

61 4086 267 4159 partientem,
295 4086 361 4158 quia
377 4103 428 4158 per
447 4093 562 4143 mortem
583 4088 700 4161 quilibet
717 4106 782 4144 vere
798 4089 861 4160 pius
883 4106 901 4143 a
927 4102 997 4154 rum,
1015 4084 1152 4155 incendia,
1171 4090 1262 4140 terrae
1280 4092 1371 4141 motus
1388 4101 1421 4141 ac
1441 4086 1534 4142 hiatus
1546 4095 1597 4145 etc.
1618 4094 1683 4143 sunt
1695 4106 1760 4159 poe·

63 4181 182 4247 peccato
216 4181 244 4230 et
275 4174 403 4229 omnibus
434 4175 543 4245 peccati
574 4175 671 4246 poenis
703 4175 838 4232 liberatur
867 4193 901 4231 ac
927 4188 980 4227 nae
995 4179 1173 4243 peccatorum
1190 4178 1218 4227 et
1237 4172 1294 4226 irae
1313 4172 1423 4227 divinae
1443 4173 1530 4244 signa
1559 4174 1634 4245 Ergo
1653 4175 1688 4229 de
1700 4175 1760 4229 uui-

63 4262 159 4335 quoad
178 4262 297 4317 animam
318 4261 444 4317 coelestis
462 4261 568 4334 gloriae
587 4280 621 4317 ac
639 4262 819 4318 beatitudinis
837 4280 900 4333 par
926 4259 1026 4314 versali
1055 4257 1131 4312 orbis
1163 4257 1290 4312 incendio
1322 4257 1396 4313 idem
1429 4258 1540 4312 videtur
1574 4261 1760 4316 statuendum.

63 4349 153 4421 ticeps
173 4348 316 4416 residium
332 4347 373 4403 sic
391 4349 590 4406 consummatio
607 4349 695 4407 seculi
713 4350 767 4404 erit
778 4350 900 4406 omnium
927 4346 992 4400 Jam
1011 4361 1076 4399 vero
1099 4344 1128 4398 iu
1151 4350 1228 4398 statu
1252 4344 1420 4415 integritatis
1445 4351 1560 4415 peccato
1586 4363 1618 4401 ac
1645 4349 1761 4418 proinde

61 4434 174 4506 piorum
191 4436 323 4490 liberatio
341 4436 521 4505 aniversalis,
545 4440 613 4490 tunc
630 4436 702 4491 enim
721 4436 844 4490 omnium
857 4436 900 4507 pi·
926 4432 1008 4486 etiam
1027 4432 1084 4486 irae
1101 4430 1212 4484 divinae
1240 4430 1333 4485 nullus
1355 4429 1455 4485 fuisset
1480 4431 1564 4487 locus.
1600 4439 1625 4490 2.
1649 4434 1760 4489 Confla-

63 4539 144 4578 orum
162 4521 273 4579 animae
291 4522 454 4595 corporibus
471 4538 506 4577 ex
519 4529 610 4578 terrae
626 4523 742 4594 pulvere
761 4523 899 4578 suscitatis
926 4519 1016 4590 gratio
1032 4516 1128 4572 mundi
1148 4516 1177 4569 in
1204 4516 1251 4571 die
1272 4515 1372 4586 judicii
1395 4517 1449 4572 erit
1469 4517 1562 4589 impiis
1585 4521 1761 4591 praeludium

60 4610 107 4666 rel
125 4608 221 4664 divina
236 4609 340 4664 virtute
364 4608 515 4664 efficaciter
538 4608 690 4664 immutatis
715 4609 814 4664 iterum
839 4610 899 4663 uni·
925 4622 959 4660 ac
984 4613 1068 4678 typus
1095 4602 1209 4675 quidam
1229 4603 1371 4658 infernalis
1394 4603 1481 4674 ignis,
1512 4606 1540 4660 in
1571 4624 1654 4679 quem
1680 4615 1761 4663 erunt

62 4701 201 4752 enturac
218 4713 305 4768 reguo
323 4695 444 4752 Satanm
460 4702 489 4750 et
508 4695 604 4749 mortis
621 4694 733 4767 penitus
751 4693 899 4759 destructo,
925 4691 1141 4764 praecipitandi3
1155 4691 1215 4761 jam
1233 4707 1298 4745 vero
1312 4691 1436 4766 homines
1454 4692 1482 4745 in
1500 4699 1575 4750 statu
1592 4695 1760 4766 integritatis

61 4781 194 4839 omuibus
214 4781 349 4838 ecclesiae
364 4780 491 4837 hostibus
508 4797 621 4852 prorsus
633 4781 752 4850 abolitis,
771 4780 900 4836 omuibus
926 4780 1104 4857 persistentes
1123 4777 1160 4832 ab
1184 4776 1313 4832 infernali
1337 4776 1403 4848 igue
1424 4779 1590 4835 mansissent
1611 4780 1698 4850 liberi.
1734 4786 1760 4837 3.

61 4868 272 4926 calamitatibus
292 4875 322 4925 et
338 4868 462 4924 adversis
476 4867 599 4939 perfecte
614 4866 786 4923 cessantibus
799 4869 829 4921 in
840 4869 898 4939 ple·
927 4866 1006 4921 Sicut
1022 4865 1103 4921 homo
1127 4864 1157 4918 in
1180 4868 1326 4919 concreata
1347 4863 1458 4935 justitia
1476 4867 1628 4936 persistens
1652 4865 1759 4938 absque

57 4955 171 5012 nariam
199 4956 278 5032 regni
302 4956 428 5012 coelestis
451 4954 653 5026 possessionem
682 4954 899 5010 introducentur.
926 4952 1022 5008 mortis
1038 4951 1197 5006 interventu
1218 4967 1251 5006 ex
1269 4951 1328 5005 vita
1346 4950 1458 5006 animali
1484 4951 1513 5004 in
1536 4950 1707 5021 spiritualem
1731 4959 1759 5008 et

11 5047 44 5091 ⁶⁴·
56 5042 201 5101 Maurae
217 5042 398 5115 conflagratio
416 5050 476 5099 erat
494 5041 576 5097 Lothi
594 5041 735 5110 liberati03
757 5043 797 5097 sic
815 5042 899 5097 edam
926 5039 1072 5094 coelestem
1091 5036 1189 5091 fuisset
1207 5043 1333 5104 evectus3
1360 5038 1400 5094 sic
1424 5037 1544 5092 mundus
1567 5035 1673 5107 absque
1694 5055 1758 5094 cou-

55 5129 161 5187 muudi
179 5130 362 5201 conflagratio
381 5131 434 5186 erit
452 5131 573 5184 omniurn
589 5129 698 5200 piorum
717 5128 841 5198 plenaria
867 5127 898 5181 li·
925 5122 1099 5198 flagrationis
1117 5122 1274 5177 interventu
1292 5130 1442 5193 appetente
1459 5122 1612 5178 durationis
1624 5139 1692 5177 suae
1703 5124 1759 5179 fine

53 5217 185 5287 b'erutio,
211 5233 268 5288 qua
281 5217 487 5288 comparatione
504 5215 592 5272 utitur
617 5214 758 5286 apostolus
782 5220 807 5270 1.
825 5214 898 5268 Pctr.
926 5212 1023 5266 divina
1038 5209 1139 5264 virtute
1157 5208 1257 5264 fuisset
1275 5209 1452 5280 annihilatus,
1478 5227 1511 5264 ac
1529 5226 1630 5264 novum
1650 5211 1758 5266 coelum

52 5310 85 5371 2,
103 5321 132 5357 r.
150 5307 182 5359 t:
218 5305 299 5358 Dens
321 5304 448 5358 astares
473 5305 659 5359 &domorum
681 5310 706 5355 ct
731 5300 898 5354 Gomorrae·
924 5305 953 5353 et
970 5305 1045 5352 terra
1063 5313 1135 5351 nova
1153 5297 1213 5366 ejus
1231 5296 1292 5350 loco
1310 5302 1411 5356 creata.
1447 5303 1472 5353 t.
1500 5301 1534 5353 lu
1552 5303 1626 5353 statu
1643 5299 1756 5371 integri-

52 5407 144 5446 orem
159 5389 191 5442 in
205 5390 326 5444 cinerem
344 5391 476 5460 redicens
490 5389 631 5444 eversione
643 5387 795 5457 damnarit,
812 5405 899 5441 erens
925 5386 991 5441 ntis
1006 5402 1057 5440 nee
1073 5391 1242 5441 mortuorum
1261 5385 1431 5449 resurreetio,
1449 5402 1500 5439 nec
1512 5385 1643 5439 terribilis
1658 5387 1759 5456 judicii

1498 5475 1542 5527 12*
