4050 6014
554 213 896 285 inamoeno
917 211 1049 271 noem
1067 212 1260 271 manans.
1699 222 1759 280 aar

60 369 200 441 Lipsiens.
220 369 303 426 theol
324 369 394 440 disp.
415 371 466 427 ult.
491 371 526 425 de
545 371 604 425 vita
627 376 656 425 et
678 377 768 426 morte
786 367 1076 463 aeternalinfarnum
1101 367 1167 439 quia
1183 368 1308 424 iniamus
1326 368 1492 424 describitur
1513 385 1570 439 per
1587 377 1762 425 marturam

59 463 133 528 part
150 463 175 514 2.
191 455 232 510 th.
251 459 298 514 29:
317 456 455 522 Infernas
474 465 514 512 ert
534 459 612 511 locus
632 475 651 510 a
669 458 746 512 coelo
767 457 1047 526 terraque¹ouadam
1073 463 1099 508 et
1117 462 1259 509 aeternam
1284 455 1349 510 Joh.
1368 461 1393 525 8,
1411 474 1436 510 v.
1452 461 1494 512 bt.
1521 456 1611 526 Apoc.
1630 461 1654 526 2,
1672 474 1698 512 v.
1721 461 1760 510 11.

58 560 162 597 resera
179 551 337 611 separatus.
373 543 403 597 Si
422 559 504 613 porro
531 560 663 614 quaeras,
687 559 723 597 an
745 542 815 597 illud
840 538 897 598 noi
923 557 946 594 c
963 546 1005 610 20,
1023 558 1048 595 v.
1068 546 1092 596 6.
1111 557 1136 595 c.
1156 545 1197 610 21,
1216 558 1241 596 v.
1264 545 1288 596 8.
1308 548 1359 596 eto.
1394 540 1532 596 Voluntas
1544 541 1597 596 Dei
1618 547 1662 596 est
1678 541 1761 595 unica
1774 553 1817 594 xx.
1833 553 1877 596 ita

60 631 99 683 sit
115 638 241 682 aearum
259 629 303 684 rel
322 629 488 700 increatum,
506 630 726 699 corporeamrsl
739 629 897 698 spirituale,
922 627 970 682 illa
989 643 1085 681 norma
1104 643 1137 681 ac
1157 627 1262 697 regula,
1279 627 1362 696 juxta
1379 643 1462 698 qnam
1479 633 1624 682 creaturae
1637 627 1758 682 rationa-

60 717 91 767 ia
109 715 162 770 boe
181 718 284 769 mundo
303 717 348 769 ael
366 724 446 769 cetra
463 717 535 769 lianc
553 718 688 769 mundum
704 720 758 771 etc.
776 714 898 770 breviter
922 714 962 768 las
980 713 1154 784 intelligendi
1172 721 1201 767 at
1219 713 1329 768 volendi
1354 713 1488 769 facultate
1513 714 1657 784 praeditae
1681 731 1759 769 suam

59 801 272 871 respondemus:
304 800 446 871 Scriptura
465 807 577 856 tacente
595 801 658 872 quis
677 800 722 856 hic
747 798 897 872 loquetur?
922 798 1093 854 voluntatem
1126 815 1245 870 suasque
1274 800 1396 855 actiones
1433 800 1606 856 conformare
1642 801 1759 869 debent3

59 894 184 956 praestat
210 888 245 943 de
263 886 371 943 inferno
399 903 449 957 per
476 887 674 958 poenitentiam
701 892 730 941 et
760 866 1035 965 sincerumlquando
1054 902 1121 955 crgo
1138 885 1175 941 ad
1193 886 1333 956 propriam
1357 887 1528 941 voluntatem
1552 894 1760 956 convertuntur,

60 973 174 1042 pietatis
195 973 317 1029 studium
336 973 466 1027 evitando
486 975 513 1026 in
532 990 598 1028 vcro
615 971 670 1027 Dei
689 972 787 1028 timore
807 971 949 1027 solici-·h.
970 988 993 1026 a.
1015 973 1126 1042 quando
1144 971 1253 1026 divinae
1281 971 1417 1026 voluntati
1442 990 1521 1026 suam
1544 972 1707 1029 submittam
1732 980 1761 1027 ct

59 1065 120 1113 tum
138 1076 207 1125 esse,
225 1076 308 1130 quam
324 1059 486 1129 scrupulose
505 1067 534 1114 et
552 1058 659 1114 curiose
677 1061 737 1137 ejus
750 1060 897 1113 essentiam
922 1058 1095 1112 conformare
1114 1057 1269 1129 negligunt,
1289 1058 1318 1112 in
1335 1058 1473 1113 infernum
1486 1059 1621 1126 incidunt,
1639 1060 1706 1130 quia
1718 1060 1758 1113 in·

60 1152 140 1201 extra
168 1145 245 1200 verbi
276 1145 378 1199 limites
408 1146 548 1217 indagare.
585 1146 640 1200 Sed
668 1146 720 1201 bac
749 1146 784 1201 dc
812 1163 841 1200 re
868 1146 897 1199 in
922 1142 1017 1197 fernus
1035 1142 1104 1197 nihil
1121 1144 1175 1198 nisi
1197 1144 1337 1215 propriam
1355 1146 1526 1200 voluntatem
1547 1146 1636 1216 punit.
1672 1146 1758 1201 Bern-

59 1233 225 1304 quaestione
242 1232 278 1287 de
295 1233 355 1288 loco
376 1232 476 1286 inferni
498 1233 572 1287 intra
592 1232 704 1287 uberim
723 1233 838 1287 dicetur.
925 1228 1028 1284 hardus
1048 1245 1127 1284 sarm.
1149 1237 1173 1287 3.
1203 1232 1237 1286 de
1264 1248 1376 1289 resurr:
1411 1232 1487 1294 Quid
1514 1234 1575 1286 odit
1601 1240 1651 1285 aut
1676 1233 1760 1301 pauit

926 1319 1006 1369 Deus
1020 1324 1139 1384 praeter
1154 1317 1306 1388 propriam
1322 1319 1514 1372 animantem!
1533 1327 1621 1372 cesset
1631 1319 1760 1373 uoluntas

922 1401 1053 1469 propria,
1073 1410 1098 1455 et
1119 1403 1252 1471 infernus
1269 1421 1325 1457 aaa
1345 1406 1407 1457 erit.
1444 1405 1480 1456 In
1498 1420 1579 1472 quem
1596 1405 1666 1456 enim
1686 1405 1761 1471 ipaie

924 1485 975 1538 ille
993 1487 1132 1540 desaeviet
1151 1489 1209 1541 nisi
1233 1489 1264 1540 ia
1288 1489 1438 1558 propriam
1463 1490 1653 1543 uoluntatem!
1687 1490 1760 1543 Pro·

922 1572 991 1640 pria
1009 1588 1075 1626 nero
1091 1574 1221 1627 uoluntas
1237 1582 1285 1642 eet,
1304 1591 1376 1643 quae
1395 1593 1452 1628 aaa
1471 1584 1512 1629 eat
1530 1576 1682 1629 communie
1698 1592 1760 1628 cum

926 1658 989 1711 Deo
1008 1666 1034 1710 et
1051 1658 1216 1728 homicidam,
1233 1662 1285 1713 scd
1303 1669 1402 1714 mostra
1419 1669 1535 1725 tantum,
1551 1664 1666 1730 mando
1684 1663 1761 1730 quod

340 1731 529 1793 CAPUT
559 1734 612 1796 lv.
926 1743 1067 1812 ruiramus,
1092 1763 1149 1798 aaa
1167 1747 1356 1800 adhererem
1376 1748 1446 1815 Dei,
1471 1765 1526 1800 roa
1545 1750 1586 1800 ad
1608 1748 1760 1801 utilitatem
1870 1763 1878 1779 ·

926 1830 1060 1896 fratrum,
1078 1833 1130 1884 aad
1145 1840 1265 1901 prepter
1277 1841 1383 1886 nosmet
1399 1833 1477 1901 ipsm
1493 1834 1627 1900 facimus,
1644 1853 1698 1887 aaa
1718 1835 1760 1887 ia·

165 1917 218 1971 DE
237 1916 363 1973 CAUSA
380 1917 609 1973 EFFICIEN'PE
628 1916 794 1973 INFERNI.
925 1919 1069 1970 tendentes
1087 1919 1209 1987 placere¹
1227 1921 1290 1973 Deo
1314 1927 1340 1973 et
1364 1923 1503 1989 prodesse
1528 1921 1683 1988 fratribus,
1710 1923 1762 1974 sed

925 2003 1096 2067 satisfacere
1114 2005 1243 2075 propriis
1261 2006 1378 2060 motibus
1398 2006 1563 2060 animorum.
1588 2006 1697 2061 Similia
1715 2023 1759 2061 oc-

10 2127 24 2156 ,
95 2095 136 2145 26.
173 2087 305 2144 Succedit
333 2105 400 2159 ergo
430 2107 520 2143 cauea
549 2091 659 2151 inferni
689 2090 823 2154 efficiere,
859 2090 899 2143 At
926 2096 1039 2143 currunt
1058 2089 1087 2144 in
1097 2089 1252 2161 Theologia
1264 2090 1432 2146 Germanica
1451 2108 1511 2161 cap.
1532 2097 1575 2148 42.
1596 2098 1624 2146 ct
1640 2099 1682 2147 41.
1715 2094 1760 2147 Ιιι·

10 2178 45 2259 ζῗ·
60 2191 145 2245 qnam
163 2173 272 2228 inferno
290 2191 402 2228 musam
421 2173 587 2230 efficientem
614 2174 761 2228 dabimus?
794 2173 899 2246 ubique
924 2173 1019 2228 fernus
1033 2175 1062 2228 in
1080 2176 1165 2230 sacris
1184 2176 1271 2230 literis
1289 2177 1455 2232 describitur
1475 2195 1525 2247 per
1551 2179 1644 2248 ignem
1663 2195 1760 2233 consu·

29 2249 35 2260 ’
61 2261 243 2317 difficultates
261 2268 451 2329 occurrunte
476 2262 578 2332 quibus
598 2269 690 2316 tamen
716 2261 830 2316 eluctari
855 2268 897 2315 ut·
924 2268 1052 2316 mentem.
1088 2260 1128 2318 Ut
1146 2278 1214 2333 ergo
1232 2263 1305 2332 ignis
1322 2280 1470 2333 corporeus
1482 2264 1598 2334 requirit
1618 2266 1761 2320 materiam

61 2363 173 2418 cunque
191 2347 361 2403 conabimur.
399 2347 428 2401 Si
449 2347 572 2402 infernus
593 2348 747 2416 accipiatur
767 2349 794 2401 in
815 2364 897 2402 sensu
924 2345 1155 2417 combustibilem,
1176 2365 1232 2419 qua
1251 2345 1356 2418 alatur,
1378 2349 1418 2403 sic
1435 2349 1578 2405 infernalis
1591 2351 1673 2405 ctiam
1688 2351 1762 2421 iguis

62 2436 154 2505 priore
171 2452 230 2503 pro
246 2443 335 2487 morte
352 2441 481 2503 aeterua,
499 2435 645 2489 dicendum
665 2440 721 2498 est,
743 2451 897 2504 promeren-
924 2432 1010 2487 habat
1032 2434 1194 2490 nutrimenti
1219 2435 1280 2492 loco
1305 2437 1385 2505 liqna
1411 2438 1501 2491 oculta
1523 2437 1587 2492 Esa.
1607 2444 1648 2506 31),
1666 2455 1693 2489 v.
1712 2438 1760 2493 ult.

61 2527 117 2575 tem
137 2520 265 2591 adeoque
288 2520 427 2591 propriam
453 2520 638 2575 immediatam
663 2526 691 2574 et
714 2520 898 2591 adaequatam
925 2519 1004 2582 Quae
1022 2537 1087 2575 vero
1105 2521 1174 2576 iila?
1192 2524 1342 2593 respondet
1354 2523 1504 2595 Origenes:
1523 2526 1662 2578 Peccator
1677 2526 1760 2593 flam·

63 2606 164 2661 infami
183 2623 296 2661 causam
315 2622 375 2660 asse
391 2614 540 2659 creaturae
561 2606 715 2660 rationalia
734 2624 753 2660 a
766 2608 829 2661 Deo
841 2623 898 2660 cre·
925 2623 998 2659 mam
1013 2608 1130 2675 proprii
1149 2609 1223 2676 ipris
1240 2610 1296 2662 sibi
1312 2611 1442 2664 accendit
1456 2611 1525 2678 ipse,
1545 2613 1626 2679 cujac
1639 2612 1761 2663 materia

63 2702 141 2747 aiore
160 2694 344 2762 apostariam.
380 2694 461 2746 Deua
485 2691 534 2745 iae
558 2701 612 2758 est,
637 2700 663 2744 et
687 2692 819 2747 tenebrae
843 2711 901 2747 aaa
924 2700 990 2745 ruat
1009 2700 1035 2744 et
1053 2710 1117 2746 esca
1131 2703 1252 2762 peccata
1269 2703 1376 2758 nostra,
1397 2702 1425 2749 et
1443 2695 1629 2766 Hieronymus
1647 2697 1759 2750 incom-

63 2788 126 2834 mat
154 2781 184 2832 in
212 2779 275 2847 ipso
301 2779 378 2832 ullae
410 2783 431 2833 1.
449 2777 513 2833 dois
534 2784 557 2847 1,
580 2795 606 2830 v.
625 2784 648 2832 5.
685 2778 804 2843 Quando
834 2796 900 2850 ergo
926 2783 1010 2833 ment.
1029 2777 1092 2833 Esa
1111 2785 1158 2835 θῦε
1192 2781 1257 2848 Ira,
1288 2798 1359 2850 praee
1376 2789 1417 2833 est
1436 2782 1554 2834 ultiouis
1577 2783 1681 2849 lamo,
1705 2800 1761 2836 aon

64 2871 210 2920 creaturae
232 2881 250 2918 a
274 2865 334 2918 ileo
362 2869 390 2919 et
413 2862 499 2932 ipsius
523 2862 608 2918 verbo
633 2864 715 2919 unico
739 2880 772 2918 ac
792 2881 899 2919 summo
925 2864 967 2917 ita
984 2865 1160 2925 definiturus
1174 2867 1239 2922 Deo
1253 2874 1284 2920 ut
1297 2868 1328 2920 in
1342 2868 1506 2934 bominibus,
1526 2884 1598 2936 quiae
1613 2870 1761 2922 materiam

64 2953 167 3007 lumine
188 2967 249 3006 sese
274 2955 420 3018 avenant,
446 2949 475 3002 iu
505 2948 643 3004 tenebras·
662 2950 804 3020 incidunt,
832 2967 900 3022 ergo
925 2951 1007 3005 babet
1033 2952 1063 3004 ia
1086 2951 1191 3004 nocam
1218 2953 1309 3020 vitiis,
1334 2972 1390 3007 aon
1414 2954 1444 3007 ia
1470 2955 1590 3007 Domini
1610 2955 1760 3023 uoluntate,

64 3039 148 3092 etiam
168 3038 197 3090 iu
215 3037 368 3105 infernum,
395 3035 461 3106 quia
479 3035 603 3090 infernus
625 3053 680 3105 per
703 3038 831 3091 tenebms
854 3037 900 3093 de
926 3037 976 3108 qui
993 3038 1217 3093 thesaurizamus
1235 3040 1316 3093 nobis
1334 3042 1416 3110 iram,
1434 3049 1464 3093 ut
1483 3041 1723 3097 mindonensem
1736 3051 1761 3096 et

64 3124 196 3178 scribitur
214 3123 312 3179 Matth.
331 3127 356 3190 8,
374 3141 397 3178 v.
419 3129 459 3178 12.
483 3138 543 3192 cap.
565 3128 607 3191 22,
623 3139 649 3179 ν.
671 3129 707 3180 1³.
738 3131 762 3179 2.
779 3123 856 3180 Petr.
876 3129 901 3190 2,
925 3125 1024 3193 spinae
1043 3132 1069 3179 et
1085 3124 1207 3194 sicema,
1236 3143 1308 3196 meae
1322 3144 1380 3196 pro
1400 3127 1504 3181 semine
1526 3129 1589 3180 Deo
1607 3128 1761 3196 attruiimus,

64 3229 88 3266 v.
109 3218 150 3266 17.
186 3211 318 3264 irenaeus
334 3208 380 3265 lib.
399 3215 421 3263 4.
440 3209 503 3264 adr.
521 3208 627 3264 haeres.
645 3226 706 3279 cap.
727 3215 767 3265 76.
788 3227 816 3281 p.
837 3215 902 3267 312:
926 3210 1007 3278 iipaa
1022 3228 1138 3279 quoque,
1157 3213 1274 3276 saeuum
1292 3221 1318 3266 et
1335 3213 1479 3281 stipulam,
1504 3230 1576 3283 quae
1593 3231 1679 3282 super
1694 3216 1761 3279 frm-

67 3298 307 3360 Quemarlmodum
328 3296 359 3349 ia
375 3296 427 3348 boc
446 3296 598 3363 tenporali
620 3296 724 3349 lumine
750 3297 801 3365 qui
815 3296 900 3365 jupi-
927 3297 1086 3350 ‹mmentum
1097 3297 1188 3351 Pauli
1200 3298 1421 3367 aedificavimua,
1439 3299 1553 3367 sapiens
1563 3300 1682 3366 flamma
1697 3317 1760 3352 eoa·

64 3392 114 3436 arat
134 3382 224 3448 illuri,
250 3382 328 3450 ipsae
347 3395 378 3433 ee
397 3381 518 3434 tenebris
535 3380 713 3450 mancipant,
737 3381 779 3434 ita
795 3389 826 3435 ut
843 3383 902 3451 ipsi
926 3390 1026 3436 sumat.
1062 3383 1143 3450 Ipora
1163 3384 1214 3437 ilie
1230 3392 1343 3451 tamam,
1370 3384 1421 3436 boc
1439 3391 1479 3436 cst
1496 3400 1609 3436 carnem
1627 3392 1761 3452 noemam,

64 3470 119 3523 sibi
136 3485 225 3521 causa
241 3469 326 3535 itaut,
352 3468 429 3536 quod
447 3466 638 3520 &adunatur
656 3485 675 3519 a
694 3467 797 3520 lumime
817 3475 841 3521 rt
858 3468 900 3520 ia-
927 3476 952 3521 et
969 3469 1112 3536 perimine
1125 3470 1200 3537 ejus,
1225 3471 1277 3523 boe
1294 3478 1335 3523 est
1356 3471 1453 3522 caruis
1474 3470 1633 3524 desideria,
1652 3472 1762 3525 combu-

64 3553 338 3620 babitantteaebraa,
356 3560 382 3604 et
400 3569 456 3605 aaa
474 3552 568 3606 lumea
587 3560 627 3606 est
639 3569 727 3606 causa
739 3553 902 3623 hujusmodi
926 3563 970 3608 rat
991 3554 1073 3609 Dent
1093 3558 1134 3622 32,
1152 3571 1178 3609 s,
1196 3560 1238 3610 22.

65 3640 305 3709 aeromantiam,-
328 3640 369 3691 sic
394 3646 539 3693 aeternum
564 3640 625 3692 Dei
645 3640 696 3708 qui
719 3640 833 3708 frspiuat
857 3642 900 3696 iu·
962 3647 1002 3696 27.
1038 3640 1111 3706 Quia
1135 3658 1200 3696 vero
1226 3640 1351 3696 infernus
1375 3659 1430 3697 non
1454 3649 1497 3699 est
1519 3643 1585 3712 ipsa
1607 3645 1763 3718 apostasia,

64 3747 135 3795 men,
155 3729 233 3798 arsod
251 3725 371 3779 romanet
387 3724 418 3779 iu
436 3742 466 3780 aa
485 3727 557 3780 bona
573 3727 675 3791 amaia,
694 3727 753 3795 ipsi
764 3727 820 3780 ribi
835 3745 900 3780 oau-
927 3727 976 3782 sed
996 3729 1057 3797 ejus
1074 3743 1259 3798 consequens,
1279 3728 1436 3798 justissima
1454 3729 1559 3782 scilicet
1584 3745 1676 3799 poena
1699 3747 1762 3800 pro·

63 3834 99 3870 aa
126 3821 205 3878 aaa,
232 3820 261 3865 ut
287 3819 418 3866 aetenae
441 3812 597 3866 inhabitent
621 3813 749 3867 tenebras
777 3815 903 3868 eatena
927 3821 989 3883 pter
1007 3813 1176 3884 apostasiam
1194 3814 1327 3868 creaturis
1344 3814 1528 3869 rationalibus
1542 3816 1619 3886 justo
1637 3814 1690 3869 Dei
1717 3817 1763 3885 jn·

65 3902 193 3957 omnibns
213 3900 292 3953 ionia
310 3899 419 3952 aibimet
435 3900 493 3968 ipsi
510 3917 598 3954 causo
617 3899 801 3953 maturioris
817 3901 900 3966 facti.
912 3916 915 3935 ¹
928 3900 1000 3955 dicio
1020 3899 1140 3964 inflicta,
1164 3898 1229 3954 idco
1248 3900 1331 3955 etiam
1351 3900 1429 3955 Deus
1454 3908 1529 3956 carto
1552 3902 1635 3955 modo
1661 3917 1694 3956 ec
1723 3917 1763 3955 re·

64 3989 143 4045 Deus
162 3992 205 4041 est
221 4003 358 4039 summum
374 3986 474 4039 bonum
495 3991 523 4040 et
546 3987 658 4039 unicum
683 3984 798 4054 bonum,
824 3992 902 4041 extra
928 3992 1025 4055 speum
1044 3985 1128 4040 statui
1149 3991 1240 4055 potest
1257 3984 1357 4040 interni
1378 4002 1472 4054 causa,
1492 3986 1717 4041 remotascilicet
1731 4002 1764 4040 ac

64 4089 148 4145 quem
168 4089 224 4127 non
242 4076 286 4126 est
302 4087 397 4125 rerum
416 4069 526 4137 bonum!
547 4069 645 4124 Matth.
662 4076 703 4139 19,
715 4089 741 4123 v.
757 4078 795 4128 17.
815 4072 900 4128 Marc.
912 4072 1059 4153 mediata.
1103 4071 1341 4136 Quemadmodum
1371 4073 1443 4126 enim
1476 4073 1571 4128 mortis
1603 4071 1764 4143 temporalis

69 4167 107 4226 10,
128 4175 154 4216 v.
177 4163 215 4214 18.
251 4157 369 4221 Quando
388 4160 458 4228 ergo
479 4162 607 4211 creatura
629 4156 771 4211 rationalis
795 4174 845 4228 per
868 4158 1039 4223 liicaussm
1065 4173 1126 4212 esse
1150 4156 1269 4212 diximus
1293 4157 1323 4211 in
1349 4164 1429 4217 tract.
1459 4159 1494 4215 de
1512 4165 1598 4213 morte
1628 4155 1657 4231 ξ.
1675 4164 1717 4214 21.
1735 4162 1765 4210 et

64 4247 126 4301 beri
151 4244 260 4300 arbitrii
285 4244 403 4298 abusum
426 4260 443 4297 a
466 4243 528 4298 Deo
552 4250 676 4299 meatore
704 4261 764 4298 sese
793 4235 1005 4314 avertitlseqq.
1031 4261 1086 4298 non
1111 4250 1218 4298 tantum
1247 4245 1360 4298 diaboii
1384 4246 1543 4298 seducerem
1569 4244 1710 4296 maiitiam
1737 4251 1765 4296 et

64 4339 125 4388 tum
145 4349 177 4386 ex
196 4331 269 4386 bono
288 4331 317 4384 in
336 4330 440 4385 malum
456 4330 563 4400 incidit,
586 4347 618 4384 ac
636 4330 752 4401 proinde
771 4331 855 4386 mem
872 4331 901 4385 in
913 4344 915 4403 j
928 4330 1048 4385 bominis
1069 4331 1258 4399 delinquentis
1279 4331 1400 4400 culpam,
1419 4330 1469 4384 sed
1487 4329 1571 4383 etiam
1583 4331 1693 4397 justam
1705 4329 1764 4382 ein·

65 4420 220 4486 internum,
245 4416 312 4487 quia
330 4416 358 4469 in
379 4415 488 4471 inferno
513 4423 555 4471 est
574 4416 702 4470 absentia
724 4418 814 4470 omnic
838 4410 1002 4493 homidicis
1020 4417 1079 4470 Dei
1104 4417 1195 4485 iram,·
1227 4416 1266 4470 ita
1293 4433 1404 4487 quoque
1427 4416 1463 4469 ad
1485 4421 1601 4469 mortem
1624 4421 1765 4469 aeternam

65 4512 92 4558 et
105 4503 268 4573 maerentia
287 4502 377 4557 amara
397 4503 475 4556 maii.
501 4502 633 4557 irenaeus
651 4505 677 4557 d.
689 4501 721 4558 1.:
743 4503 808 4560 Cum
824 4506 916 4575 apud
928 4501 957 4554 id
966 4502 1058 4572 ipsum
1076 4499 1250 4574 draioyrmic
1270 4501 1473 4556 accommodari
1488 4505 1589 4571 potest.
1621 4497 1768 4554 Concurrit

66 4592 161 4644 Deum
176 4590 271 4644 omnia
288 4589 346 4641 siat
366 4589 447 4653 bana,
464 4590 515 4657 qui
528 4606 561 4642 aa
573 4607 626 4643 essa
640 4591 777 4642 sententia
788 4591 904 4658 supinat
929 4588 1002 4642 enim
1022 4588 1051 4642 in
1072 4588 1213 4642 bominum
1231 4587 1420 4643 damnatione:
1441 4593 1462 4642 1.
1479 4587 1599 4640 Diaboli
1610 4587 1767 4640 seducentis
1779 4615 1799 4659 1.
1815 4615 1907 4656 mm„

66 4681 170 4740 Deum,
186 4683 270 4730 semet
290 4676 366 4744 ipaos
384 4675 510 4728 ommibus
527 4676 670 4736 fraudant
690 4675 776 4729 boaia.
812 4644 1050 4729 iaculantem.
1085 4671 1236 4739 Diabolus,
1261 4672 1309 4744 qui
1335 4680 1362 4728 et
1390 4672 1450 4742 ipse
1474 4671 1556 4727 morti
1576 4679 1705 4727 aetarnae
1723 4667 1909 4727 ast⁸²⁶¹²⁰⁸⁰t¹⁸

65 4765 132 4818 (Μ’.
148 4770 242 4816 “mm
262 4761 389 4815 ‘mmm
409 4777 477 4829 ‘'9“
495 4763 588 4815 Deam
605 4762 685 4816 bonis
705 4747 916 4841 consequenter}
929 4759 1063 4815 obnoxius
1081 4765 1109 4813 et
1128 4759 1172 4813 cui
1192 4758 1264 4830 ignis
1282 4757 1425 4813 infernalis
1444 4774 1498 4812 non
1515 4758 1605 4813 minus
1617 4775 1700 4828 quam
1715 4760 1764 4813 im·
1778 4719 1873 4758 mum*

64 4855 97 4906 ia
117 4851 178 4904 Dei
193 4851 300 4918 juratum
312 4849 457 4918 judicium
475 4850 612 4919 incidunt,
632 4850 683 4920 qui
699 4851 769 4903 enim
789 4846 916 4917 supinam
928 4845 982 4917 piis
1000 4844 1156 4900 bominibus
1174 4851 1289 4915 paratus
1317 4843 1414 4899 Metth.
1434 4849 1474 4911 ib,
1494 4862 1520 4899 v.
1538 4851 1579 4903 41.
1607 4844 1707 4900 nullius
1724 4861 1765 4899 se-

64 4937 291 5007 rapnimjuste
309 4936 338 4988 ia
356 4953 454 5005 pupae
472 4937 718 5003 commendantur,
740 4944 767 4989 et
787 4936 838 5005 qui
848 4938 903 5004 su·
914 4954 917 5011 ἰ
930 4933 1060 4988 ductione
1071 4933 1121 4987 sed
1138 4933 1251 5003 propria
1268 4933 1411 4988 voluntate
1429 4934 1489 5001 vel,
1509 4938 1540 4990 ut
1556 4933 1659 4989 rectius
1670 4933 1766 5004 loqua-

65 5031 167 5092 aarum
193 5024 299 5090 humen,
325 5022 400 5089 iuste
430 5022 625 5075 inhabitabunt
653 5023 791 5080 tenemur.
827 5018 917 5089 Deus}
930 5037 999 5090 mur,
1024 5025 1177 5091 spontaneo
1198 5020 1327 5090 propriae
1344 5019 1495 5075 voluntatis
1514 5019 1605 5074 abusu
1622 5037 1639 5074 a
1656 5018 1719 5074 Deo
1736 5037 1767 5076 se

67 5115 112 5165 est
131 5110 194 5180 ipsa
210 5110 279 5178 uilo,
299 5114 328 5163 et
347 5115 426 5163 extra
445 5122 508 5163 eum
527 5123 583 5161 non
598 5114 641 5162 est
658 5107 716 5162 rita
742 5107 904 5175 Genusia,
930 5107 1030 5162 avertit
1046 5111 1073 5161 et
1092 5105 1144 5160 hac
1162 5106 1269 5161 ratione
1282 5105 1451 5160 damnationi
1482 5111 1612 5163 aeternae
1633 5121 1693 5160 sese
1718 5104 1766 5159 ob·

66 5214 92 5252 s.
113 5201 151 5252 14.
168 5194 253 5249 Dent
270 5198 311 5259 32,
331 5212 357 5247 v.
375 5199 416 5250 40.
434 5192 498 5249 doh.
520 5198 543 5261 1,
562 5211 587 5245 v.
607 5200 630 5248 4.
650 5209 710 5263 cap.
725 5201 784 5261 5,v.
800 5192 1041 5259 ammonariam
1066 5191 1200 5262 reddidit,
1227 5192 1291 5247 idco
1314 5193 1343 5246 in
1367 5192 1427 5263 ipso
1451 5209 1484 5245 ae
1511 5191 1586 5246 circa
1601 5191 1693 5261 ipsum
1711 5209 1768 5247 non

67 5280 186 5347 Quando
205 5298 273 5352 ergo
291 5288 417 5336 creatura
436 5297 453 5335 a
472 5279 534 5335 Deo
551 5285 691 5347 creatore,
718 5296 810 5351 aquo
829 5287 857 5333 et
876 5272 917 5332 in
930 5277 1016 5334 habet
1045 5277 1135 5332 locum
1161 5277 1274 5333 alterius
1298 5278 1445 5348 cujusdam
1470 5277 1624 5332 seductoris
1648 5277 1768 5343 malitia,

67 5385 124 5439 quo
144 5368 225 5424 unica
242 5367 328 5423 habet
343 5368 438 5431 vitam,
457 5383 507 5437 per
524 5372 704 5436 spontaneam
722 5359 916 5421 defoeaonem
931 5365 979 5419 sed
998 5365 1020 5418 si
1040 5364 1068 5417 in
1088 5365 1180 5434 specie
1200 5381 1233 5418 ac
1252 5363 1365 5419 definite
1382 5364 1417 5418 de
1435 5364 1577 5419 hominum
1589 5364 1767 5419 damnatione

68 5472 98 5510 se
121 5455 237 5523 avertit,
257 5454 355 5510 incidit
376 5456 405 5508 in
429 5459 552 5522 mortem,
572 5470 606 5509 ac
628 5452 745 5522 proinde
769 5455 851 5508 etiam
876 5453 916 5506 in:
933 5453 1095 5522 loquamur,
1120 5468 1174 5506 non
1190 5458 1282 5522 potest
1300 5451 1337 5506 ab
1357 5452 1419 5521 ejus
1436 5466 1521 5505 causa
1541 5448 1646 5505 diaboli
1663 5450 1768 5506 invidia

343 5563 346 5568 .
1511 5538 1558 5578 rs·
