4050 6014
215 401 274 458 172
856 391 1084 448 TRACTATUS
1104 391 1268 449 TERTIUS

210 553 318 615 cuatus,
336 556 367 603 ut
385 549 495 619 ipsimet
513 545 597 617 hujus
616 548 691 601 limbi
716 547 858 602 architecti
878 548 1043 602 concedunt.
1072 546 1185 614 nullum,
1206 547 1272 618 quia
1291 547 1332 600 illi
1356 564 1411 600 non
1431 547 1624 599 liberabuntur
1650 565 1670 599 a
1693 549 1824 601 servitem
1844 566 1904 602 cor·

211 632 292 698 Quod
311 640 393 688 916.
412 631 555 688 indefinite
585 632 834 695 dicitu1·‚vanitati
858 633 986 700 subjecta
1005 640 1044 684 est
1071 632 1214 699 ruptionis
1233 649 1283 685 nee
1302 638 1463 701 9999991991
1481 633 1680 686 revelationem
1703 634 1828 695 filioram
1848 635 1907 687 Dei

211 726 352 784 99991999,
370 719 438 774 illud
460 718 573 789 quidam
593 718 806 786 specialissime,
823 720 950 785 adeoque
970 717 1045 770 indi·
1072 719 1101 769 in
1120 718 1167 770 die
1184 717 1332 772 9991991919
1350 726 1516 780 semitarum,
1535 717 1584 772 sed
1599 717 1654 772 diei
1674 718 1747 772 illius
1766 720 1905 773 mentione

211 805 364 858 navaliter
383 806 418 859 de
436 805 545 859 Adamo
564 811 593 859 et
609 804 669 857 Eva
688 802 837 873 accipiunt,
856 803 1043 872 Hieronymus
1072 802 1274 866 exhorrescunt,
1288 809 1318 856 ut
1333 803 1474 874 colligitur
1485 819 1518 857 ex
1534 803 1633 857 Mettb.
1649 810 1768 871 6,1.19.
1791 811 1815 860 1.
1830 805 1904 860 Ρ911.

211 888 241 943 19
259 906 356 944 comm.
377 890 402 943 h.
421 890 439 947 1,
476 890 596 954 Quidam
614 889 698 944 etiam
717 888 756 943 sic
776 888 879 954 dicunt,
905 888 1001 941 Adam
1020 896 1044 940 rt
1072 896 1095 952 2,
1116 905 1140 943 1.
1159 894 1183 943 1.
1201 887 1266 944 Jud.
1289 908 1313 943 1.
1340 895 1364 943 6.
1400 892 1498 942 Bonos
1523 889 1639 958 9999199
1662 897 1689 941 91
1714 890 1833 957 spiritus
1857 892 1904 944 de·

213 976 303 1028 Evam
336 993 394 1030 esse
423 972 603 1036 creaturam,
631 993 700 1044 quos
728 976 796 1027 olim
821 990 936 1042 serpena
959 994 978 1026 a
997 975 1233 1048 paranetarum
1263 976 1380 1043 piorum
1416 982 1563 1027 creaturae
1601 974 1789 1043 appellatione
1819 976 1905 1028 simul

212 1061 370 1115 divinitatis
404 1062 527 1115 vanitati
551 1063 687 1129 subjectos
713 1060 892 1131 corruptioni
922 1053 1199 1129 effeceritintelligi,
1227 1058 1324 1112 statuit
1347 1058 1460 1112 Aretias
1483 1059 1510 1112 19
1535 1058 1614 1129 prob.
1639 1058 1691 1114 loc.
1723 1065 1777 1116 156.
1795 1078 1823 1130 p.
1845 1066 1904 1116 499.

211 1147 361 1212 deservire,
379 1164 435 1200 non
455 1162 489 1200 99
505 1147 661 1216 semetipsis
674 1153 834 1215 peccantes,
856 1148 907 1197 sert
933 1161 1044 1213 serpen-
1075 1145 1590 1214 1111191,199911,919199’119’9,99119
1611 1146 1801 1213 coelesapunt
1818 1147 1904 1201 911991

211 1232 246 1284 tis
265 1232 446 1302 instipatione
466 1240 492 1286 et
509 1233 635 1286 consitio.
674 1233 713 1284 Et
732 1232 797 1299 ipsi,
816 1231 955 1301 inquiunt,
979 1231 1043 1282 libe·
1072 1230 1268 1294 beatissimam,
1289 1238 1377 1286 tentus
1397 1232 1569 1300 apostolicus
1591 1231 1716 1299 inteltipi
1734 1249 1790 1285 non
1804 1233 1903 1301 posset.

211 1317 361 1380 rabuntur,
385 1325 416 1369 ut
437 1317 498 1384 jam
521 1335 577 1370 non
603 1317 779 1385 corruptioni
803 1318 970 1370 deserviant.
1009 1315 1044 1368 Et
1073 1316 1174 1369 Sancti
1190 1317 1261 1370 enirn
1279 1316 1408 1381 defuncti
1431 1322 1592 1386 9999991991
1617 1334 1767 1386 corporum
1790 1336 1903 1373 9991919

211 1408 321 1472 9991991
357 1403 497 1457 Creatura
522 1411 614 1456 aretem
638 1404 733 1455 Aetam
758 1412 797 1457 est
820 1410 846 1456 ct
877 1404 953 1467 Eva,
974 1417 1044 1470 quac
1071 1403 1281 1468 restitutionem,
1299 1404 1360 1455 sins
1379 1404 1478 1470 quibus
1498 1403 1687 1458 beatissimam
1713 1405 1799 1458 vitam
1819 1421 1905 1474 apere

211 1490 303 1541 9911199
332 1496 485 1560 asspectat,
514 1507 532 1542 a
556 1491 618 1543 Deo
647 1505 677 1541 se
705 1489 829 1557 recipcre
855 1487 1036 1555 adoptionem
1071 1498 1276 1557 nonpossunt,
1296 1489 1478 1558 9919999919
1506 1497 1613 1553 carent,
1641 1490 1738 1543 merito
1768 1492 1820 1543 996
1848 1509 1904 1543 scr·

216 1574 332 1629 Vanitas
356 1584 397 1628 est
420 1575 649 1643 prraevaricatio,
679 1575 727 1628 cui
751 1575 878 1642 subjecta
900 1575 963 1626 an
990 1591 1044 1626 non
1072 1574 1155 1626 or'trtte
1184 1575 1311 1628 interitus
1344 1594 1374 1628 ao
1397 1583 1527 1643 respectu
1558 1577 1618 1629 elici
1638 1576 1762 1644 possint.
1805 1576 1907 1630 Sancti

209 1663 331 1731 propria
350 1663 500 1727 voluntate,
519 1665 572 1721 sed
587 1681 607 1715 a
625 1670 752 1731 serpente
777 1663 895 1730 decepta
915 1661 1045 1728 9191119,
1072 1660 1168 1724 orrpeli
1191 1662 1315 1726 pandent
1343 1662 1538 1732 peccatoribus
1559 1661 1778 1730 poenitentibus,
1806 1662 1905 1731 991199

210 1764 268 1816 999
287 1749 429 1811 audierat,
450 1748 529 1801 eritis
554 1748 638 1816 quasi
659 1749 719 1812 dii,·
745 1748 863 1800 servitus
891 1755 982 1799 autem
1006 1753 1045 1797 est
1072 1745 1137 1795 dum
1160 1747 1296 1810 servirent,
1322 1747 1393 1814 quid
1415 1746 1601 1814 191999111μί9
1620 1746 1681 1799 illis
1707 1746 1790 1800 etiam
1813 1747 1908 1819 999191

211 1834 417 1901 corruptionis,
443 1852 528 1904 quam
547 1835 658 1888 audivit
678 1836 789 1900 Arium,
818 1841 897 1887 terra
920 1851 949 1887 99
969 1840 996 1884 91
1016 1832 1044 1883 in
1075 1829 1179 1885 ratione
1206 1831 1357 1883 ministerii
1382 1849 1439 1883 non
1465 1831 1609 1885 naturae!
1653 1830 1708 1886 Sed
1736 1831 1771 1886 (19
1797 1831 1905 1902 augelis

212 1927 316 1972 terram
335 1919 397 1973 ibis.
433 1921 470 1973 In
490 1921 696 1975 resurrectione
715 1927 808 1974 991919
827 1919 971 1988 recepturi
980 1925 1045 1970 9991
1073 1930 1127 1970 non
1150 1931 1231 1986 posse
1257 1915 1330 1970 hunc
1356 1915 1444 1971 locum
1469 1916 1597 1987 intelligi,
1618 1918 1678 1986 jam
1695 1917 1905 1972 9111999199ᾱί-

211 2005 449 2074 incorruptionem
462 2007 591 2074 filioram
611 2007 677 2059 Dei.
707 2005 761 2060 Sed
774 2006 843 2059 11999
855 2003 1046 2072 interpretatio
1072 2019 1140 2055 mus.
1176 2001 1334 2072 Regerunt,
1361 2003 1409 2073 qui
1436 2003 1547 2073 angelos
1578 2004 1615 2056 ab
1641 2002 1766 2072 apostolo
1794 2002 1905 2058 nomine

211 2089 308 2145 iisdem
326 2092 459 2146 evertitur
477 2091 657 2162 argumentis,
683 2092 784 2161 quibus
809 2092 892 2160 prior,
920 2107 953 2144 ac
972 2090 1045 2143 idem
1072 2092 1214 2142 creaturae
1229 2089 1309 2143 simul
1325 2089 1441 2158 intelligi
1454 2089 1632 2152 arbitrantur,
1650 2094 1671 2143 1.
1686 2089 1803 2157 9999199
1819 2090 1905 2143 bonos

212 2175 360 2247 utrobique
380 2182 473 2231 manet
492 2177 649 2246 subjectum
674 2183 703 2231 in
726 2175 962 2248 propositionibus
981 2191 1045 2246 apo·
1073 2173 1133 2226 dici
1148 2174 1286 2243 subjectos
1303 2175 1425 2228 vanitati
1442 2183 1468 2228 91
1485 2175 1665 2242 corruptioni
1681 2192 1737 2228 non
1755 2190 1825 2228 suae
1853 2177 1906 2228 sed

212 2262 325 2326 stolicis,
344 2267 377 2316 ut
394 2262 479 2316 series
498 2261 674 2317 connexionis
692 2261 821 2317 ostendit.
1072 2261 1227 2329 bominum,
1253 2260 1353 2329 quibus
1382 2260 1554 2327 inserviunt,-
1579 2263 1606 2313 2.
1633 2259 1669 2312 ab
1699 2260 1752 2312 bac
1779 2260 1905 2316 vanitate

247 2352 289 2402 54.
325 2352 348 2401 9.
379 2347 499 2410 Quidam
528 2363 594 2418 ergo
620 2365 675 2403 999
705 2347 740 2401 (19
765 2348 911 2417 99991199,
937 2363 988 2401 999
1010 2347 1045 2400 (19
1071 2346 1180 2398 eosdem
1200 2347 1374 2415 liberandos,
1392 2349 1507 2414 quando
1525 2353 1596 2399 totus
1615 2346 1736 2397 mundus
1753 2363 1806 2399 sua
1825 2347 1904 2399 vani·

212 2434 350 2497 bumana,
375 2433 423 2487 sed
448 2433 483 2488 (19
502 2434 649 2503 corporali
673 2442 699 2488 et
716 2435 884 2488 irrationali
903 2442 1043 2499 creatura,
1071 2438 1127 2483 tate
1143 2432 1248 2500 peribit
1271 2439 1297 2485 et
1322 2434 1460 2500 paediam
1483 2433 1626 2485 beatorvm
1645 2432 1809 2500 perfectum
1833 2433 1904 2500 erit,-

213 2516 241 2575 h.
269 2536 293 2572 e.
321 2519 356 2573 (19
383 2525 442 2574 1919
467 2519 646 2575 universitate
673 2526 817 2576 creaturae
843 2518 993 2590 corporalis
1018 2526 1043 2572 et
1071 2519 1097 2570 3.
1121 2517 1304 2586 inpemiscere
1329 2535 1375 2572 eos
1402 2535 1437 2571 99
1460 2519 1557 2572 dolere
1585 2535 1635 2572 999
1665 2519 1791 2586 quodam
1811 2520 1905 2574 modo.

211 2604 317 2658 ratione
344 2606 479 2668 99199119,
510 2623 583 2675 9999
614 2604 823 2677 comprehcndit
853 2604 958 2666 999199,
992 2604 1044 2657 ele·
1075 2604 1109 2656 Ut
1137 2605 1211 2657 enim
1239 2605 1381 2657 laetantur
1414 2620 1499 2672 super
1530 2611 1678 2672 peccatore
1704 2604 1905 2672 poenitentiam

212 2690 647 2761 9199199119999999191999119
669 2693 835 2756 9999111919,
859 2691 949 2746 199991
977 2707 1045 2760 999·
1073 2693 1170 2756 a'pente
1193 2689 1261 2744 Luc.
1284 2696 1323 2758 15,
1338 2707 1363 2744 v.
1388 2695 1426 2745 ¹0.
1450 2690 1491 2743 sic
1515 2691 1550 2744 ob
1571 2698 1736 2759 corruptum
1762 2691 1906 2744 bominum

212 2774 337 2830 stolicum
361 2783 510 2847 99999991.
544 2766 589 2832 119
613 2784 738 2833 91919991
762 2794 795 2831 99
821 2776 936 2833 Graecis
960 2777 1044 2847 patri-
1071 2784 1175 2830 statum
1200 2779 1309 2839 dotent,
1336 2795 1419 2831 99999
1444 2778 1575 2831 numanae
1599 2783 1712 2830 nostrae
1736 2777 1905 2841 afficiuntur

212 2860 264 2915 bus
288 2861 510 2933 chrysostomus,
536 2863 737 2927 Theodoretus,
762 2862 991 2935 Theophylactus
1016 2868 1044 2918 91
1072 2870 1098 2914 91
1121 2862 1244 2932 91991919
1261 2863 1391 2932 filioram
1415 2863 1483 2932 Dei,
1505 2882 1562 2931 per
1584 2881 1667 2932 99919
1692 2864 1805 2918 ruinam
1823 2881 1905 2918 99919

105 2946 395 3003 11-1109991999199
415 2950 444 3004 19
463 2966 560 3005 999191.
581 2951 608 3005 h.
628 2952 645 3004 1.
667 2950 829 3005 9111911919
855 2949 980 3004 Hilarius
996 2950 1043 3004 lib.
1071 2950 1162 3001 sciunt
1179 2965 1237 3003 9999
1257 2951 1460 3018 reparandam,
1484 2958 1620 3019 exoptant.
1655 2949 1694 3003 At
1718 2948 1787 3004 11999
1812 2949 1906 3005 991919

212 3039 249 3089 11.
273 3034 307 3088 de
330 3033 429 3094 lbinit.
454 3035 617 3090 Ambrosius
640 3036 689 3092 lib.
707 3042 730 3091 1.
754 3035 875 3090 henaim.
903 3042 931 3089 91
947 3042 1044 3090 auctor
1070 3040 1129 3087 tum
1147 3034 1257 3089 demum
1277 3034 1368 3089 locum
1388 3034 1530 3106 haberent,
1556 3037 1579 3090 si
1599 3035 1702 3105 angeli,
1729 3033 1905 3107 9119119999

208 3121 467 3175 commentariorum
498 3121 527 3176 in
553 3122 632 3192 epist.
662 3121 756 3188 Pauli,
786 3122 834 3191 qui
858 3120 910 3176 sub
934 3121 1044 3176 nomine
1070 3125 1214 3174 creaturae
1235 3136 1403 3190 corporeae,
1424 3121 1516 3190 impiis
1536 3121 1717 3190 inservirent,
1742 3121 1813 3176 illud
1831 3121 1904 3176 euim

209 3203 350 3261 Ambrosii
377 3207 406 3260 in
432 3207 562 3277 operibus
588 3208 647 3277 ejus
678 3212 802 3275 exstant,
828 3213 857 3260 91
884 3223 915 3261 99
942 3207 1043 3261 nostris
1070 3206 1212 3260 9911111991
1232 3207 1373 3276 apostolus
1391 3207 1540 3278 praecipue
1558 3207 1611 3263 hoc
1630 3208 1904 3264 locouomiueeani·

209 3290 336 3361 plerique
357 3309 458 3348 omues.
493 3292 633 3347 Probatur
661 3292 730 3347 baec
753 3291 943 3362 interpretatio
966 3294 989 3354 1)
1010 3306 1043 3342 99
1070 3293 1135 3344 tritis
1153 3291 1291 3363 intelligit,
1309 3298 1341 3346 ut
1358 3293 1537 3349 ostendimus.
1572 3293 1636 3349 1991
1659 3294 1829 3366 1919999911
1849 3295 1904 3366 9119

211 3385 359 3431 menturae
382 3379 585 3450 appellatione.
627 3386 724 3441 Κτίσις
751 3380 870 3447 proprie
894 3377 1043 3445 sipnifirat,
1070 3378 1206 3432 duntaxat
1227 3379 1388 3433 inserviunt.
1429 3379 1524 3445 Adde,
1555 3379 1629 3449 quod
1654 3379 1690 3433 sit
1713 3379 1808 3449 (119991
1833 3379 1905 3435 19119

211 3463 346 3535 quidquid
363 3470 405 3520 est
429 3481 446 3519 9
469 3466 531 3520 Deo
548 3470 680 3533 creatum,
707 3471 795 3519 191919
821 3463 926 3518 99111991
949 3463 1043 3516 mundi
1070 3464 1142 3519 inter
1176 3466 1316 3520 laetitiam
1347 3482 1383 3518 ac
1414 3465 1570 3521 tristitiam.
1618 3465 1772 3520 Laetantur
1808 3465 1904 3538 angeli

211 3549 366 3604 machinam
402 3567 465 3605 cum
501 3551 630 3605 omnibus
668 3551 794 3622 partibus
833 3556 862 3605 91
898 3549 1043 3604 999199119.
1070 3551 1261 3620 peccatoribus
1296 3551 1497 3622 poenitentiam
1538 3551 1701 3622 agentibus,
1749 3553 1815 3623 quia
1857 3551 1905 3607 hic

212 3634 298 3706 Syrus
318 3635 584 3712 19111191ῃῄ99
607 3638 664 3692 rad.
682 3638 775 3710 ⁸72¹,
801 3637 915 3691 creavit.
952 3636 976 3701 1)
996 3637 1043 3689 Es
1070 3636 1187 3691 affectus
1216 3653 1272 3691 nou
1299 3641 1408 3708 pugnat
1435 3652 1498 3690 cum
1527 3637 1616 3708 gloria
1643 3642 1671 3692 et
1699 3635 1848 3708 felicitate,
1875 3638 1905 3693 19

211 3722 353 3777 invariata
366 3724 538 3793 repetitione.
562 3723 714 3793 Apostolus
729 3723 757 3775 in
771 3726 890 3792 quatuor
907 3720 1044 3775 distinctis
1070 3739 1126 3794 qua
1155 3722 1288 3777 divinitus
1315 3722 1469 3777 confirmati
1499 3729 1579 3791 sunt3
1609 3724 1714 3779 tristari
1746 3729 1840 3778 autem
1871 3740 1905 3779 aa

210 3807 354 3864 versiculis
372 3826 472 3864 nomeu
490 3818 639 3864 creaturae
657 3815 755 3881 quater
773 3807 875 3876 repetit
901 3807 960 3861 sinc
986 3807 1044 3861 9119
1071 3809 1163 3862 dolere
1182 3809 1294 3864 minime
1312 3815 1442 3879 possunt,
1467 3812 1533 3880 quia
1552 3809 1667 3864 tristitia
1690 3815 1719 3864 et
1738 3807 1817 3865 dolor
1842 3826 1906 3865 cum
1920 3835 1961 3878 n,
1975 3834 2002 3875 99

210 3892 376 3963 1911911999,
401 3903 609 3966 999991919199
632 3893 730 3965 919991
756 3893 841 3947 (191119
866 3893 919 3946 1199
944 3908 1043 3946 nornen
1071 3893 1202 3948 felicitate
1222 3896 1271 3948 1119
1287 3900 1404 3966 pugnat,
1431 3895 1458 3948 19
1478 3894 1556 3949 99919
1581 3895 1653 3949 enim
1678 3911 1728 3951 999
1753 3895 1838 3950 dolor
1856 3914 1907 3951 999

210 3993 278 4034 voce
303 3981 367 4045 alia,
392 3981 445 4036 nisi
468 3988 623 4037 creaturam
649 3980 816 4052 generaliter
840 3985 982 4048 acceptam
1001 3978 1041 4031 19-
1071 3983 1188 4049 ponitus
1205 3982 1292 4052 Apoc.
1315 3987 1337 4034 7.
1372 3979 1559 4050 Explicationi
1579 3980 1614 4035 dc
1631 3980 1774 4051 spiritibus
1792 3981 1838 4053 pis
1856 3981 1906 4037 (19·

210 4062 337 4136 telligere
355 4067 493 4123 voluisset.
529 4070 555 4133 3)
585 4069 632 4119 Ea
656 4066 780 4120 otiorum
804 4064 930 4118 locorum
955 4064 1042 4118 colla·
1069 4067 1228 4122 functorum
1247 4065 1332 4121 robur
1351 4066 1464 4136 aliquod
1483 4068 1578 4137 quaeri
1602 4074 1698 4138 posset
1716 4085 1750 4122 ex
1769 4085 1810 4134 eo,
1830 4069 1905 4139 quod

211 4151 292 4204 tione.
334 4151 397 4222 Sap.
429 4158 474 4221 11,
500 4172 526 4210 v.
555 4160 584 4208 b:
627 4152 654 4204 11
681 4152 874 4217 19999119άί99
899 4158 924 4205 91
951 4151 1043 4219 specio
1069 4154 1157 4222 Apoc.
1179 4159 1203 4222 6,
1230 4154 1626 4223 11199191999199199999
1650 4153 1723 4209 diem
1743 4154 1845 4224 judicii
1870 4170 1905 4209 ac

215 4243 242 4289 91
265 4238 405 4293 creaturis
421 4256 474 4309 per
493 4240 658 4306 9991991919
677 4245 828 4305 perorator
846 4237 963 4291 illorum
980 4255 1043 4290 eon·
1070 4239 1278 4295 resurrectionis
1296 4239 1402 4295 solicite
1422 4245 1583 4311 exspectare
1602 4240 1746 4310 dicuntur3
1771 4240 1819 4294 sed
1839 4240 1906 4312 qnia

211 4322 340 4390 spiritur.
375 4324 454 4381 Rom.
483 4333 505 4388 1,
527 4343 550 4378 1.
576 4329 622 4381 20:
658 4323 821 4377 invisibilia
849 4323 906 4375 Dei
930 4342 948 4376 a
966 4340 1043 4376 crea·
1069 4325 1175 4378 animas
1201 4325 1328 4380 coelestis
1352 4325 1457 4396 glorias
1484 4325 1634 4396 participes
1657 4325 1784 4395 jamdum
1813 4325 1904 4382 199199

211 4417 278 4463 tura
296 4413 396 4465 numdi
407 4427 464 4480 per
483 4428 525 4478 eo,
544 4427 616 4479 9999
635 4411 716 4469 facta
734 4418 806 4476 sunt,
826 4408 1044 4478 conspiciuntur,
1070 4411 1192 4465 vanitati
1208 4413 1301 4465 adbuc
1321 4412 1460 4479 subjectas
1481 4421 1508 4465 et
1527 4429 1547 4464 a
1564 4413 1697 4464 seruitute
1712 4413 1905 4481 corruptionis

211 4493 258 4549 ubi
277 4496 453 4551 manifestum
472 4501 515 4550 cst
532 4512 631 4550 nomen
651 4502 762 4557 κτίσεως
780 4511 830 4564 919
848 4493 949 4549 visibili
969 4511 1043 4548 crea·
1071 4497 1163 4549 adbuc
1197 4497 1365 4551 liberandas
1392 4501 1513 4550 statuere
1541 4512 1675 4566 perquam
1703 4497 1817 4566 (191991,
1841 4495 1904 4552 ideo

211 4586 274 4636 tura
292 4582 389 4653 accipi.
426 4584 454 4645 4)
481 4585 525 4635 Ea
549 4582 732 4654 oppositione.
769 4581 919 4637 Creaturae
943 4580 990 4645 illi,
1009 4581 1043 4634 (19
1071 4598 1117 4636 999
1141 4599 1158 4636 9
1179 4582 1325 4637 latitudine
1353 4581 1472 4652 subjecti
1497 4582 1525 4636 in
1548 4587 1626 4638 textu
1643 4582 1794 4653 apostolico
1813 4584 1904 4638 seclu-

211 4682 268 4737 qua
283 4667 753 4739 9999191991.19.10.11.9111.
774 4666 841 4738 egit,
868 4672 1045 4737 opponuntur
1071 4668 1170 4722 dimus.
1215 4667 1244 4723 Si
1277 4667 1341 4738 quis
1367 4682 1433 4721 1919
1458 4667 1569 4722 9919199
1595 4677 1709 4724 sanctos
1735 4671 1852 4739 9999199
1880 4678 1905 4724 91

211 4755 452 4821 9191991999,
477 4761 505 4808 91
532 4754 642 4825 quidem
658 4755 717 4822 filii
735 4755 796 4807 Dei
821 4755 951 4823 spiritam
975 4756 1044 4809 aaa·
1071 4755 1182 4808 animas
1201 4755 1250 4823 pie
1276 4754 1476 4819 desumtornm
1508 4753 1620 4810 nomine
1648 4759 1792 4811 creaturae
1822 4754 1906 4811 simul

208 4839 319 4908 ptionis
349 4839 487 4894 babentes.
526 4839 616 4909 1)Ε9
645 4840 800 4904 sufficienti
828 4841 1043 4898 anammatione.
1072 4839 1139 4893 19111
1166 4837 1335 4908 intelligere,
1363 4838 1386 4891 is
1419 4839 1520 4908 poterit
1545 4857 1572 4893 1.
1608 4845 1647 4896 19.
1681 4839 1728 4894 ubi
1760 4842 1906 4910 indefinite

211 4923 239 4979 Si
258 4924 332 4979 enim
352 4942 404 4979 nec
422 4926 557 4997 angelica,
577 4943 628 4980 nec
646 4926 908 4981 humanacreatura
927 4926 1044 4997 intelligi
1071 4925 1184 4996 ponitur
1210 4930 1353 4980 creaturae
1381 4927 1723 4999 991999,(19991991911,
1753 4928 1906 4985 1191111191

211 5015 315 5079 potest,
344 5016 378 5064 ut
405 5011 588 5080 ostendimus,
615 5011 711 5084 utique
738 5030 804 5084 ergo
831 5019 959 5067 creatura
986 5028 1045 5066 cor·
1070 5012 1199 5066 rationali
1225 5017 1351 5066 creatura
1378 5013 1513 5084 accipere,
1537 5015 1585 5069 sed
1611 5033 1637 5071 1.
1662 5019 1701 5070 11.
1724 5015 1775 5070 ubi
1791 5015 1906 5071 additur

211 5111 310 5166 porea,
335 5096 454 5151 1191111119
480 5104 509 5153 91
535 5099 701 5153 irrationalis
727 5098 899 5169 intelligitur.
946 5101 971 5166 6)
998 5098 1044 5151 Es
1067 5099 1213 5167 particum
1230 5100 1409 5165 universatis,
1433 5100 1550 5167 9919αή
1575 5109 1669 5168 κτίσις,
1698 5103 1727 5157 19
1750 5118 1852 5172 genere
1870 5103 1907 5158 de

211 5183 394 5250 interpretum
412 5183 614 5249 testificatione.
650 5185 730 5239 Multi
756 5185 828 5238 99191
853 5201 886 5237 99
904 5183 1044 5237 1919111199
1071 5185 1144 5238 omni
1163 5188 1226 5238 ente
1246 5191 1347 5249 919919,
1367 5185 1402 5240 de
1423 5190 1485 5241 tota
1503 5186 1573 5242 entis
1601 5187 1672 5242 liniti
1693 5187 1841 5243 latitudine
1859 5205 1905 5244 ac-

211 5273 240 5321 et
262 5267 462 5322 19999119111199
488 5269 528 5324 119
551 5270 783 5339 19191919199191,
808 5277 840 5324 91
863 5268 1042 5322 ostendimus.
1070 5270 1171 5339 cipere,
1197 5270 1335 5341 quomodo
1358 5270 1495 5342 accipitur
1518 5272 1618 5328 budith
1646 5279 1685 5341 16,
1700 5291 1725 5328 v.
1752 5280 1790 5329 11.
1815 5274 1904 5346 Apoc.

211 5352 339 5408 Diximus
359 5361 460 5421 autem,
477 5355 597 5427 intelligi
614 5365 775 5410 creaturam
788 5370 961 5424 corpoream,
979 5355 1043 5408 visi-
1070 5362 1094 5423 3,
1104 5374 1130 5410 1.
1150 5363 1189 5413 14.
1201 5374 1293 5427 asper
1310 5358 1546 5426 inpensiscentiam
1561 5366 1588 5413 et
1596 5360 1814 5429 parturitionem
1822 5361 1905 5417 vehe-

213 5440 294 5493 br'tem
313 5448 339 5493 et
353 5442 588 5510 immionabslem,
612 5448 644 5496 ut
662 5441 698 5496 ab
723 5441 776 5496 hoc
800 5441 926 5512 subjecto
943 5458 1043 5511 propo·
1070 5459 1146 5497 mens
1172 5442 1339 5498 desiderium
1364 5444 1470 5514 absque
1497 5444 1552 5500 ullo
1578 5444 1682 5501 doloris
1708 5452 1736 5500 et
1761 5447 1905 5502 molestiae

212 5525 318 5581 sitionis
337 5527 507 5598 spostolicae
524 5526 704 5583 excludamus
726 5528 842 5595 9999199
867 5535 893 5582 st
911 5529 1042 5584 bominss.
1069 5545 1152 5584 sensu
1168 5527 1333 5602 intelligere.
1370 5530 1463 5585 Fateri
1497 5529 1609 5585 19191191
1640 5536 1770 5602 cogetur,
1802 5531 1904 5590 nihilo-

211 5611 248 5666 Et
283 5628 351 5667 9999
393 5613 509 5684 angelos
548 5610 635 5668 malm
676 5612 723 5668 hic
759 5613 883 5684 excludi,
926 5612 1042 5671 dubium
1068 5614 1160 5671 minus
1176 5614 1212 5670 ab
1230 5616 1283 5671 1199
1299 5621 1444 5671 creaturae
1456 5613 1664 5672 universalitate
1680 5615 1770 5688 excipi
1788 5618 1905 5686 9999191
