4050 6014
729 220 781 276 DE
801 221 986 281 EXTREMO
1003 225 1166 285 JUDICIO.
1479 259 1482 262 ·
1754 238 1803 298 93,

95 377 162 428 sunt
171 373 201 426 in
210 372 293 429 domo
305 371 419 428 turbata
428 388 462 427 aa
474 373 571 440 tristia,
589 374 630 429 sic
647 375 759 446 quando
774 376 804 429 in
816 374 932 447 propin·
959 394 1019 433 esse
1038 378 1119 450 signa
1138 379 1314 435 adventantis
1332 379 1388 435 diei
1406 380 1548 435 novissimi
1569 386 1597 436 et
1612 382 1670 439 irae
1685 383 1795 439 divinae

96 475 151 528 quo
177 466 233 525 est,
262 466 294 513 ut
312 458 440 513 coelestis
468 458 667 529 paterfamilias
685 469 818 531 assarpat
836 464 878 515 acl
892 462 932 515 lo·
960 463 1092 518 adversus
1111 465 1219 533 impios,
1240 465 1365 535 quamvis
1384 483 1416 520 ex
1437 465 1528 520 causis
1548 467 1722 523 naturalibus
1741 469 1795 522 ori·

96 546 236 612 quandam
247 563 308 597 cam
318 545 451 598 acclesiae
460 544 582 598 hostibus
592 546 622 599 ia
631 547 676 598 ira
687 564 740 600 sua
750 555 774 599 at
784 548 813 600 in
824 550 932 615 farore
959 549 1052 618 ginem
1072 550 1173 604 ducere
1191 550 1344 606 videantur.
1372 550 1611 614 Quemadmodum
1631 553 1722 606 morbi
1735 572 1795 608 cor-

95 647 146 682 sao
166 630 231 684 illos
241 631 449 683 conturbandos
466 629 569 684 Psalm.
579 637 603 698 2,
613 650 637 685 v.
650 638 672 687 5.
690 638 756 686 tunc
766 638 842 687 totus
852 651 929 687 mun·
955 636 1039 704 pora
1065 645 1129 690 sunt
1163 638 1244 707 signa
1275 637 1370 691 mortis
1403 654 1452 691 suo
1485 642 1609 706 tempore
1639 645 1794 702 secuturae,

93 714 159 780 dus,
186 715 232 784 qui
261 721 304 768 est
325 714 378 768 Dei
402 714 516 784 domus,
536 715 760 786 conturbabitur,
788 724 931 772 creaturae
958 720 1066 774 etiamsi
1085 720 1184 787 infans,
1204 738 1281 791 puer,
1302 723 1462 777 adolescens
1477 729 1529 779 etc.
1550 741 1581 778 ex
1597 723 1692 778 morbo
1706 725 1789 779 inter·

92 817 187 855 omnes
207 799 351 870 lugebunt,
371 801 442 855 coeli
455 800 601 855 luminaria
620 802 704 870 pullis
724 803 848 857 vestibus
865 803 931 857 ami·
958 805 1024 859 dnm
1054 807 1243 876 convalescat,
1276 823 1366 876 neque
1394 807 1552 862 immediate
1581 809 1692 863 morbos
1721 825 1794 863 mars

44 892 79 934 aa.
93 884 202 939 cientur
221 903 254 939 ac
276 886 464 941 omniserunt
484 887 592 940 diraae
610 887 709 941 tristia.
738 889 930 958 Aueteroper.
958 899 1158 962 consequatnr;
1190 893 1229 946 sic
1257 893 1374 962 eclipses
1401 898 1429 946 et
1455 893 1510 946 alia
1539 894 1619 963 signa
1642 912 1659 948 a
1684 894 1793 949 Christo

93 971 201 1041 imperf.
229 971 322 1027 homil.
340 977 384 1027 49.
403 972 430 1025 in
452 972 565 1026 Matth.:
599 975 821 1038 Patrafams'lias
848 976 931 1028 mari·
958 984 1172 1032 commemorata
1198 995 1253 1033 non
1272 977 1402 1031 desinunt
1422 995 1480 1032 csse
1499 979 1580 1049 signa
1599 980 1793 1034 consummati·

94 1065 155 1111 amc
173 1066 233 1111 toto
253 1058 316 1127 ejas
337 1059 436 1110 damas
450 1061 586 1126 turbatur,
606 1061 695 1113 omnis
714 1060 831 1125 famil-ia
845 1061 930 1129 plaa—
957 1064 1018 1119 onis
1037 1063 1131 1132 seculi,
1152 1064 1276 1134 quamvis
1294 1064 1349 1117 illis
1369 1065 1452 1119 toties
1469 1067 1527 1134 jam
1549 1067 1704 1135 conspectis
1715 1085 1792 1120 mnn-

93 1144 145 1211 pit,
160 1151 186 1195 et
214 1144 362 1196 coascimia
384 1144 485 1196 turricis
513 1145 572 1197 saia
598 1145 689 1212 aiyris
712 1162 741 1197 aa
769 1147 931 1214 cooperiunt
957 1149 1009 1202 dus
1027 1151 1150 1205 nondum
1177 1149 1259 1203 finem
1283 1149 1392 1203 habeat.
1429 1154 1454 1216 2)
1482 1150 1557 1205 Inter
1581 1152 1664 1220 sipna
1689 1151 1794 1204 aemilii

93 1229 278 1292 aestimastis,-
297 1230 339 1282 sic
359 1227 480 1282 bumana
496 1246 595 1297 perrara
616 1231 694 1283 circa
712 1231 812 1284 abitum
831 1232 930 1284 comti-
957 1235 1211 1306 Hierosolymitani,
1232 1251 1303 1304 quae
1319 1241 1417 1304 typum
1436 1243 1537 1306 gerunt
1555 1236 1697 1307 signorum
1720 1236 1792 1289 diem

93 1322 151 1368 tata
168 1323 240 1369 tatus
260 1315 444 1369 contratatur
462 1319 590 1383 mandas,
608 1317 739 1370 siaioersa
756 1319 830 1372 coeli
847 1318 927 1371 mini·
956 1320 1135 1375 novissimum
1164 1320 1403 1389 praecedentium,
1432 1328 1612 1375 numerantur
1640 1322 1722 1374 etiarn
1750 1338 1791 1388 ea,

93 1401 181 1455 steria
200 1401 296 1471 lapaut
314 1409 339 1455 et
354 1403 478 1454 candore
498 1403 626 1470 deposita
652 1404 788 1458 lactuosis
810 1405 930 1458 tenebris
955 1424 1027 1478 quae
1048 1423 1145 1460 causas
1165 1405 1269 1459 habent
1297 1406 1414 1461 inor-ales
1439 1423 1471 1460 ac
1496 1407 1653 1470 naturales,
1676 1415 1707 1459 ut
1731 1424 1791 1475 per-

93 1490 254 1542 vestiaatar.
276 1488 305 1555 6)
320 1486 418 1541 Matth.
433 1493 474 1556 24,
485 1504 512 1544 v.
527 1493 568 1542 29.
587 1488 654 1542 dicit
668 1488 807 1544 Christus:
827 1489 929 1544 Statim
955 1493 1118 1556 mentiones,
1139 1490 1220 1554 bella,
1241 1491 1425 1560 pestilentiae,
1447 1491 1533 1544 fames
1554 1498 1603 1545 stc.
1631 1495 1657 1559 3)
1679 1491 1792 1544 Sesites
1806 1501 1860 1543 xix.
1875 1501 1922 1545 aaa.

90 1581 155 1641 pact
175 1574 385 1626 tribulationem
398 1574 507 1625 dieram
527 1574 642 1627 illorum
662 1575 707 1627 sol
727 1576 930 1643 absmarabitar,
956 1580 1052 1645 maris,
1071 1579 1119 1648 qui
1137 1577 1307 1645 intersigna
1332 1577 1430 1646 judicii
1448 1594 1465 1630 a
1483 1576 1593 1631 Christo
1613 1593 1790 1631 connumera·

93 1658 140 1713 ubi
158 1659 229 1713 iuter
251 1658 456 1714 tribulationem
475 1666 503 1713 et
520 1661 600 1731 signa
618 1659 667 1713 illa
686 1660 831 1715 discrimen
850 1660 926 1715 facit.
955 1671 1009 1734 tur,
1030 1682 1086 1719 nou
1104 1663 1194 1716 minus
1215 1679 1297 1732 quam
1317 1661 1409 1714 fluxus
1429 1679 1462 1715 ac
1483 1661 1605 1715 refluxus
1625 1663 1706 1716 maris
1725 1680 1788 1716 cau·

93 1745 167 1816 Ergo
193 1763 242 1814 per
261 1744 482 1800 obscurationem
508 1745 573 1800 solis
601 1751 629 1799 et
654 1746 744 1806 lunae:
759 1763 815 1802 non
836 1753 929 1816 potest
955 1767 999 1804 sas
1021 1748 1162 1803 naturales
1188 1747 1290 1802 habere
1314 1764 1331 1800 a
1352 1747 1472 1815 physicis
1497 1747 1627 1805 creditur.
1663 1752 1689 1814 4)
1711 1749 1789 1803 Chri·

92 1836 287 1906 μεταφορικώς
305 1836 413 1885 tantum
432 1831 574 1886 tribulatio
595 1830 719 1900 intelligi.
955 1843 1013 1889 stus
1030 1835 1142 1904 praevia
1159 1833 1205 1886 illa
1227 1833 1307 1903 signa
1325 1849 1381 1888 non
1399 1839 1482 1888 vocat
1503 1839 1602 1907 τίρατα
1618 1833 1666 1886 sed
1681 1841 1790 1907 σημεῖα,

127 1922 168 1971 97.
204 1917 258 1979 Qui
282 1922 319 1987 τῷ
338 1921 410 1993 ῥητῷ
432 1916 580 1972 verborum
599 1915 744 1983 insistunt,
777 1917 877 1971 iterum
900 1918 927 1972 in
954 1920 1030 1990 quod
1051 1927 1210 1974 estnomen
1230 1919 1369 1988 generale.
1395 1923 1420 1985 5)
1442 1918 1505 1974 Non
1523 1918 1634 1971 unicum
1655 1919 1790 1974 duntaxat

93 2002 162 2056 duas
181 2002 286 2056 abeunt
305 2002 418 2057 classes.
451 2008 472 2058 l.
491 2002 611 2066 Quidam
629 2002 701 2056 enim
716 2004 797 2073 signa
815 2020 832 2056 a
848 2002 928 2058 chri·
954 2006 1062 2076 signnm
1082 2022 1131 2075 per
1148 2022 1177 2058 se
1198 2011 1225 2058 et
1243 2002 1385 2070 absolute,
1411 2004 1459 2057 sed
1477 2004 1570 2057 omnia
1592 2004 1674 2057 simul
1699 2011 1789 2058 sumta

93 2095 135 2143 sto
153 2088 295 2157 praedicta
313 2088 454 2158 accipiunt
464 2088 498 2142 de
513 2087 660 2157 prodipiis
673 2087 838 2158 quibusdam
850 2105 925 2158 pror·
954 2098 1035 2146 erunt
1053 2096 1212 2150 συντελείας
1229 2097 1278 2143 τοῦ
1294 2084 1402 2162 κόσμου
1423 2088 1509 2158 signa
1545 2088 1619 2158 Erga
1648 2106 1702 2142 nen
1726 2106 1789 2160 pro·

93 2190 139 2226 sus
160 2173 371 2242 hyperphyaicie
396 2179 425 2227 et
451 2174 636 2242 antiphpsicis
658 2179 723 2226 ante
748 2173 926 2227 novissimum
953 2177 1027 2231 cedit
1046 2179 1249 2246 argumentum.
1289 2174 1415 2242 Eelipses
1434 2173 1574 2226 naturales
1593 2191 1649 2228 non
1673 2181 1790 2243 possunt

92 2257 163 2311 diem
197 2259 290 2312 adhue
322 2259 522 2328 exspectandis.
570 2260 639 2312 Cum
670 2258 741 2312 enim
775 2259 926 2314 astronomi
953 2278 1012 2315 esse
1032 2261 1087 2314 diei
1106 2259 1271 2315 novissimae
1289 2260 1382 2329 signa,
1410 2259 1475 2329 quia
1498 2263 1556 2325 jam
1581 2259 1646 2313 olim
1670 2258 1789 2315 fuerunt.

93 2360 190 2399 causas
210 2345 377 2398 naturalium
394 2344 536 2414 eclipsinm
558 2362 591 2399 ex
610 2344 742 2398 scientiae
762 2362 829 2397 suae
854 2345 926 2413 prin·
954 2346 1034 2400 Hanc
1053 2345 1168 2401 Lutheri
1189 2353 1217 2398 et
1234 2344 1351 2398 aliorum
1366 2344 1545 2409 sententiam,
1573 2350 1637 2397 utut
1665 2361 1720 2399 non
1740 2345 1789 2397 im-

92 2430 171 2499 cipiis
192 2436 340 2497 arcessant,
360 2448 477 2499 eumque
492 2431 550 2499 jam
570 2431 634 2484 inde
655 2446 672 2483 a
693 2429 786 2483 mundi
811 2431 926 2498 primor·
953 2432 1125 2502 probabilem
1149 2431 1321 2501 judicemus,
1351 2431 1418 2483 nihil
1446 2437 1539 2484 tamen
1569 2430 1787 2500 praejudicatum

92 2514 144 2568 diis
164 2515 230 2571 solis
255 2524 282 2569 et
304 2516 386 2569 lunae
412 2516 528 2584 eclipses
553 2532 608 2570 uon
636 2514 739 2578 minus,
764 2533 846 2585 quarn
874 2516 927 2570 hoe
953 2520 1080 2573 volumus
1100 2518 1144 2572 vel
1163 2516 1256 2571 futuro
1277 2517 1398 2576 eventui,
1424 2517 1469 2570 vel
1488 2514 1604 2570 aliorum
1624 2517 1790 2585 interpreta-

92 2607 186 2656 nostro
202 2610 325 2671 tempore
344 2601 501 2672 frequentes
527 2599 644 2667 fuerint,
671 2600 734 2654 ideo
762 2600 926 2669 existimant,
953 2604 1075 2659 tionibus
1093 2603 1158 2657 fidei
1180 2602 1325 2672 analogiae
1345 2603 1484 2672 congruis.

91 2688 207 2758 eclipses
224 2686 294 2750 illas,
314 2703 385 2758 quae
404 2687 476 2741 inter
496 2686 577 2756 signa
597 2685 652 2739 diei
666 2685 805 2740 novissimi
822 2685 926 2740 aOhri·
988 2696 1028 2746 93.
1067 2697 1087 2745 i.
1113 2690 1154 2742 De
1175 2688 1261 2758 signis
1276 2706 1366 2756 supra
1383 2707 1434 2741 uos
1460 2688 1487 2740 in
1509 2686 1642 2742 creaturis
1665 2684 1790 2740 coelesti·
1804 2702 1822 2742 1.
1838 2703 1909 2752 supr·

92 2781 134 2828 sto
155 2772 320 2839 referuntur,
348 2790 403 2827 non
419 2789 502 2842 posse
523 2773 558 2827 de
578 2771 748 2843 vulgaribus,
779 2773 925 2828 ordinariis
954 2776 1005 2829 bus
1022 2777 1148 2831 Christus
1167 2776 1206 2827 sic
1226 2774 1361 2843 loquitur:
1383 2781 1404 2830 1.
1425 2777 1518 2826 Erant
1536 2774 1617 2839 sicca
1639 2773 1668 2824 ia
1685 2773 1744 2825 sola
1765 2765 1923 2847 “niri'im

91 2865 120 2913 et
136 2859 310 2913 naturalibus
328 2859 393 2914 solis
412 2876 444 2912 ac
464 2859 545 2913 lunae
573 2857 726 2913 defectibus
753 2859 854 2928 accipi,
877 2858 926 2912 sed
952 2863 1021 2915 lanc
1043 2862 1109 2914 Luc.
1130 2864 1172 2925 21,
1189 2876 1214 2910 v.
1234 2865 1274 2914 25.
1300 2860 1329 2912 id
1353 2859 1452 2929 reliqui
1474 2858 1663 2929 evangelistae
1683 2858 1722 2911 sic
1742 2874 1787 2911 ex·
1803 2859 1900 2901 02¹⁰¹¹⁸0

92 2946 292 3015 exspectandas
325 2963 384 3000 esse
416 2946 549 3015 quasdam
581 2944 736 3015 singulares
767 2951 794 2998 et
831 2961 925 3013 super·
952 2954 1069 3016 ponunt:
1101 2946 1145 2998 sol
1164 2945 1358 2997 obscurabitur
1379 2953 1403 2996 et
1423 2946 1492 2997 lesco
1513 2963 1569 2996 non
1589 2945 1669 2995 dabit
1696 2944 1787 2997 ticinen

91 3032 231 3086 naturales
257 3032 374 3101 eclipses
399 3048 460 3084 cum
487 3030 531 3084 die
559 3030 709 3086 novissimo
734 3029 857 3098 proxime
881 3049 925 3086 eo·
952 3052 1039 3097 sitam,
1069 3031 1168 3086 Matth.
1192 3036 1233 3097 24,
1254 3049 1279 3083 v.
1300 3036 1340 3085 29.
1373 3031 1458 3086 Marc.
1482 3037 1519 3095 13,
1540 3047 1563 3082 v,
1588 3036 1628 3084 24.
1664 3029 1787 3082 Primum

90 3117 244 3185 haerentes,
263 3125 294 3172 nt
311 3119 377 3188 quia
396 3118 543 3188 peculiaris
555 3134 648 3171 earum
658 3116 759 3170 debeat
768 3132 828 3171 esse
842 3118 925 3188 signi·
952 3119 1037 3188 igitur
1054 3118 1164 3188 signum
1182 3123 1224 3170 est
1244 3116 1314 3169 solis
1333 3134 1368 3168 ac
1385 3117 1468 3169 lernae
1488 3117 1624 3174 defectas.
1665 3117 1688 3181 1)
1718 3114 1785 3177 Qui·

89 3202 191 3269 ficatio,
211 3204 274 3258 ideo
292 3204 375 3257 etiam
393 3203 540 3272 peculiaris
558 3218 651 3256 earum
670 3208 808 3255 statuatur
827 3210 927 3256 natura
952 3204 1016 3257 dam
1037 3203 1177 3272 accipiunt
1197 3203 1231 3256 ds
1249 3203 1350 3269 eclipsi
1364 3220 1422 3253 aaa
1447 3201 1490 3253 vel
1513 3201 1645 3268 plaribrm
1667 3216 1787 3267 prorem

90 3293 119 3342 et
135 3289 287 3359 generatio.
317 3288 354 3341 Et
373 3304 438 3343 sane
459 3305 514 3342 nan
535 3304 701 3357 magnopere
716 3286 925 3356 refragabimur,
948 3291 1126 3358 prodiqiosis
1161 3296 1186 3340 et
1214 3287 1520 3356 praeternaturalibus,
1553 3304 1615 3338 cum
1647 3286 1785 3338 naturales
1815 3324 1819 3337 .

90 3391 145 3445 quo
165 3375 255 3428 minus
273 3374 401 3444 prodigia
419 3374 555 3444 quaedam
574 3373 783 3443 hyperphysica
808 3380 836 3427 et
853 3374 926 3426 anti·
951 3375 1065 3444 eclipses
1084 3391 1134 3427 nee
1152 3374 1260 3427 ratione
1284 3370 1470 3441 frequentiae,
1499 3387 1550 3423 nec
1581 3371 1687 3424 ratione
1710 3371 1785 3424 ordi·

90 3460 208 3530 physica
228 3477 260 3514 ac
279 3461 395 3530 proinde
416 3460 499 3513 etiam
520 3459 657 3530 quaedam
672 3459 827 3522 inusitatae,
846 3476 923 3528 prae·
952 3462 1071 3514 nationis
1092 3461 1204 3513 divinae
1224 3459 1304 3528 signa
1327 3458 1426 3526 judicii
1449 3457 1563 3511 extremi
1587 3473 1646 3511 esse
1671 3456 1786 3525 possint.

89 3545 271 3600 ternaturales
290 3555 318 3599 et
337 3562 449 3614 prorsus
468 3544 645 3615 prodigiosae
664 3543 780 3611 eclipses
794 3544 866 3597 diem
876 3561 923 3598 no·
951 3545 1013 3600 Non
1038 3547 1127 3614 prius,
1155 3562 1216 3598 cum
1240 3545 1405 3597 naturalium
1431 3543 1574 3613 eclipsium
1601 3548 1723 3597 omnium
1750 3543 1787 3596 sit

92 3631 230 3685 vissimum
262 3630 385 3700 proxime
418 3638 628 3699 antegressurae
660 3635 829 3690 statuantur,
861 3646 924 3682 cum
951 3633 1046 3684 eadem
1065 3635 1093 3684 et
1111 3630 1234 3699 aequalis
1253 3630 1332 3696 ratio,
1360 3636 1390 3680 ut
1409 3628 1560 3682 astronomi
1582 3628 1785 3699 demonstrant;

91 3718 260 3787 experientia
279 3717 450 3787 superiorum
475 3723 629 3785 temporum
657 3716 823 3778 ostenderit,
851 3732 1005 3817 annoqnon
1024 3718 1169 3787 posterius,
1190 3717 1327 3787 quiajam
1346 3716 1410 3769 inde
1431 3732 1448 3767 a
1469 3715 1563 3768 mundi
1584 3717 1695 3769 exordio
1717 3715 1786 3768 tales

94 3809 167 3861 1572.
186 3820 300 3874 prorsus
319 3819 417 3857 novam
432 3800 540 3856 stellam
555 3802 583 3854 in
597 3801 657 3870 ipsa
673 3803 784 3871 regione
798 3802 938 3855 aetherea·
951 3804 1066 3873 eclipses
1085 3803 1269 3871 contigerunt,
1289 3818 1352 3854 erun
1373 3807 1464 3854 tamen
1483 3801 1593 3856 Christo
1611 3803 1785 3870 propositum

91 3891 119 3944 in
138 3891 218 3960 signo
231 3887 395 3957 Cassiopeae
416 3894 591 3957 conspectam
611 3885 704 3940 fuisse.
734 3888 846 3941 interim
862 3904 924 3940 cnm
950 3889 995 3954 sit,
1014 3888 1081 3942 talia
1102 3887 1214 3942 extremi
1232 3887 1328 3957 judicii
1351 3887 1432 3955 signa
1451 3903 1613 3956 proponere,
1631 3904 1702 3957 quae
1717 3887 1786 3940 illud

91 3976 120 4030 in
138 3975 231 4029 futura
253 3985 354 4028 eventu
373 3973 499 4043 adeoque
519 3973 546 4026 in
566 3973 683 4028 occultis
704 3973 814 4026 divinae
840 3974 924 4027 omni·
951 3974 1074 4044 proxime
1109 3972 1283 4027 antecedant.
1324 3971 1561 4035 Quemadmodum
1599 3973 1685 4042 igitur
1721 3979 1786 4025 ante

92 4063 223 4116 scientiae
250 4060 387 4114 thesauris
419 4060 488 4112 illud
516 4058 607 4113 adhuc
637 4060 723 4114 lateat
752 4060 925 4125 reconditum
951 4059 1126 4113 eductionem
1145 4057 1240 4128 populi
1255 4057 1448 4110 Israeliticiex
1464 4057 1595 4111 servitute
1611 4057 1787 4127 Aegyptiaca

91 4164 126 4201 an
145 4148 212 4200 talia
230 4145 360 4216 prodigia
380 4152 407 4198 et
426 4145 495 4197 tales
514 4145 630 4215 eclipses
645 4162 757 4215 prorsus
770 4145 926 4215 antipbysi·
950 4151 1159 4216 praecesserunt
1194 4144 1340 4195 horribiles
1377 4151 1403 4194 et
1438 4144 1625 4195 miraculosae
1657 4144 1785 4194 tenebrae

91 4249 142 4287 cae
169 4240 196 4285 et
214 4229 447 4285 extraordinariae
476 4237 552 4284 certe
584 4230 674 4284 adhuc
703 4231 854 4300 sperandae
881 4231 925 4285 vel
952 4230 1038 4285 Exod.
1062 4238 1099 4296 io,
1117 4247 1138 4285 v.
1163 4234 1202 4283 22.
1222 4227 1261 4282 ita
1280 4227 1390 4282 finalem
1405 4228 1513 4297 piorum
1532 4246 1564 4281 ex
1584 4227 1715 4296 Aegypto
1736 4227 1785 4278 hu·

90 4319 183 4389 potius
209 4316 373 4371 metuendae
395 4320 473 4382 sunt,
502 4315 564 4369 ideo
589 4320 611 4370 2.
639 4315 776 4369 Lutherus
803 4317 830 4370 in
855 4325 925 4386 post.
948 4320 995 4387 jus
1021 4315 1115 4368 mundi
1139 4313 1329 4368 liberationem
1355 4313 1469 4382 eclipses
1499 4313 1635 4383 quaedam
1664 4320 1784 4381 praeter·

91 4404 204 4460 domest.
220 4418 394 4472 nequaquam
415 4401 564 4453 absurdum
585 4402 690 4455 censeri
706 4401 806 4455 debere
819 4402 925 4465 asserit,
951 4401 1091 4455 naturales
1119 4400 1249 4454 videntur
1277 4407 1477 4452 antecessurae.
1513 4401 1671 4467 Antequam
1697 4397 1785 4450 lsraii·

89 4490 112 4543 si
132 4491 212 4560 signa
231 4488 372 4542 novissimi
391 4486 455 4553 diei,
478 4503 549 4557 quae
568 4485 595 4541 h.
614 4486 632 4542 l.
652 4493 863 4555 enumerantur,
887 4487 926 4541 ita
952 4489 1018 4540 litae
1040 4503 1073 4539 ex
1093 4488 1225 4556 Aegypto
1254 4486 1450 4550 educerentur,
1478 4483 1699 4550 superliminaria
1723 4501 1784 4536 san·

90 4580 250 4643 comparata
269 4578 433 4639 statuantur,
453 4577 485 4624 ut
503 4573 525 4625 si
541 4589 596 4626 non
611 4573 711 4638 omnia,
730 4581 822 4626 tamen
840 4591 924 4643 (μίαν-
951 4573 1035 4642 guine
1055 4570 1250 4641 tingebantur;
1281 4569 1320 4621 sic
1341 4574 1405 4622 ante
1425 4567 1535 4621 finalem
1553 4567 1660 4637 piorum
1685 4567 1795 4647 libera-¹

91 4660 154 4713 darii
185 4677 217 4713 ex
247 4658 314 4727 ipsis
346 4657 437 4711 causis
465 4658 611 4710 videantur
639 4658 741 4711 habere
776 4659 926 4724 naturales,
951 4657 1054 4710 tionem
1071 4657 1140 4708 lisca
1157 4658 1204 4718 tici
1222 4655 1294 4706 sicut
1312 4654 1429 4720 sanquis
1448 4653 1538 4722 Apoc.
1559 4658 1582 4720 6,
1602 4670 1627 4708 v.
1649 4659 1688 4707 12.
1714 4653 1782 4706 Luc.

91 4763 145 4817 quo
162 4745 273 4800 nemine
299 4743 382 4797 etiam
402 4741 438 4796 ab
462 4743 552 4812 impiis
576 4749 604 4797 et
629 4743 778 4812 empaectis
804 4753 924 4798 contem·
951 4748 992 4809 21,
1020 4759 1047 4797 v.
1072 4745 1113 4794 25.
1158 4740 1395 4804 Quemadmodum
1425 4739 1709 4810 Hierosolyrnitanum
1739 4758 1784 4795 ex·

89 4837 199 4898 nantur,
225 4829 273 4900 qui
292 4828 394 4881 nullam
415 4829 544 4899 signandi
564 4828 618 4880 vim
638 4828 691 4881 illis
710 4827 800 4882 inesse
816 4830 924 4898 judica·
937 4848 938 4851 ¹
950 4827 1053 4881 eidinm
1072 4825 1181 4894 eclipsis
1202 4826 1268 4879 solis
1281 4841 1392 4894 prorsus
1402 4826 1568 4879 miraculosa
1582 4834 1609 4881 ct
1623 4827 1783 4897 prodigiosa

89 4916 167 4980 bunt,
188 4932 220 4969 ac
239 4915 356 4985 preinde
375 4913 457 4967 etiam
479 4914 538 4968 sine
557 4912 615 4967 ullo
630 4913 729 4983 judicii
749 4913 835 4967 divini
850 4923 923 4969 metu
936 4903 937 4936 ¹
951 4915 979 4967 in
999 4912 1128 4983 passione
1139 4911 1242 4965 Christi
1266 4913 1422 4976 antecessit,
1442 4919 1472 4966 ut
1493 4913 1661 4967 ostendimus
1678 4914 1705 4965 in
1722 4914 1781 4967 har·

90 5001 118 5056 in
138 5003 286 5057 securitate
304 5007 332 5053 et
351 4999 528 5069 improbitate
548 5015 599 5052 sua
618 5004 742 5069 pergent.
782 5002 805 5066 i)
824 5000 924 5064 Quem·
951 4992 1042 5054 monia
1058 4996 1218 5068 evangelica
1244 5015 1305 5067 cap.
1327 5004 1365 5054 16.
1387 5017 1414 5066 p.
1438 5004 1494 5053 767.
1523 4999 1562 5051 ita
1587 4997 1670 5052 finale
1697 4999 1782 5053 totius

88 5088 238 5143 admodum
278 5086 349 5140 enirn
385 5087 448 5151 iria,
491 5085 614 5154 quamvis
647 5102 745 5138 causas
784 5087 924 5140 naturales
950 5085 1044 5139 mundi
1059 5084 1195 5137 excidium
1216 5101 1271 5137 nna
1290 5084 1333 5136 vel
1353 5085 1446 5153 plures
1467 5084 1583 5152 eclipses
1598 5101 1709 5153 prorsus
1730 5087 1781 5138 mi-

89 5173 204 5241 habeat,
228 5172 314 5226 nihilo
335 5178 429 5226 tamen
450 5171 538 5223 minus
564 5178 679 5241 propter
703 5170 824 5224 divinam
851 5173 922 5227 ordi·
949 5170 1091 5224 raculosae
1107 5176 1135 5222 et
1151 5170 1402 5238 praeternaturales
1428 5185 1621 5239 praecessurae
1647 5169 1781 5224 videntur.

90 5261 229 5313 nationem
259 5263 301 5310 est
328 5259 438 5323 siquam
465 5257 593 5321 foederis
622 5261 650 5309 et
675 5256 782 5326 gratiae
813 5257 923 5312 divinae
949 5254 1083 5325 Alphons.
1102 5254 1253 5311 Salmeron.
1275 5261 1353 5310 tract.
1375 5262 1416 5313 40.
1442 5262 1507 5308 tom.
1524 5261 1548 5309 4.
1567 5272 1592 5323 p.
1615 5260 1677 5310 672:
1709 5257 1782 5311 Ante

90 5343 190 5398 (lenes.
205 5348 230 5405 9,
243 5359 269 5395 v.
284 5349 323 5397 15.
342 5343 381 5396 ita
399 5358 511 5412 quaque
532 5340 649 5409 eclipses
667 5349 692 5393 ct
710 5343 827 5407 pambas
845 5360 922 5396 crea-
948 5340 1084 5409 judiciam
1105 5341 1185 5392 Deus
1204 5341 1372 5394 miraculosa
1390 5341 1533 5394 subtrahet
1552 5341 1608 5393 soli
1619 5341 1718 5410 lancea,
1738 5352 1780 5397 at·

89 5436 217 5482 terraram
235 5420 292 5482 tain
312 5431 488 5497 ἐπουρανίων
506 5443 590 5496 quam
610 5426 789 5501 ὑπουρανίων
807 5434 923 5498 possunt
949 5441 1001 5494 qao
1025 5426 1066 5478 ita
1090 5426 1285 5479 obscurabitur
1306 5427 1497 5496 interiectione
1530 5442 1680 5498 corporum
1707 5427 1780 5480 inter
