4050 6014
272 336 331 394 150
940 322 1169 380 TBACTATUS
1188 321 1354 381 TERTIUS

270 480 381 553 negotio
400 480 584 535 demonstrari
605 484 705 550 potest.
724 478 893 551 Cumprimis
912 496 976 534 vero
994 485 1104 549 aposto·
1133 478 1446 550 5155565121851
1470 479 1566 542 sactae
1590 485 1629 531 eet
1656 479 1738 545 niper
1760 478 1846 547 quasi
1871 495 1974 533 555555

270 569 312 622 155
329 567 430 621 Ρ51555
449 566 630 623 destructioni
648 566 744 620 mundi
769 583 820 636 per
842 582 929 635 aquas
951 565 981 619 in
1001 566 1106 620 diluvio
1134 567 1270 633 cilicinae,
1295 566 1364 619 luna
1389 573 1448 618 tota
1470 566 1553 629 sacta
1579 571 1621 618 eet
1644 564 1716 617 51551
1740 564 1975 634 5555555511.

270 653 360 710 155155
370 653 488 725 5555511
496 651 608 707 finalem
620 653 717 707 mnndi
731 652 946 708 destructionem
957 669 1007 723 per
1015 652 1107 724 ignem
1135 661 1160 706 et
1175 653 1276 707 atellae
1295 652 1370 706 coeli
1384 652 1544 705 5551115551
1562 668 1648 722 cuper
1667 659 1783 717 terram
1806 652 1883 705 eieut
1904 654 1976 717 picas

270 740 406 804 futuram,
432 755 504 810 quae
530 738 668 808 oppositio
692 738 835 793 evidenter
858 738 947 807 docet,
972 738 1107 792 mundum
1135 740 1236 792 emittit
1261 755 1374 806 proauos
1396 738 1578 803 immaturam,
1602 754 1628 789 5.
1656 742 1696 792 11.
1720 737 1829 791 coelam
1855 738 1976 792 receeait

271 825 429 880 uuiversum
447 841 502 879 non
520 839 581 879 esse
600 824 751 894 aliqnando
770 842 820 894 per
838 841 926 895 aquae
944 824 1107 894 periturum,
1135 827 1206 879 51551
1225 825 1297 878 liber
1316 823 1457 877 incolatur
1483 831 1509 876 et
1536 822 1625 876 omnic
1650 839 1728 877 55555
1755 831 1781 876 51
1799 822 1917 877 insulae
1940 826 1977 878 de

272 918 295 967 2.
315 911 395 982 epist.
413 916 438 980 11,
456 929 481 970 5.
502 916 530 966 b:
550 909 566 966 ὁ
586 905 648 967 τότε
672 908 776 986 κόσμος
800 912 883 967 ὕδατι
908 915 1108 974 κατακλυσθεὶς
1135 911 1205 965 15515
1223 911 1284 964 anie
1302 917 1393 963 motae
1411 917 1483 962 eunt.
1520 908 1609 979 Apoc.
1628 913 1668 976 20,
1690 913 1775 965 5.111
1794 909 1917 972 5115515
1933 926 1976 963 55-

271 998 408 1067 inclina,
425 1015 451 1051 5.
472 1003 497 1053 1.
517 1001 545 1053 oi
565 999 597 1053 11
616 1005 669 1053 νῦν
686 999 802 1073 adparet
821 996 896 1065 nali
917 1000 953 1067 γῆ
972 1004 1041 1074 nupt
1061 1020 1107 1068 τη·
1137 998 1229 1051 dentis
1248 1014 1334 1066 euper
1354 996 1483 1050 thronum
1500 995 1577 1064 sapit
1594 994 1701 1048 coelum
1717 1002 1744 1048 et
1761 1003 1854 1060 terra,
1878 1004 1908 1050 et
1927 997 1968 1052 15·

215 1125 220 1132 .
272 1084 406 1159 55155555
424 1089 474 1139 515.
1137 1101 1185 1136 crta
1203 1101 1259 1136 non
1278 1090 1318 1138 eet
1337 1083 1377 1136 eia
1396 1083 1532 1136 inuentus.
1567 1096 1590 1136 5.
1609 1085 1651 1148 21,
1669 1099 1695 1136 5.
1716 1086 1744 1137 11
1763 1081 1897 1136 Primum
1914 1099 1976 1137 eoe-

1137 1170 1194 1223 lum
1212 1177 1238 1222 et
1255 1170 1351 1238 prima
1368 1176 1447 1222 terra
1467 1167 1537 1219 abiit
1552 1174 1578 1220 et
1595 1182 1673 1219 nare
1688 1165 1754 1236 jam
1773 1184 1829 1222 non
1848 1168 1977 1238 amplias

589 1276 778 1283 Μ-
1137 1263 1184 1312 eet.
1228 1260 1251 1310 3.
1275 1258 1321 1309 Ea
1348 1254 1515 1315 rationibrn.
1541 1254 1980 1326 1155555555555551555515,

1135 1341 1164 1396 15
1185 1340 1240 1396 line
1260 1340 1355 1395 mundi
1374 1340 1473 1394 iterum
1493 1341 1684 1408 renuentum
1703 1339 1851 1412 21551155
1867 1348 1978 1398 555515·

1136 1428 1174 1483 n‘s
1192 1427 1326 1482 adhaeret
1344 1427 1494 1498 corruptio,
1509 1426 1565 1481 illie
1585 1424 1614 1480 in
1638 1424 1695 1480 fine
1718 1425 1805 1481 seculi
1830 1427 1979 1500 continget

166 1523 209 1566 n
224 1523 256 1564 ta.
548 1492 646 1554 ΗΡ
661 1492 689 1553 U
704 1491 728 1551 Τ
764 1491 830 1552 IV·
1136 1516 1269 1569 liberatio
1287 1514 1323 1566 ab
1339 1514 1393 1567 bac
1403 1512 1593 1582 corrrrptionie
1611 1513 1740 1566 uuonan
1755 1511 1834 1567 Rom.
1849 1517 1876 1570 8.
1888 1530 1916 1570 r.
1929 1519 1978 1579 2¹3

359 1649 411 1704 u
1137 1598 1979 1756 111111111111111111111111

163 1783 259 1824 uarius
308 1774 348 1826 26.
385 1768 515 1823 Materia
540 1770 598 1823 eive
618 1768 733 1838 potione
762 1768 791 1822 in
815 1768 869 1824 hac
893 1767 1110 1839 conflagratione
1136 1775 1258 1828 cundum
1276 1772 1459 1825 substantiam
1480 1770 1655 1824 interiturum
1673 1777 1808 1836 51515551,
1831 1770 1873 1827 illi
1890 1771 1978 1828 etiam

164 1836 260 1935 32:2¹:ss
273 1855 326 1912 erit
344 1858 466 1911 manduc
484 1854 543 1910 sire
561 1863 620 1909 tota
638 1872 734 1909 rerum
749 1854 920 1908 unioereitaa
941 1872 1003 1908 eum
1024 1856 1111 1908 omni·
1137 1859 1255 1914 eundem
1272 1875 1334 1913 cum
1354 1857 1481 1912 omuibus
1497 1856 1623 1927 partibus
1637 1863 1666 1911 51
1677 1856 1814 1912 contentis
1830 1856 1978 1915 uuam·

153 1941 250 2031 mm.
273 1946 323 1997 bue
336 1943 468 2012 partibus
486 1948 511 1995 et
539 1941 682 2008 contentis,
710 1941 833 2011 exceptis
860 1940 926 1995 solis
954 1941 1111 2010 angeliaci
1138 1945 1203 1999 dum
1223 1960 1284 1999 esse
1304 1950 1440 1998 asserunt.

252 2019 438 2084 'hominibue
474 2027 613 2082 Probatur
630 2025 683 2081 hoc
706 2032 726 2081 1.
752 2043 785 2080 en
813 2028 898 2081 dictio
923 2027 1109 2094 peneralibua.
1173 2036 1214 2086 21.
1234 2029 1348 2085 Interim
1367 2035 1459 2084 tamen
1479 2029 1596 2098 anpeloc
1610 2028 1771 2083 etbominer
1790 2029 1895 2087 abhuc
1912 2047 1979 2087 con-
1992 2043 2021 2084 ar

274 2123 299 2173 1.
318 2099 444 2182 11511511,
464 2129 491 2170 5.
513 2113 784 2168 5115505555
805 2121 971 2168 creatorum.
1000 2129 1024 2167 5.
1044 2120 1068 2181 1,
1083 2131 1110 2170 5.
1137 2116 1301 2189 flagratione
1320 2116 1480 2186 excipimus.
1517 2113 1637 2186 Utrique
1655 2116 1804 2170 55511551
1827 2116 1875 2172 vel
1898 2106 2021 2187 55511.ἷῖ

278 2208 324 2259 301
355 2200 540 2255 Convertitur
575 2199 698 2253 55551555
731 2199 761 2252 15
790 2201 933 2269 antiquum
962 2199 1111 2256 cilentinm.
1139 2203 1264 2273 Anprloe
1282 2203 1366 2255 bonor
1385 2201 1458 2272 ignis
1476 2201 1549 2255 illius
1568 2200 1692 2255 flammas
1711 2217 1893 2274 nequaqnam
1913 2208 2019 2288 eeu-{2

276 2287 675 2351 1151115.11,5.30.10.19.
703 2301 726 2339 c.
748 2288 796 2348 21,
812 2302 838 2341 5.
859 2287 883 2340 3.
913 2301 936 2339 5.
958 2289 999 2354 28,
1019 2303 1045 2340 5.
1066 2291 1112 2343 201
1139 2306 1217 2344 aaron
1235 2288 1264 2343 ln
1283 2287 1432 2358 propatulo
1447 2295 1497 2354 551,
1517 2288 1606 2342 sancti
1622 2288 1695 2342 enim
1710 2294 1978 2360 55515155555515
1993 2301 2021 2345 n

276 2374 476 2428 contammatio
495 2372 590 2426 555511.
628 2370 831 2439 Romanor:
852 2369 992 2425 Oreatura
1010 2373 1113 2427 libero·
1138 2379 1280 2443 immunes,
1298 2391 1364 2446 ergo
1381 2375 1465 2428 etiam
1485 2390 1503 2427 a
1522 2374 1629 2444 peccati
1647 2390 1745 2445 poena.
1774 2376 1915 2431 Homines
1930 2377 1978 2431 ba·

276 2460 350 2513 bitur
372 2478 389 2512 a
413 2460 545 2513 5555115115
571 2457 770 2526 corruptionie.
821 2461 844 2513 1.
868 2456 929 2512 Cor.
961 2464 990 2526 1,
1015 2476 1040 2514 5.
1067 2462 1112 2514 31:
1139 2480 1190 2517 noe
1206 2461 1242 2516 ab
1261 2460 1315 2515 hoc
1332 2462 1399 2531 igue
1411 2465 1541 2530 exceptos
1556 2460 1623 2526 iore,
1644 2469 1799 2517 consutor
1813 2478 1856 2531 eo,
1875 2468 1898 2519 l.
1911 2463 1979 2535 qaia

280 2546 394 2600 1155511
412 2547 506 2613 sipara
519 2545 604 2614 nujus
623 2544 730 2610 nundi,
742 2541 791 2597 nbi
805 2559 903 2598 nomen
923 2544 1017 2599 mundi
1030 2561 1112 2616 geue·
1139 2547 1328 2618 resurgentia
1344 2562 1459 2618 corpore
1473 2545 1684 2617 incorruptibili,
1698 2547 1855 2617 immortali,
1870 2549 1977 2621 impu·

278 2632 374 2703 naliter
393 2631 533 2703 accipitur
553 2646 602 2699 pro
619 2632 678 2684 tota
699 2628 769 2683 coeli
782 2630 1068 2700 terraequemachina
1086 2637 1115 2684 et
1139 2634 1221 2701 eibili,
1240 2633 1378 2704 spirituali
1399 2640 1427 2687 51
1444 2632 1597 2704 glorificato
1627 2639 1649 2688 l.
1675 2632 1737 2690 Cor.
1761 2640 1800 2701 15,
1818 2638 1861 2694 tt.
1881 2641 1927 2697 41.
1949 2643 1978 2692 51

276 2717 404 2775 omnibns
424 2715 669 2775 1555555155115.
713 2720 735 2771 1.
754 2713 816 2770 Cor.
840 2721 879 2782 10,
904 2734 930 2771 5.
954 2722 1002 2774 111
1025 2717 1114 2770 Fines
1140 2727 1181 2776 16.
1208 2726 1232 2776 2.
1246 2718 1476 2785 Quosvirosdies
1489 2719 1652 2773 novissimus
1665 2719 1863 2790 deprehendet,
1876 2721 1907 2774 in
1922 2723 1978 2776 155

275 2806 441 2863 occulorum.
474 2803 561 2859 Hebr.
576 2807 600 2868 8,
613 2821 641 2859 5.
653 2807 698 2861 201
719 2804 928 2858 Consummatio
947 2803 1114 2857 5555155551.
1140 2807 1216 2862 oculi
1234 2809 1262 2859 in
1275 2813 1412 2860 momento
1425 2806 1643 2859 immutabantur
1660 2811 1683 2861 1.
1695 2806 1758 2861 Cor.
1775 2811 1815 2876 lb,
1829 2825 1854 2862 5.
1867 2810 1911 2864 tt.
1928 2825 1976 2863 555

280 2900 300 2949 1.
315 2892 391 2948 Patr.
411 2899 436 2957 1,
453 2908 479 2946 5.
495 2897 524 2949 11
543 2890 672 2944 Omnium
689 2891 756 2954 tinio
776 2891 995 2962 appropinquat.
1008 2895 1030 2945 1.
1050 2889 1114 2946 tob.
1135 2894 1319 2962 praevenient
1332 2909 1386 2959 eoo,
1406 2893 1455 2963 qui
1467 2893 1649 2958 dormierunt,
1662 2895 1714 2947 aed
1726 2894 1811 2948 einai
1824 2911 1888 2948 5555
1902 2912 1977 2950 reen-

277 2979 562 3049 5551115555
581 2977 692 3033 1555511.
723 2981 746 3031 2.
768 2978 918 3053 1151115115
936 2975 1114 3048 opeciolibrra,
1140 2981 1250 3033 ecitatie
1281 2980 1311 3031 in
1333 2978 1451 3032 nabibna
1480 2979 1628 3046 rapientur
1658 2979 1766 3033 obviam
1795 2980 1923 3036 Domino
1948 2981 1976 3034 ia

277 3082 351 3138 qnae
371 3064 451 3130 coeli,
472 3063 545 3119 solis.
565 3065 657 3129 lunae,
675 3063 826 3132 stellarum,
846 3069 944 3129 terrae,
971 3063 1114 3133 montium,
1140 3072 1211 3121 abra
1232 3070 1253 3121 1.
1274 3062 1412 3128 1155551,
1430 3081 1455 3119 5.
1477 3068 1515 3120 15.
1540 3070 1569 3118 51
1597 3071 1636 3121 11.
1661 3071 1684 3122 5.
1712 3065 1807 3123 Sancti
1830 3073 1977 3140 reaurgent

278 3152 369 3216 maris,
388 3151 586 3206 elementorum
608 3150 846 3205 dementiorem
865 3149 978 3203 iaciunt.
999 3149 1115 3205 0555151
1141 3151 1177 3206 ad
1197 3150 1333 3206 laetitiam
1350 3159 1379 3204 et
1397 3149 1525 3221 gloriam,
1542 3166 1598 3204 non
1616 3155 1651 3204 ad
1666 3151 1847 3223 ignominiam
1864 3158 1895 3209 51
1913 3170 1975 3226 poc

278 3258 309 3295 cx
337 3245 468 3295 55555515
492 3237 614 3293 locorum
640 3236 798 3306 scripturae
820 3237 978 3304 collatione,
1005 3238 1115 3291 nomine
1141 3255 1212 3293 nam.
1251 3245 1275 3295 1.
1297 3235 1417 3291 Peccata
1439 3238 1559 3306 ipsorum
1577 3236 1700 3308 perfecte
1727 3240 1895 3310 5551155515,
1912 3255 1976 3311 poe·

278 3326 351 3380 coeli
368 3333 394 3379 et
413 3333 505 3377 terrae
525 3339 620 3378 omncs
640 3323 735 3376 mundi
755 3330 849 3391 parter
869 3338 902 3376 ac
919 3328 1009 3377 totum
1026 3331 1113 3393 syrte·
1140 3341 1192 3380 nae
1211 3328 1358 3391 relaxatae,
1376 3321 1455 3377 labeo
1476 3328 1505 3377 et
1522 3324 1631 3378 macula
1657 3324 1745 3379 omnis
1769 3324 1886 3396 abolita,
1910 3325 1978 3383 nibil

278 3429 323 3466 ma
342 3410 463 3467 universi
481 3408 647 3465 coelestibus
667 3417 695 3464 et
718 3409 932 3464 elementaribus
953 3410 1114 3480 corporibus
1141 3428 1207 3482 ergo
1225 3411 1269 3465 vel
1290 3410 1465 3481 purgandum
1486 3410 1529 3464 vel
1547 3411 1719 3480 puniendum
1738 3411 1785 3467 551
1808 3411 1977 3470 abolendum

278 3508 408 3552 55551555
425 3495 630 3567 comprehendi,
659 3498 722 3552 Era.
751 3501 774 3565 1,
802 3514 827 3549 5.
846 3501 870 3551 2.
904 3495 980 3566 Ergo
1004 3496 1114 3567 quando
1140 3504 1275 3568 superest.
1306 3497 1469 3551 1551551155
1496 3496 1544 3553 lib.
1569 3503 1591 3552 1.
1615 3498 1702 3552 instit.
1734 3515 1757 3553 5.
1783 3502 1824 3555 tt.
1851 3501 1978 3571 quamvis

278 3583 383 3638 coelum
402 3599 435 3638 ac
455 3589 529 3637 terra
548 3582 678 3636 dicuntur
696 3582 849 3643 interitum,
870 3581 991 3637 omnium
1006 3590 1114 3637 creatu·
1134 3585 1230 3653 jactos
1248 3583 1309 3651 ipni
1327 3583 1531 3638 examinandae
1550 3589 1663 3652 asserat,
1682 3583 1785 3655 excipit
1801 3591 1898 3642 155555
1915 3605 1978 3659 per·

278 3686 368 3724 rarum
389 3668 517 3723 interitus
536 3667 717 3739 significatur.
744 3667 809 3723 Job.
835 3673 875 3735 11,
898 3685 923 3725 v.
951 3670 1115 3725 11115555
1139 3671 1214 3734 secte
1227 3670 1331 3738 jactos.
1373 3669 1505 3737 Quorum,
1523 3668 1624 3740 inquit,
1643 3679 1765 3739 peccata
1788 3671 1832 3726 551
1848 3675 1978 3741 pondere

278 3768 334 3810 non
365 3763 447 3810 erunt
479 3757 559 3809 coeti.
610 3753 711 3807 Psalm.
743 3760 784 3822 12,
814 3772 838 3811 5.
872 3760 901 3810 11
938 3757 1037 3810 Donec
1059 3773 1115 3808 555
1141 3756 1185 3810 551
1213 3773 1327 3809 numero
1353 3756 1582 3826 praevaluerint,
1607 3756 1839 3825 peretrinpentur
1858 3759 1923 3827 ipni
1937 3767 1978 3814 at·

279 3841 401 3914 ampliat
432 3841 510 3894 lrtna.
558 3840 660 3894 Psalm.
693 3846 742 3908 01,
772 3858 798 3893 5.
832 3846 861 3896 51
903 3842 1018 3895 Montee
1044 3840 1115 3896 51551
1142 3860 1194 3912 que
1214 3843 1402 3908 amburentur,
1424 3859 1494 3910 quoe
1514 3849 1606 3894 aretem
1624 3842 1711 3912 plena
1724 3843 1844 3912 Ι15511115
1868 3852 1898 3899 51
1921 3864 1977 3901 555·

280 3945 345 3982 cera
358 3928 512 3996 fluxerunt.
547 3924 648 3980 Psalm.
677 3928 735 3990 102,
760 3942 785 3978 5.
811 3931 857 3983 211
885 3927 963 3981 Coeli
983 3927 1116 3996 peribunt
1142 3929 1244 3984 toritas
1265 3928 1378 3983 uirtutis
1394 3928 1538 3996 1555555511,
1559 3928 1650 3997 ipnen
1668 3929 1749 3982 iilum
1769 3946 1826 3983 non
1851 3932 1977 4003 55511551,

280 4013 396 4066 etaient
415 4011 604 4066 reclinantem
623 4019 807 4067 veterascent.
835 4013 898 4067 Esa
914 4018 956 4082 11,
968 4030 994 4069 5.
1007 4019 1036 4068 11
1060 4015 1115 4067 Τα-
1142 4014 1751 4085 15155155151555511551111551555551
1773 4017 1828 4069 oin
1842 4019 1979 4086 flammae

282 4101 369 4153 beecet
387 4098 476 4152 omnis
495 4098 601 4151 militia
617 4099 757 4152 coelorum
776 4106 801 4151 ct
819 4100 1059 4167 complicabuntur
1077 4102 1114 4153 ei·
1141 4102 1261 4172 repellat
1289 4119 1323 4155 ac
1341 4111 1464 4171 reapnat.
1502 4104 1594 4157 Tanta
1612 4112 1654 4158 eet
1671 4104 1714 4156 cie
1741 4103 1927 4172 innocentiae,
1949 4114 1979 4162 at

280 4193 326 4239 cut
342 4187 418 4240 liber
437 4184 511 4239 coeli
529 4192 554 4238 51
572 4185 661 4238 omnia
680 4184 786 4239 militr'o
804 4201 898 4239 eorum
915 4188 1024 4255 defluet.
1042 4188 1115 4240 51551
1141 4190 1177 4243 ab
1196 4207 1229 4243 ea
1250 4189 1325 4258 ipnir
1345 4188 1394 4241 ille
1412 4188 1539 4258 resipiat
1554 4189 1693 4258 innoxiae,
1705 4189 1756 4258 qai
1768 4191 1978 4259 accepitaDeo

280 4273 377 4341 defluit
388 4271 500 4341 foliam
517 4273 553 4325 de
573 4275 655 4326 51555
671 4273 865 4342 5111555515.
884 4279 969 4338 11,5.
985 4278 1013 4329 111
1037 4273 1116 4329 Coeli
1141 4276 1408 4345 intepretationem,
1428 4283 1458 4328 ut
1476 4275 1578 4344 impiae
1596 4283 1671 4344 errat,
1695 4277 1977 4349 ι15511551155155551.

279 4360 351 4413 51551
366 4360 463 4423 famur
481 4359 610 4426 deficient
627 4368 653 4413 et
670 4367 749 4413 terra
766 4361 839 4412 aient
862 4359 1051 4412 reclinentum
1072 4376 1115 4413 oe·
1141 4362 1245 4431 Anpeli
1261 4366 1289 4414 51
1307 4361 1431 4414 bominac
1457 4360 1529 4414 mali
1555 4377 1590 4415 an
1613 4360 1650 4416 ab
1674 4360 1727 4416 hoc
1752 4360 1819 4433 igne
1844 4362 1979 4420 immanet

280 4453 401 4500 taraecet
419 4453 444 4498 et
463 4445 636 4500 habitaturae
646 4447 707 4516 ejue
720 4446 854 4501 cimiliter
864 4446 936 4500 sicut
949 4447 1017 4500 lroec
1029 4446 1113 4500 inter·
1141 4447 1197 4501 sint
1214 4446 1310 4514 futuri,
1326 4446 1424 4500 merito
1444 4444 1596 4504 dubitatur.
1620 4446 1676 4503 Pro
1695 4445 1852 4506 affirmante
1869 4457 1979 4507 555115·

279 4532 366 4588 r'bunt.
400 4532 512 4600 151118,
530 4549 554 4587 v.
577 4538 623 4589 201
653 4532 705 4587 Sol
731 4541 758 4586 et
778 4533 847 4587 iuna
865 4533 1115 4588 obtenebrabuntur
1141 4534 1181 4587 tia
1198 4534 1292 4604 urgeri
1311 4538 1412 4603 posset,
1434 4533 1508 4603 quod
1533 4533 1606 4604 ignia
1632 4533 1679 4588 ille
1704 4551 1854 4606 corporeae
1876 4536 1978 4594 51515

279 4627 305 4672 ot
322 4618 422 4672 atellae
437 4619 580 4672 retrahent
597 4619 778 4688 splendorem
796 4637 884 4689 mam,
908 4635 933 4672 5.
958 4624 1000 4675 21.
1012 4639 1014 4644 ’
1026 4638 1114 4676 mooe·
1141 4619 1271 4672 menteris
1290 4635 1346 4673 non
1367 4619 1455 4689 possit
1474 4634 1557 4689 agere
1574 4619 1604 4673 in
1618 4618 1731 4690 spiritus
1749 4618 1978 4693 incorruptibiles,

278 4705 380 4758 buntur
397 4705 470 4758 coeli
486 4713 512 4758 51
525 4713 610 4759 terra.
640 4704 723 4776 Soph.
745 4710 767 4770 1,
784 4723 810 4760 r.
830 4709 869 4761 18.
889 4712 917 4760 51
935 4722 958 4761 c.
979 4712 1003 4772 3,
1030 4725 1053 4761 5.
1079 4712 1108 4763 81
1141 4707 1271 4777 qupdque
1289 4705 1367 4775 impii
1388 4711 1452 4775 post
1471 4705 1609 4776 judicium
1636 4707 1765 4762 dicantur
1790 4709 1886 4763 5151151
1912 4710 1981 4765 ituri

283 4793 320 4846 In
339 4792 401 4862 ipae
419 4791 473 4845 5511
490 4793 672 4847 devorabitur
695 4792 786 4846 555515
806 4800 893 4859 terra,
913 4794 1114 4864 quincentum·
1141 4795 1170 4846 in
1198 4793 1289 4862 ipnem
1315 4799 1457 4845 aeternum
1482 4792 1539 4847 5155
1566 4793 1737 4860 infernalem,
1769 4810 1826 4850 non
1853 4793 1884 4849 in
1908 4796 1979 4852 hunc

281 4878 430 4931 unctionem
446 4895 507 4931 cum
525 4878 710 4945 fertinatione
725 4879 814 4942 faciet
832 4880 939 4932 5555115
947 4880 1114 4934 habitatori·
1141 4878 1231 4949 iguem
1252 4875 1487 4948 conflagrationis,
1513 4878 1891 4948 nichoteranae.
1925 4881 1979 4938 Pro

280 4966 448 5019 baeterrae.
483 4970 508 5020 t.
530 4965 703 5032 11511115.
726 4971 771 5021 151
791 4964 873 5032 15515
891 4968 1070 5020 umcenditar
1090 4976 1115 5021 et
1140 4969 1261 5036 negante
1289 4966 1425 5018 nutantia
1446 4965 1541 5038 urgeri
1562 4971 1669 5036 posset,
1688 4967 1764 5039 quod
1781 4967 1860 5039 'ignis
1877 4967 1979 5025 condo

279 5069 335 5105 non
356 5052 555 5119 eortinpuetur,
575 5054 663 5106 donec
682 5058 828 5105 coniurant
841 5053 1034 5120 fundamento
1060 5061 1113 5106 ter·
1142 5049 1277 5121 55115515
1288 5056 1317 5105 51
1326 5050 1401 5122 ignis
1418 5051 1562 5107 infernalis
1582 5052 1674 5123 specie
1686 5053 1797 5110 differre
1812 5053 1928 5113 minima
1941 5054 1978 5110 ri·

279 5152 338 5190 rae.
375 5136 473 5193 Matth.
492 5145 515 5207 5,
535 5155 561 5192 v.
584 5142 623 5193 18.
644 5154 669 5192 5.
689 5141 730 5205 11,
749 5154 777 5191 5.
796 5139 837 5193 tt.
855 5135 941 5192 blanc.
962 5142 1001 5202 13,
1024 5155 1049 5191 v.
1074 5144 1115 5194 31.
1143 5138 1270 5207 deantur,
1290 5139 1420 5210 quodque
1438 5139 1474 5194 ab
1493 5138 1642 5194 universali
1662 5139 1703 5194 illi
1724 5139 1811 5194 151155
1836 5140 1913 5197 orbis
1937 5141 1979 5198 in-

280 5222 348 5278 Luc.
368 5229 408 5290 lb,
422 5242 449 5278 5.
469 5230 508 5281 11.
527 5241 549 5279 5.
569 5228 610 5289 21,
624 5241 649 5282 5.
668 5228 714 5279 811
742 5222 854 5279 Caelum
873 5231 899 5278 et
923 5232 1002 5278 terra
1023 5233 1115 5279 trane·
1142 5223 1240 5279 cendio
1261 5224 1344 5279 etiam
1365 5224 1444 5296 impii
1464 5225 1595 5280 videntur
1611 5225 1640 5279 in
1672 5224 1839 5296 quibusdam
1857 5226 1978 5300 Scripta·

281 5310 366 5364 ibunt.
396 5315 421 5365 2.
446 5310 519 5364 Petr.
542 5315 565 5374 3,
583 5327 609 5364 5.
631 5316 674 5366 10.
693 5308 889 5381 0551155555
907 5309 1114 5379 inpetntrano·
1141 5329 1189 5366 rae
1207 5310 1289 5365 dictie
1306 5312 1416 5368 involvi.
1440 5313 1610 5377 Ε55.61,5.
1631 5313 1816 5384 1611551555
1838 5315 1980 5371 Dominae

280 5395 366 5463 ibunt,
385 5395 522 5450 elementa
543 5396 639 5451 calore
666 5396 823 5464 tolerentur,
847 5404 924 5450 terra
950 5404 976 5448 et
996 5413 1067 5465 qaae
1086 5399 1116 5451 in
1136 5398 1283 5468 judicabit
1302 5407 1327 5453 et
1348 5400 1378 5453 in
1399 5401 1498 5470 plodio
1518 5418 1569 5454 eno
1589 5401 1755 5453 adamnan
1780 5416 1906 5471 5555555,
1931 5400 1979 5458 511

281 5481 345 5550 ipra
364 5489 429 5536 eunt
450 5499 545 5552 opera,
567 5490 728 5540 cantentur.
751 5486 836 5539 512.
863 5480 944 5536 Coeli
964 5484 1027 5553 ipre
1054 5501 1115 5539 euc-
1143 5485 1883 5558 1555555515555555155155551155555151155,
1908 5486 1978 5545 sien

282 5567 361 5622 curci
376 5568 518 5625 solventur
538 5576 564 5624 et
582 5569 720 5625 51555515
737 5569 812 5640 ipati
837 5570 943 5623 ardore
969 5571 1114 5630 tabescent.
1143 5574 1307 5646 adjunctum
1324 5589 1426 5629 nomen
1442 5572 1538 5644 pladii
1562 5572 1692 5630 ostendit.
1731 5571 1805 5629 Dan.
1834 5579 1860 5642 1,
1882 5590 1910 5633 5.
1937 5577 1976 5633 ll:
