4050 6014
702 214 755 272 DE
773 214 943 276 quentio
959 213 1032 275 teu
1048 214 1181 273 uoltus
1198 213 1388 275 nuruum
1864 221 1926 285 tui

233 368 343 436 Quanto
360 369 450 443 magis
469 369 498 427 in
515 370 638 442 peccatis
650 372 798 445 pergimus.
817 377 895 428 tauto
910 370 1066 428 uberiorem
1092 368 1193 441 &duim
1215 368 1354 442 etlilium
1377 385 1420 427 am
1437 367 1563 441 illiditur
1585 369 1651 429 ffiitt
1673 369 1726 429 unt
1749 368 1925 443 idmtfilditu

232 454 390 527 ignisillius
403 457 545 512 materiam
558 457 723 531 colligimus.
743 456 955 529 chrysostomus
972 456 1067 514 homil
1092 454 1178 524 idtio,
1203 455 1246 513 heb
1263 455 1369 527 giusti,
1391 454 1468 526 bethi
1486 453 1539 514 uiti
1558 454 1697 526 &dinifii
1720 455 1750 513 tn
1773 455 1817 513 tn
1840 454 1926 529 otte

233 542 328 599 trial.
338 543 446 613 epistol.
455 542 593 600 Thessal:
604 544 656 613 Μὴ
667 540 804 620 φύγωμεν
812 541 862 614 τὴν
874 548 922 612 τῆς
930 541 1067 608 κολάσεως
1092 539 1178 596 Dives
1197 542 1280 613 epulo
1298 542 1326 597 in
1345 541 1389 596 his
1408 541 1489 597 terris
1508 541 1633 612 quotidie
1652 541 1758 597 vixerat
1770 542 1928 613 splendide,

231 624 358 705 μνήμην,
381 633 428 685 icc
454 628 493 704 μὴ
511 633 709 706 comesione,
736 647 772 686 ne
788 630 939 700 suciamus
957 647 1067 700 poenae
1092 626 1121 680 in
1139 626 1276 685 ebrietate
1301 634 1330 683 et
1351 626 1475 699 ingluvie
1500 627 1568 683 Lea
1591 633 1677 691 16η.
1701 633 1740 685 19.
1765 627 1815 683 sed
1837 628 1868 684 in
1887 628 1928 684 in·

229 717 399 778 memoriam
417 731 451 770 ne
468 718 498 770 in
512 734 632 786 poenam
652 719 818 775 incidamus.
844 717 1020 791 Augustinus
1038 717 1067 772 in
1094 717 1171 768 terno
1188 730 1240 770 neo
1259 715 1398 787 guttulam
1415 731 1520 786 squas,
1543 731 1600 787 que
1621 713 1747 787 ingram
1764 731 1843 771 suam
1861 713 1928 771 irro-

229 807 349 858 enmrat
386 800 490 858 Psslm.
514 808 562 860 49:
594 803 629 859 ss·
645 821 794 874 possemus
811 805 930 875 socae,
956 811 987 858 ut
1006 805 1068 857 dies
1093 807 1174 869 reret,
1201 808 1311 871 poterat
1335 801 1483 872 impetrare
1508 819 1535 859 r.
1556 807 1598 858 te.
1633 801 1718 858 Saum
1739 805 1875 874 pupetuo
1899 799 1929 855 in

224 887 335 958 judicii
352 905 408 942 παπ
427 888 546 959 ueniret,
568 898 655 960 puto,
682 891 750 959 ππὶα
773 906 823 944 nec
848 890 889 945 sic
913 897 976 945 erat
992 889 1067 943 maie
1094 885 1209 941 auribus
1227 888 1329 943 normis
1348 905 1401 943 vox
1426 887 1579 960 prophetae
1595 887 1671 944 Esai.
1695 893 1719 957 5,
1742 905 1768 944 r.
1788 892 1832 944 11:
1863 886 1929 957 Vae,

111 979 157 1022 xx.
170 981 216 1024 ste.
230 974 385 1029 uiuendum.
420 973 455 1028 m·
471 991 527 1028 παπ
546 976 653 1029 ueniret
669 975 744 1043 ionis
760 975 821 1030 Dei
831 975 943 1045 judicii
960 983 986 1030 et
1005 975 1069 1029 selu
1093 971 1144 1041 qui
1165 973 1335 1043 oonsurpitis
1362 989 1444 1028 mane
1465 975 1507 1027 ad
1528 975 1689 1029 ebrietatem
1715 975 1879 1029 sectandam
1902 979 1929 1027 et

227 1060 424 1130 peccatoribus
448 1061 602 1115 immineret
628 1061 773 1131 separatio
795 1079 815 1115 a
837 1063 915 1126 facie
939 1061 1009 1129 Dei,
1038 1061 1068 1114 in
1094 1075 1181 1128 usque
1199 1062 1405 1129 advesperam,
1425 1060 1532 1115 uicino
1545 1062 1684 1116 aestuetis.
1704 1077 1776 1116 vers.
1790 1065 1829 1117 ll.
1854 1061 1929 1115 Prn-

231 1146 465 1216 metueremus
483 1146 634 1217 affluentia
657 1147 840 1215 deliciarum,
863 1166 919 1202 παπ
942 1148 1068 1202 uidentes
1089 1153 1190 1214 pterea
1207 1147 1341 1201 dilatauit
1359 1148 1490 1212 infernus
1508 1147 1632 1201 animam
1650 1166 1738 1202 msam.
1758 1151 1786 1216 3)
1803 1148 1929 1203 Abora·

232 1249 305 1300 eum,
331 1250 351 1286 a
373 1234 537 1303 quaerenti
555 1241 632 1298 sunt,
655 1242 681 1288 et
698 1235 827 1304 separati
843 1234 878 1288 ab
896 1233 951 1289 illa
972 1234 1065 1288 dulce·
1093 1229 1171 1286 ritia.
1189 1229 1265 1296 Quid
1282 1232 1398 1303 prodest
1415 1232 1516 1302 everis,
1534 1233 1562 1286 si
1580 1241 1667 1289 totum
1687 1235 1831 1290 lucrentur
1848 1252 1929 1289 mun-

233 1319 299 1372 dins
316 1319 471 1389 ineffabilis
490 1320 584 1374 cubus
603 1321 674 1389 eius,
700 1321 730 1374 in
755 1321 881 1390 qualibet
898 1320 1066 1374 aeternitate
1094 1318 1175 1388 dum,
1210 1318 1322 1373 animae
1347 1335 1413 1374 vero
1439 1336 1507 1373 suae
1537 1321 1732 1374 detrimentum
1758 1321 1930 1393 patiantur!

231 1413 258 1460 et
269 1405 435 1476 impunitate
447 1408 561 1477 peccati
570 1409 709 1478 planpere
721 1423 751 1461 se
766 1409 907 1464 deberent.
929 1407 989 1462 Sed
999 1407 1067 1461 iaec
1093 1404 1229 1473 quidnam
1237 1407 1309 1459 dare
1315 1412 1450 1475 poterunt
1467 1405 1497 1461 in
1517 1409 1754 1462 commutationem
1763 1426 1819 1481 pro
1831 1407 1929 1463 anime

231 1493 388 1547 amamibus
405 1511 498 1562 poena
518 1502 559 1548 est
576 1512 632 1548 παπ
652 1495 893 1550 contemnentibus.
928 1493 983 1556 Qui
1000 1492 1066 1547 dul·
1092 1492 1166 1544 suet
1201 1490 1302 1546 Matth.
1324 1497 1365 1561 ld,
1384 1508 1410 1548 v.
1430 1497 1471 1549 tt.
1503 1492 1624 1549 Plorate
1641 1493 1742 1548 diuites
1758 1494 1788 1548 in
1806 1492 1929 1550 munio

230 1580 355 1634 cedinem
386 1580 544 1649 sapientiae
578 1588 606 1634 ct
634 1581 761 1636 cedatis
790 1589 931 1651 utcunque
963 1581 1067 1633 sentire
1092 1577 1205 1648 uestris,
1230 1595 1303 1650 quae
1319 1579 1470 1633 advenient
1488 1580 1572 1635 uobis.
1599 1582 1709 1634 Aurum
1735 1588 1762 1634 et
1782 1588 1929 1652 arpentum

230 1674 394 1737 coeperunt,
412 1675 562 1729 noverum,
591 1676 697 1736 quanta
709 1685 804 1738 poena
819 1668 856 1721 sit
873 1669 1066 1722 tantummodo
1090 1672 1211 1718 uestrum
1230 1665 1392 1733 aenipinem
1410 1665 1564 1733 contremit,
1588 1675 1613 1721 ct
1634 1685 1738 1737 aerupo
1760 1684 1856 1722 eorum
1875 1666 1930 1722 erit

230 1773 249 1807 a
265 1753 350 1824 facie
369 1754 430 1808 Dei
449 1753 598 1823 separari,·
617 1753 669 1822 qui
689 1761 780 1807 autem
793 1752 876 1807 sliam
888 1746 1169 1841 dulcedine-minabis
1187 1750 1218 1803 in
1236 1751 1421 1805 testimonium
1443 1758 1470 1805 et
1492 1751 1673 1806 manducabit
1695 1770 1795 1807 carnes
1819 1761 1928 1810 vestrm

230 1856 287 1893 παπ
303 1847 489 1908 pustauemsnt,
506 1840 534 1893 si
550 1840 674 1893 nondum
692 1839 859 1893 desiderant
877 1839 937 1892 Dei
946 1839 1066 1908 faciem,
1077 1846 1080 1907 l
1091 1834 1165 1890 sicut
1180 1837 1255 1905 ipnis
1272 1837 1369 1894 iacob.
1388 1843 1414 1905 5,
1432 1856 1458 1891 r.
1479 1845 1501 1894 1.
1521 1843 1550 1894 et
1567 1843 1590 1895 b.
1623 1838 1725 1894 Confer
1742 1855 1783 1910 ea,
1803 1855 1875 1913 quae
1894 1839 1929 1895 de

230 1925 345 1978 timeant
359 1926 512 1995 ustionem.
532 1924 683 1994 Supplicia
697 1931 829 1992 teneant,
849 1941 929 1993 acrem
935 1925 1067 1994 proemia
1077 1920 1080 1937 “
1092 1920 1204 1992 objecto
1221 1922 1399 1981 infernalium
1418 1939 1570 1996 poenarum
1591 1924 1710 1981 diximus
1728 1916 1870 1998 superius,
1895 1942 1929 1983 er
1942 1923 1988 1971 ¹¹·
2007 1934 2009 1942 ’

230 2028 285 2064 παπ
305 2012 432 2065 inuuunt.
474 2011 534 2066 Vile
552 2011 603 2065 tibi
627 2018 683 2079 est,
708 2011 785 2080 quod
802 2011 882 2064 Deus
903 2009 1066 2079 pollicetur,
1092 2008 1146 2065 illis
1171 2009 1244 2065 enim
1267 2008 1375 2083 integer
1400 2006 1544 2082 outalogus
1568 2016 1761 2081 peecatorum,
1787 2029 1806 2067 a
1828 2012 1929 2086 quibus

230 2097 418 2164 emmenum,
438 2099 515 2166 quod
531 2095 657 2151 minatur
672 2104 725 2152 etc.
743 2095 927 2166 Amplccaris
944 2105 1066 2166 peccata
1092 2095 1225 2153 memoria
1241 2095 1342 2151 inferni
1361 2113 1411 2152 nos
1423 2113 1553 2152 revocare
1571 2096 1664 2162 debet,
1683 2097 1815 2155 constitui
1828 2103 1930 2171 potest

230 2190 280 2236 tua
299 2191 325 2236 et
342 2183 462 2237 deliciae
481 2185 577 2239 carnis
596 2193 669 2246 tuae,
687 2183 810 2256 stipulas
828 2185 869 2237 ad
880 2191 907 2237 te
929 2184 1066 2252 conseris.
1091 2181 1120 2249 t)
1137 2182 1165 2236 A
1178 2190 1367 2251 praepostero
1388 2183 1424 2236 ab
1443 2182 1601 2239 bominibus
1625 2185 1730 2240 timore.
1768 2183 1867 2241 uzuh.
1888 2191 1930 2255 10,

236 2269 329 2323 Veniet
347 2270 436 2339 ienis,
462 2269 535 2337 ipnis
553 2269 583 2323 in
599 2278 748 2339 conspectu
766 2271 828 2340 ejus
846 2269 964 2324 ardebit
998 2232 1117 2324 Nonis.
1138 2272 1186 2325 28:
1207 2269 1251 2324 Ne
1265 2269 1395 2323 metuatis
1409 2269 1531 2324 uobisab
1543 2270 1596 2340 bris,
1613 2271 1930 2345 pescendentem,

230 2365 272 2410 est
291 2357 343 2410 iste
362 2356 438 2424 ipns‘s
451 2357 525 2410 siout
542 2357 626 2420 focus
643 2364 716 2425 tuus,
737 2375 791 2426 ππα
804 2365 895 2411 tamen
913 2356 941 2408 si
952 2373 1066 2409 manum
1077 2328 1080 2449 i
1092 2354 1217 2408 aniciam
1238 2362 1329 2408 autem
1347 2372 1404 2408 παπ
1424 2363 1543 2424 possunt
1566 2356 1712 2427 occidere;
1740 2358 1793 2411 sed
1817 2356 1929 2413 metuite

230 2444 338 2496 mitme
353 2443 479 2510 coporis,
497 2443 607 2512 facies,
632 2444 774 2513 quidquid
790 2443 925 2506 uoluerit,
945 2442 996 2512 qui
1014 2443 1065 2497 boc
1092 2441 1184 2507 stupis
1201 2441 1292 2512 illum,
1316 2441 1367 2511 qui
1382 2448 1478 2511 potest
1494 2441 1616 2494 animam
1642 2449 1669 2495 et
1687 2459 1790 2511 corpus
1802 2445 1928 2513 perdere

229 2529 361 2591 minume,
379 2531 406 2582 π·
416 2530 468 2582 titi
484 2531 568 2596 αξιοι,
585 2531 675 2584 ecrite
692 2539 792 2585 eontra
808 2537 893 2599 capro
901 2527 997 2602 patris
1015 2528 1065 2596 tui,
1092 2526 1122 2578 in
1139 2527 1274 2595 pedenna,
1294 2526 1322 2581 in
1340 2543 1412 2599 quae
1428 2526 1516 2582 verba
1532 2526 1573 2581 ric
1592 2533 1794 2584 commentatur
1805 2528 1928 2585 Hilarius

229 2615 318 2668 scribe
336 2623 435 2669 contra
454 2615 551 2684 caps'ta
569 2616 694 2681 filiorum
716 2624 835 2674 tuorum.
869 2617 945 2669 Nam
963 2615 991 2668 si
1009 2631 1065 2668 non
1092 2626 1191 2668 cauom
1213 2618 1252 2671 10.
1270 2613 1301 2667 in
1318 2612 1431 2668 Mattius
1452 2611 1620 2668 Cunctanter
1637 2615 1795 2682 inserenda
1812 2623 1853 2670 est
1871 2616 1931 2670 Dei

227 2702 341 2771 feceris,
366 2719 478 2754 manum
496 2709 574 2754 tuam
591 2701 671 2755 niblo
695 2702 726 2755 in
743 2703 840 2765 focum
858 2709 944 2764 tuum,
963 2701 1065 2767 facies,
1093 2700 1216 2769 capnitis
1236 2707 1261 2752 cl
1274 2700 1455 2769 profundum
1472 2701 1649 2765 eoanpelicae
1668 2701 1814 2755 doctrinae
1837 2719 1929 2757 secre-

229 2804 264 2841 ne
288 2788 392 2841 ardeat
409 2804 523 2855 monue,·
553 2803 588 2840 ne
606 2789 707 2841 ardeat
725 2789 766 2841 ad
782 2795 890 2856 tempus
916 2787 1067 2841 membmm
1091 2792 1151 2838 tum
1167 2786 1272 2841 lumine
1284 2787 1513 2857 praedicationis
1530 2787 1721 2857 revelandum,
1737 2805 1793 2843 παπ
1805 2788 1929 2844 timendo

228 2880 315 2940 mum,
333 2890 389 2927 παπ
406 2889 515 2942 semper
534 2873 564 2926 in
575 2873 675 2927 doiore
685 2873 829 2940 fiturum.
849 2871 982 2926 Minatur
1000 2889 1066 2941 erpo
1092 2887 1150 2941 eos,
1172 2873 1273 2942 quibus
1291 2891 1352 2928 cum
1373 2875 1409 2928 sit
1427 2874 1544 2930 licentia
1563 2876 1593 2927 in
1612 2891 1733 2944 corpora
1752 2882 1875 2944 tantum,
1899 2876 1929 2929 in

229 2959 360 3013 inimicus
380 2968 437 3013 tam
454 2959 512 3013 leue
531 2958 645 3029 malum,
661 2965 687 3012 et
705 2959 782 3020 facis
796 2959 917 3024 malum,
942 2959 1067 3013 minatur
1092 2958 1217 3013 animam
1233 2960 1282 3028 ius
1299 2960 1407 3014 nullum
1432 2969 1479 3016 est.
1515 2959 1678 3015 Ambrosius
1702 2959 1774 3015 libro
1799 2966 1821 3016 1.
1842 2959 1928 3017 offici·

231 3046 310 3099 Deris
327 3053 472 3099 aeternum
501 3046 620 3113 malum,
652 3053 678 3098 et
709 3063 766 3098 παπ
791 3045 870 3110 sacis
895 3045 996 3099 bonnm
1013 3058 1065 3101 eta.
1092 3063 1183 3100 orum:
1202 3046 1304 3100 Omnia
1314 3046 1457 3117 supplicia
1474 3047 1638 3116 prociarum
1651 3047 1855 3119 suppliciorum
1865 3048 1928 3103 siss-

230 3131 322 3185 Minis
342 3132 413 3201 Dei,
441 3130 523 3185 mins's
543 3132 617 3199 ipnr's
633 3133 741 3186 aeterni
757 3131 922 3200 prohiberes
942 3149 960 3184 a
981 3131 1065 3199 malm
1092 3140 1193 3187 cuntur
1210 3131 1375 3196 formidine.

228 3217 360 3272 incitaris
376 3219 419 3272 ad
437 3218 544 3273 bonum.
561 3217 682 3288 Prosper
700 3215 771 3271 libro
792 3221 817 3273 3.
834 3216 869 3271 de
884 3215 932 3271 rit.
947 3223 1065 3272 sontem·
1126 3224 1169 3275 ot.
1187 3217 1263 3275 Usus
1281 3213 1477 3295 παραινεππὸς
1494 3218 1553 3274 sive
1567 3217 1810 3273 enbcrtatociusis
1828 3223 1879 3288 est,
1896 3222 1928 3274 ut
1940 3223 1960 3266 ²
1974 3225 2024 3264 Μ

228 3303 297 3375 plat
317 3320 376 3375 esp.
400 3308 443 3360 12:
471 3305 589 3369 Inferni
612 3313 750 3359 tormenta
773 3305 888 3357 libenter
905 3304 1008 3358 andire
1023 3304 1067 3359 oei
1091 3303 1267 3360 infernalium
1285 3311 1482 3360 tormentorum
1500 3303 1643 3360 meditatio
1663 3320 1759 3359 verum
1777 3303 1831 3360 Dei
1848 3304 1927 3360 timo·
1940 3276 2024 3317 ’Μ

229 3391 329 3459 lepore,
341 3391 453 3460 jupiter
473 3398 536 3442 ante
555 3390 651 3443 emulos
669 3390 770 3443 mentis
788 3390 941 3453 adducere,
964 3392 1065 3452 futura
1092 3407 1149 3445 rem
1179 3389 1310 3446 cordibae
1338 3389 1439 3445 nostris
1464 3389 1580 3445 instillet
1607 3398 1636 3445 et
1665 3391 1701 3445 sd
1730 3389 1929 3460 poenitentiam

228 3479 355 3546 credere,
379 3479 439 3530 sine
463 3476 525 3530 ulla
541 3474 754 3547 perturbatione
773 3484 907 3539 metuere,
931 3477 1066 3544 copiare,
1092 3485 1198 3532 mature
1217 3477 1356 3549 agendam
1380 3477 1553 3548 eandemque
1576 3492 1626 3547 per
1648 3476 1770 3533 studium
1792 3476 1927 3534 benorum

228 3562 312 3632 qrsale
339 3563 443 3617 maium
466 3564 504 3616 sit
528 3563 564 3615 ab
592 3562 644 3616 illo
669 3563 775 3632 paedia
803 3562 917 3631 divinae
944 3568 1064 3615 centen-
1091 3579 1207 3634 operum
1226 3562 1468 3618 demonstrandam
1481 3580 1531 3617 nos
1547 3562 1680 3634 impellat.
1701 3562 1800 3618 Matth.
1814 3567 1840 3633 t,
1856 3580 1883 3618 r.
1897 3568 1927 3620 'is

223 3649 364 3718 piationir
382 3648 496 3703 edelredi
514 3652 565 3702 elo.
586 3648 668 3712 baec,
693 3649 823 3717 inquam,
847 3646 971 3717 capitone
994 3647 1066 3702 nibil
1094 3648 1164 3711 Quis
1181 3648 1383 3703 demonstrauit
1399 3649 1476 3704 nobie
1492 3649 1594 3718 supere
1613 3667 1632 3702 a
1650 3656 1768 3704 uentura
1785 3649 1850 3704 irat
1866 3666 1891 3703 r.
1902 3654 1927 3706 8.

227 3743 268 3789 est
296 3736 379 3789 aliud
404 3751 488 3805 ππαπ
512 3734 589 3788 π’πϊα
616 3734 742 3789 omnibus
767 3735 918 3801 repudium
947 3735 1018 3788 dare
1040 3743 1065 3788 et
1090 3737 1191 3791 Facite
1208 3738 1319 3800 fructus
1336 3736 1511 3806 poenitentia
1529 3737 1638 3806 dipnos.
1657 3753 1682 3789 v.
1704 3740 1743 3792 10.
1765 3735 1835 3791 lam
1853 3735 1927 3791 enim

228 3823 324 3877 omnia
341 3822 534 3877 blandimenta
552 3821 684 3874 carnalia
702 3822 861 3884 refrenare.
886 3819 972 3892 Ηιιπα
992 3819 1064 3876 libro
1089 3822 1195 3878 securis
1217 3823 1259 3876 ad
1283 3821 1410 3875 radicem
1424 3821 1524 3888 posita
1542 3829 1589 3875 est.
1617 3821 1714 3875 Omns's
1740 3837 1806 3891 αππα
1829 3823 1927 3891 arbor,

229 3913 252 3965 3.
272 3909 307 3963 de
324 3907 421 3964 sirim:
441 3907 474 3963 Si
491 3924 572 3961 amor
591 3907 649 3960 Dei
668 3914 759 3960 tenere
772 3925 829 3960 παπ
842 3915 947 3977 potest,
964 3907 1063 3962 saltmn
1089 3926 1161 3978 auae
1178 3927 1234 3964 non
1254 3910 1330 3973 facit
1347 3909 1480 3974 fructum
1504 3909 1616 3975 bonum,
1644 3910 1817 3963 exscinditur
1842 3916 1868 3963 et
1895 3910 1926 3963 in

227 4002 320 4048 teneat
343 4002 368 4048 et
397 4000 502 4048 terreat
533 3994 618 4047 timor
639 3992 766 4061 judicis,
795 4000 884 4047 metus
912 3992 1062 4063 cebennae,
1089 3996 1182 4063 α’ππαπ
1201 3995 1327 4050 mittitur.
1362 3992 1463 4049 Omnes
1483 4010 1527 4049 res
1546 3993 1673 4050 viventes
1690 4010 1792 4049 arcarm
1809 4001 1926 4050 naturae

227 4082 325 4152 laquei
341 4080 455 4145 mortu,
475 4081 591 4135 dolores
608 4080 729 4146 inferni,
749 4080 824 4149 ἱππέα
843 4096 944 4150 urens,
962 4080 1064 4134 vermis
1089 4080 1222 4137 instinctu
1250 4084 1367 4136 mortem
1394 4079 1575 4153 temporalem
1602 4080 1715 4136 horrent
1740 4073 1774 4135 sc
1804 4078 1925 4151 fugiunt,

226 4169 388 4235 corrodens,
407 4166 505 4234 sulfur
523 4167 641 4234 foetum,
659 4165 774 4232 damma
786 4173 916 4219 tartarea
932 4175 958 4220 ct
969 4166 1063 4219 omnia
1089 4166 1162 4222 unde
1179 4184 1247 4238 ergo
1265 4174 1315 4231 est,
1338 4166 1413 4238 quod
1431 4165 1513 4221 homo
1531 4167 1638 4222 ratione
1655 4165 1799 4238 praeditus
1816 4182 1850 4221 sc
1869 4164 1925 4223 fids

227 4253 312 4309 maia.
1088 4254 1183 4309 divina
1199 4253 1314 4309 edoctus
1336 4252 1532 4324 sempiternam
1551 4258 1666 4306 mortem
1687 4267 1742 4305 non
1761 4250 1854 4309 horret
1873 4268 1925 4308 nso

262 4344 304 4395 90.
344 4344 368 4396 2.
386 4338 423 4393 In
439 4339 533 4408 specie
553 4338 579 4406 1)
600 4357 619 4391 a
639 4336 758 4390 libidine
779 4344 804 4390 et
822 4337 948 4390 omnibus
966 4337 1062 4390 cornis
1087 4338 1181 4411 sugit?
1206 4337 1235 4394 Si
1256 4357 1328 4394 unus
1345 4345 1454 4394 tantum
1473 4338 1516 4392 vel
1537 4338 1592 4392 duo
1610 4338 1655 4392 rel
1675 4343 1731 4391 tres
1750 4354 1783 4393 ox
1796 4336 1924 4394 uniuerso

226 4425 422 4495 uoluptatibus.
462 4423 597 4479 Memoria
619 4423 692 4495 ignis
715 4423 820 4478 aeterni
847 4424 1009 4494 exstinguat
1032 4421 1061 4476 in
1087 4441 1189 4496 genere
1208 4425 1328 4480 humano
1348 4423 1498 4479 damnandi
1518 4430 1617 4490 essent,
1644 4422 1741 4477 merito
1761 4423 1857 4478 timere
1877 4423 1924 4481 de·

227 4512 307 4568 nobis
325 4512 450 4567 ardorem
468 4510 600 4579 libidinis,
623 4526 743 4565 amorem
765 4509 883 4564 oarnslis
902 4508 1063 4578 voluptatis,
1089 4510 1166 4567 beret
1183 4510 1301 4582 quisque
1319 4517 1451 4573 nostrum,
1472 4526 1507 4564 ne
1525 4526 1559 4564 ex
1578 4508 1688 4564 illorum
1704 4526 1818 4565 numero
1834 4514 1922 4581 asret;

227 4599 361 4654 servorem
381 4597 494 4654 illicitae
512 4597 682 4669 cupiditatis.
719 4596 869 4652 Siderum
891 4612 925 4651 sc
948 4594 1062 4652 difficile
1084 4599 1142 4669 jam
1161 4613 1226 4651 vero
1237 4601 1347 4651 constat
1358 4613 1391 4651 ex
1407 4595 1493 4651 saone
1512 4595 1608 4664 literis,
1625 4595 1770 4652 innumera
1782 4595 1924 4654 hominum

226 4685 279 4742 tibi
295 4685 406 4740 videtur
431 4685 521 4740 carnis
547 4684 785 4755 concupiscentias
810 4681 950 4740 refrenare
967 4689 996 4738 et
1014 4699 1060 4737 vo·
1087 4682 1175 4738 millia
1193 4681 1364 4737 damnationi
1381 4680 1440 4736 iore
1458 4681 1587 4749 obnoxia,
1607 4682 1681 4738 unde
1693 4699 1759 4754 ergo
1777 4687 1828 4751 est,
1846 4682 1922 4756 quod
1979 4708 1981 4715 >

227 4772 365 4843 inpiatum
384 4787 505 4826 amorem
525 4772 710 4843 exstinguere,
730 4770 837 4842 cogita,
860 4768 943 4840 longe
966 4768 1061 4823 durius
1087 4768 1192 4825 timoris
1218 4766 1307 4823 omnis
1332 4773 1459 4838 expertes
1487 4767 1515 4823 in
1540 4768 1689 4825 mouritate
1716 4767 1821 4825 emnali
1845 4767 1923 4825 inuri

227 4873 261 4912 so
277 4855 420 4912 difficilius
438 4855 498 4911 iore
516 4855 617 4912 inferni
628 4857 722 4928 ignem
739 4856 857 4911 tolerare
876 4855 944 4910 etin
963 4855 1061 4910 mediis
1086 4852 1249 4910 haeremus?
1277 4852 1490 4925 chrysostomus
1508 4852 1601 4914 homil
1620 4862 1662 4911 11.
1681 4855 1710 4909 in
1729 4853 1841 4913 bistili:
1864 4856 1922 4913 Oro

227 4941 346 4998 flammis
364 4950 506 4998 aetemum
524 4941 630 4997 ardere.
664 4941 840 5012 Augustinus
865 4957 984 4996 sermon.
1003 4944 1061 4998 181.
1087 4950 1171 5012 atque
1191 4942 1313 5010 obsecro,
1333 4943 1447 5010 παππαα
1466 4943 1502 4995 de
1521 4943 1646 5011 pelenna
1665 4941 1819 5013 quidquam
1837 4943 1922 4997 audi-

227 5028 261 5084 ds
275 5034 404 5101 tempor:
423 5028 503 5082 Haec
514 5029 668 5083 recordare
678 5037 704 5083 ct
721 5029 813 5099 ipnem
827 5027 908 5083 illum
920 5027 1061 5097 cebennae
1087 5048 1157 5099 mus,
1172 5045 1400 5100 compmipamur.
1438 5027 1520 5083 Nibil
1549 5028 1621 5082 enim
1639 5036 1709 5083 certe
1726 5028 1778 5083 boc
1796 5044 1923 5084 emmone

227 5115 280 5178 bis,
297 5134 369 5187 quae
389 5124 415 5169 tc
433 5132 507 5169 nunc
526 5114 677 5183 sospitant,
690 5115 816 5184 flammis
829 5114 956 5169 libidinis
973 5122 999 5169 et
1012 5132 1062 5168 cu·
1082 5115 1239 5185 jucundius
1265 5123 1318 5184 est,
1346 5114 1575 5185 quandoquidem
1604 5113 1676 5169 nibil
1701 5116 1739 5167 sit
1768 5113 1813 5169 bis
1839 5114 1923 5169 rebus

224 5203 359 5272 piditatis
377 5218 494 5272 oppone.
529 5199 709 5256 Bernhardus
728 5217 845 5257 sumen
865 5206 905 5256 b'l.
924 5201 961 5257 de
980 5200 1061 5256 modo
1087 5202 1221 5256 amarius.
1240 5202 1280 5255 Et
1292 5201 1441 5270 quarrada,
1453 5200 1571 5270 inquies,
1586 5199 1755 5267 depebcnna
1767 5200 1923 5271 quidquam

229 5286 299 5343 bene
318 5287 441 5343 vivendt
462 5286 601 5341 Memoria
619 5287 735 5340 ardoris
752 5287 1062 5358 pebmnaeeustinpimt
1087 5287 1191 5341 audire
1214 5304 1249 5341 ac
1275 5287 1369 5341 dicere
1384 5287 1544 5356 jucundum
1567 5302 1626 5339 esse
1652 5285 1778 5340 memini
1814 5284 1923 5359 Quippe

228 5376 258 5429 in
281 5383 307 5428 te
329 5376 461 5428 ardorem
484 5372 626 5427 uitiorum.
659 5372 687 5440 2)
714 5373 879 5428 Ariseria.
909 5372 990 5427 Multi
1015 5372 1062 5428 hic
1086 5373 1219 5445 πααπίαπ
1235 5389 1281 5427 ree
1293 5371 1384 5427 tristis
1400 5379 1441 5426 est
1453 5373 1483 5426 in
1498 5370 1652 5442 cebennam
1664 5370 1796 5442 incidere,
1813 5371 1923 5429 idcirco

228 5460 375 5529 devorant,
409 5459 483 5531 quod
510 5458 539 5513 in
566 5463 678 5514 esterno
700 5457 766 5529 igne
793 5460 976 5530 concoquant.
1011 5457 1062 5516 uu
1086 5459 1137 5529 oui
1155 5458 1192 5512 ab
1211 5476 1245 5514 ea
1263 5476 1294 5513 re
1308 5459 1411 5531 procui
1429 5465 1568 5528 amovent,
1596 5474 1736 5512 ammones
1763 5458 1925 5514 suamsrims'
