4050 6014
221 119 280 180 sse
756 79 760 88 ’
866 105 1095 165 macrinus
1112 107 1291 174 eaustus

104 281 148 344 .¹¹·
161 285 207 328 ua.
220 278 326 319 arenae
352 261 422 319 Gen.
441 266 489 330 22,
508 283 532 317 a.
554 268 594 319 17.
617 280 640 317 9.
661 265 707 331 32,
726 281 750 320 c.
769 267 814 318 12.
838 263 1058 329 deinde'finstar
1084 280 1158 323 mus:
1180 270 1201 321 1.
1221 264 1389 335 Prophetica
1405 265 1549 334 vaticinis,
1570 260 1848 336 quaedebenaiciis
1861 277 1924 318 eet·

220 350 370 405 stellarum
393 351 618 420 Gen.1.5,e.b.
647 351 701 404 erit
720 351 844 406 seculum
865 352 949 422 prius
968 351 1057 405 mille·
1084 349 1241 420 peralihus,
1268 350 1399 406 videlicet
1418 351 1453 406 de
1475 351 1710 421 multiplicatione
1732 350 1924 422 posteritatis,

221 437 344 506 narium,
357 446 461 506 postea
480 438 636 491 aeternitas
654 438 793 493 coelestes.
817 440 985 493 Benedictio
1005 439 1057 492 Ja·
1084 437 1290 491 introductione
1310 438 1340 490 in
1360 445 1469 492 terram
1489 438 1617 508 Cannam,
1640 440 1806 494 liberatione
1824 456 1860 493 ea
1876 453 1924 491 ca-

224 525 287 579 eobi
307 534 347 579 est
366 527 402 579 de
419 541 485 578 rore
504 525 576 578 coeli
595 537 619 579 et
643 526 788 595 opimitate
808 532 901 579 terrae
928 525 997 581 Gen.
1013 529 1057 590 27,
1084 524 1216 592 ptiuitate
1235 524 1415 592 Babylonica
1434 530 1484 579 etc.
1503 523 1667 596 loquuntur,
1697 523 1849 595 prudenter
1866 523 1924 577 dis-

223 631 250 667 9.
270 614 313 666 23.
332 628 398 681 erpo
415 612 540 681 primam
559 611 713 665 invitamur
733 614 776 665 ad
792 612 934 679 coelestia,
957 619 1059 681 postea
1084 609 1224 664 cernenda
1249 615 1312 664 sunt
1336 609 1373 665 ab
1396 610 1464 676 illis,
1489 627 1562 682 quae
1579 611 1615 665 de
1630 609 1773 666 benefieiis
1790 609 1924 681 spiritua·

224 707 368 753 aeternam
406 698 575 762 felicitatem
612 699 641 751 in
678 699 840 754 millenario
876 693 1166 776 consecuturi.,libus,
1184 695 1315 751 videlicet
1336 698 1532 752 devocatione
1550 698 1673 767 pestium
1692 714 1748 767 per
1766 696 1924 768 praediea·

223 787 305 839 Idem
320 785 461 853 probatur
482 785 671 839 benedictione
693 786 785 839 Erasi
814 785 882 839 Gen.
904 787 948 850 27,
964 803 989 838 v.
1008 788 1059 838 39:
1084 782 1187 836 tionem
1205 784 1347 853 euanpelii
1368 784 1398 838 in
1416 784 1494 840 Novo
1511 784 1690 839 Testamenta
1716 789 1745 838 et
1768 782 1923 838 commeani-

224 871 261 923 In
276 872 448 940 pinpuediae
468 879 562 926 terrae
583 876 609 925 et
626 887 693 925 rore
711 872 784 925 coeli
803 874 925 941 desuper
942 873 997 924 erit
1008 872 1059 924 lm-
1071 923 1073 927 ,
1085 870 1193 923 caecae
1211 870 1338 924 coelestis
1357 871 1468 938 pieriae
1485 872 1516 925 in
1532 872 1592 925 uita
1603 879 1720 925 aeter-m
1733 875 1830 943 agunt.
1859 868 1923 924 Pri-

225 957 322 1011 bitatio
338 965 396 1024 tua,
417 958 491 1029 quod
513 958 552 1011 sic
572 959 683 1027 exponit
701 957 905 1012 Tertullianus:
931 958 1058 1011 Judaee-
1070 937 1073 980 1
1084 955 1139 1010 eris
1157 957 1265 1029 generis
1280 957 1412 1013 vaticinia
1430 958 1594 1029 jamdudum
1613 963 1678 1013 sunt
1694 958 1840 1028 complete,
1857 957 1923 1011 ideo

223 1062 285 1097 ram
305 1044 456 1114 dispositio
481 1063 499 1099 a
517 1046 636 1098 terrenis
661 1044 740 1097 benis
767 1043 871 1096 imbuto
889 1060 945 1112 per
970 1044 1058 1113 lepem
1084 1059 1179 1097 eorum
1207 1045 1439 1114 complementum
1464 1040 1567 1100 frustra
1593 1045 1621 1099 in
1643 1044 1722 1100 Novo
1739 1042 1925 1100 Testamenta

220 1139 322 1201 pecten
340 1133 382 1184 ed
399 1131 531 1184 coelestia
549 1132 690 1184 eredendo
708 1146 761 1199 per
779 1130 953 1197 eeanpetiam
971 1132 1059 1184 deda·
1084 1135 1268 1200 exspectatur.
1292 1136 1316 1187 2.
1336 1131 1390 1185 Per
1401 1132 1633 1202 comparationem
1648 1130 1820 1202 posteritatis
1828 1128 1925 1184 Abra-

224 1218 307 1273 citur.
336 1218 416 1285 Erpa
433 1217 575 1271 antecedit
589 1216 750 1285 paradisus
766 1216 913 1282 secularis,
933 1216 1058 1285 sequitur
1084 1214 1137 1270 hae
1156 1232 1218 1269 eum
1239 1234 1328 1271 arena
1348 1218 1436 1273 maris
1455 1226 1481 1271 et
1498 1218 1588 1271 stellis
1602 1218 1677 1271 coeli
1692 1233 1779 1272 unum
1789 1216 1924 1287 idemque

225 1311 340 1359 aeterne
359 1304 463 1374 pieria.
494 1303 598 1357 Eodem
617 1302 740 1373 applicat
757 1302 893 1356 somnium
907 1302 1009 1358 Jacobi
1023 1301 1059 1356 de
1085 1300 1241 1372 denotatur,
1265 1303 1397 1359 videlicet
1415 1303 1543 1358 mirande
1562 1303 1689 1358 dilatatio
1707 1301 1735 1359 et
1754 1303 1923 1373 multiplica·

224 1396 305 1462 porta
323 1390 393 1445 coeli
411 1389 482 1444 Gen.
498 1395 539 1459 28,
556 1407 581 1442 v.
604 1395 643 1446 17.
675 1391 794 1442 Portam
812 1389 884 1443 coeli
900 1406 955 1443 nen
972 1344 1124 1443 nont-itio
1145 1388 1256 1442 seminis
1275 1387 1414 1453 Abrahae,
1435 1390 1515 1459 eujus
1535 1391 1724 1460 promissionis
1737 1389 1924 1461 complemen·
1939 1399 1983 1441 xx.
1997 1398 2023 1439 11

225 1484 333 1540 nasset,
361 1477 388 1530 si
407 1476 514 1529 coelum
533 1493 589 1528 nen
609 1475 708 1528 aditur
731 1477 811 1546 apud
833 1483 1000 1544 creatorem,
1029 1422 1145 1528 ruitum
1162 1473 1328 1528 describitur
1348 1482 1369 1532 1.
1389 1474 1458 1547 Reg.
1472 1483 1496 1542 1,
1515 1494 1540 1531 v.
1554 1482 1594 1532 16.
1613 1476 1678 1531 Eae.
1696 1483 1734 1541 19,
1748 1495 1774 1532 v.
1787 1482 1829 1532 ts.
1848 1493 1927 1531 cum·

221 1580 277 1632 per
306 1565 441 1616 mandam
467 1563 619 1615 seeundum
647 1562 761 1629 peceati
788 1563 910 1615 adeatur
939 1540 1181 1629 mundus'primis
1208 1577 1273 1616 vero
1301 1562 1450 1618 multitudo
1477 1563 1629 1633 spiritualis
1654 1563 1766 1617 seminis
1783 1561 1927 1628 Abrahae,

225 1650 404 1704 millenariae
427 1657 452 1703 et
476 1650 541 1702 inde
566 1649 758 1701 adscendatar
778 1649 892 1701 eoelum.
930 1647 1016 1703 Amos
1035 1653 1059 1712 9,
1086 1646 1103 1700 1.
1124 1663 1146 1700 9.
1166 1648 1337 1703 credentium
1353 1665 1385 1703 ex
1403 1650 1519 1705 ludaeis
1543 1656 1570 1705 et
1587 1649 1718 1721 gentibus
1736 1666 1786 1720 per
1804 1664 1926 1720 evange·

137 1722 140 1735 ¹
226 1755 252 1791 v.
265 1742 295 1792 6:
314 1737 457 1804 Aedificat
475 1736 504 1788 in
522 1735 599 1788 coelo
619 1736 785 1788 adscensum
802 1752 883 1788 suum
901 1734 945 1790 vel
962 1751 1059 1790 coena·
1086 1733 1152 1786 lium
1179 1733 1215 1787 ad
1240 1750 1358 1804 regnum
1383 1735 1502 1790 Messias
1528 1737 1648 1800 voeatis,
1681 1735 1819 1807 quomedo
1844 1733 1925 1788 sslam

226 1822 320 1878 culum
336 1838 417 1876 suum
437 1829 462 1874 et
480 1820 693 1875 mberreacalum
711 1838 796 1890 suuper
822 1828 928 1874 terrmn
946 1822 1059 1888 sunda·
1086 1819 1294 1888 promissionem
1324 1837 1385 1876 esse
1412 1821 1603 1891 accipiendam
1631 1821 1773 1893 colligitur
1803 1838 1836 1876 ex
1858 1821 1922 1874 Tea.

225 1911 272 1964 eit.
308 1909 451 1974 Aedificat
473 1908 605 1962 nonsibi
631 1908 689 1961 seli
710 1910 762 1962 sed
784 1917 810 1961 et
826 1908 899 1978 suis,
926 1909 976 1977 qui
999 1925 1059 1961 eum
1086 1909 1128 1969 ts,
1145 1922 1171 1957 v.
1191 1911 1229 1960 19.
1257 1906 1319 1961 Ose.
1342 1912 1365 1971 1,
1383 1925 1408 1960 v.
1428 1913 1466 1963 19.
1491 1907 1569 1964 Rem.
1590 1915 1614 1976 4,
1634 1925 1662 1963 v.
1685 1913 1722 1965 19.
1747 1924 1770 1962 9.
1789 1912 1814 1974 9,
1834 1924 1862 1962 v.
1881 1911 1924 1962 tt.

225 1997 278 2052 ille
296 2005 385 2052 erunt.
421 1999 502 2064 Erpo
519 1996 548 2048 in
568 2003 647 2049 terra
670 2004 710 2050 est
731 1996 861 2063 felicitas
886 1970 1108 2060 99111999919,13,
1127 1990 1287 2047 Benedictio
1306 1995 1341 2046 de
1359 2011 1425 2047 rore
1446 1995 1520 2048 coeli
1536 2004 1568 2055 et,
1586 1996 1760 2064 pinpucdine
1778 2003 1876 2049 merae
1893 1993 1923 2047 in

225 2085 293 2138 inde
323 2083 474 2137 translatio
505 2083 535 2136 in
562 2082 670 2136 coelum
701 2083 884 2136 aeternitatis.
935 2081 1061 2136 Adducit
1086 2093 1169 2132 sensu
1189 2078 1290 2133 literali
1309 2079 1492 2146 fertilitatem,
1523 2081 1551 2134 in
1569 2097 1651 2136 sensu
1669 2081 1873 2153 synecdochice
1889 2098 1924 2136 ac

227 2171 310 2226 etiam
330 2169 399 2224 haee
418 2169 494 2224 dicta
511 2168 675 2240 prophetice
692 2168 755 2222 Esa.
777 2174 818 2238 49,
836 2186 863 2223 9.
884 2174 927 2225 ts:
965 2169 1060 2221 Omni·
1086 2164 1223 2234 spirituali
1241 2167 1329 2220 omnis
1350 2167 1462 2238 generis
1480 2167 1617 2223 beneficia
1633 2167 1789 2239 corporalia
1814 2184 1848 2224 sc
1866 2167 1923 2238 spi·

227 2259 277 2313 bus
302 2257 347 2311 619
368 2256 443 2309 uelut
472 2263 635 2309 mnamente
661 2254 788 2308 vestieris
818 2262 844 2308 et
872 2255 1060 2308 circumdabis
1086 2251 1204 2322 ritualia,
1222 2264 1399 2324 nequaquam
1417 2271 1483 2310 vero
1498 2254 1645 2309 millenarii
1663 2254 1923 2327 cujusdamimsgi·

226 2344 279 2397 tibi
296 2361 342 2397 eos
360 2342 445 2412 quasi
459 2358 571 2410 mensa.
606 2340 671 2396 Esa
690 2346 732 2409 69,
746 2358 772 2397 v.
793 2346 821 2396 8:
854 2339 985 2403 Quicum
1005 2299 1193 2405 isti'nariam
1219 2339 1383 2394 felicitatem
1408 2341 1609 2412 complectitur.
1645 2347 1669 2397 4,
1695 2341 1837 2406 Quaedam
1860 2357 1924 2413 pro

227 2430 276 2500 qui
295 2429 370 2482 eelut
387 2429 471 2482 nubes
490 2427 586 2480 colant
606 2435 631 2480 et
645 2427 730 2496 quasi
747 2426 891 2480 columbae
914 2429 956 2480 ad
979 2429 1060 2493 fene·
1087 2422 1233 2493 phocarum
1242 2426 1382 2494 vaucinia,
1401 2427 1561 2499 cumprimis
1578 2427 1711 2483 historica
1727 2427 1924 2490 acdidsefica,

227 2524 303 2570 strae
320 2517 411 2569 suasi
435 2533 461 2574 v.
478 2519 502 2570 9.
528 2516 672 2567 adducam
691 2514 767 2577 filios
785 2520 848 2567 tues
867 2530 881 2567 e
899 2515 1060 2584 lonqinquo,
1086 2516 1144 2564 tam
1164 2514 1321 2582 peneralie,
1343 2530 1416 2585 quae
1433 2514 1469 2569 ad
1488 2530 1583 2569 omnes
1601 2515 1733 2584 hemines,
1758 2532 1842 2587 quam
1861 2532 1924 2586 spe-

228 2610 374 2671 arpentam
392 2620 487 2657 eoram
505 2610 530 2656 et
550 2619 649 2655 aarum
675 2617 788 2670 corum,·
813 2618 839 2655 v.
860 2606 899 2657 19.
927 2603 1060 2668 aedifica·
1087 2597 1198 2665 eialia,'
1217 2616 1288 2670 quas
1307 2598 1344 2653 ad
1361 2606 1468 2655 eertum
1485 2600 1604 2672 aliquem
1623 2602 1755 2672 populum
1774 2601 1926 2672 pertinent,

229 2689 295 2743 bant
314 2690 371 2754 atii
382 2689 599 2758 pereprinorum
618 2705 713 2742 mares
731 2695 792 2740 tuos
815 2695 941 2757 strepas
967 2705 1061 2743 mmai
1088 2686 1250 2758 accipienda
1278 2692 1344 2741 sunt
1369 2691 1455 2761 ῥητῶς
1481 2694 1529 2743 rat
1557 2693 1711 2766 ἱστορικοῖς,
1744 2694 1775 2743 ut
1808 2689 1925 2760 quande

227 2775 425 2830 ministrabant
446 2775 517 2844 tibi,·
549 2792 574 2829 v.
596 2780 634 2830 11.
659 2775 822 2844 aperiantur
839 2782 943 2844 portae
966 2792 1061 2830 eorum
1087 2773 1185 2827 Esaias
1203 2772 1283 2841 dicit,
1306 2773 1442 2841 sirpinem
1462 2790 1520 2828 esee
1538 2783 1733 2845 concepturam
1752 2792 1786 2829 ae
1809 2776 1925 2844 paritu-

222 2863 341 2933 jupiter.
376 2861 450 2918 Dan.
470 2868 494 2924 1,
515 2879 541 2917 v.
564 2865 610 2916 13:
643 2863 718 2915 Ecce
750 2877 812 2914 eam
840 2860 958 2914 nubibas
991 2863 1065 2916 coeli
1087 2877 1150 2913 ram
1164 2858 1372 2927 Immaauslem,
1391 2860 1502 2930 quande
1519 2877 1727 2930 praecursorem
1739 2860 1860 2916 Messias
1876 2879 1924 2916 ro·

228 2949 312 3019 quasi
326 2948 404 3013 tilius
423 2947 544 3001 beminis
562 2947 694 3002 ueniebat.
722 2945 806 3000 Zach.
827 2952 851 3014 5,
869 2964 894 3000 v.
910 2952 941 3003 9:
959 2948 1065 3001 Leaam
1089 2951 1135 3000 eat
1153 2962 1246 2999 aecem
1267 2945 1416 2999 clamantis
1435 2948 1465 3000 in
1483 2949 1601 3015 decemo,
1626 2948 1738 3019 quande
1761 2947 1926 3017 passionem

228 3036 324 3090 ocules
348 3043 375 3089 et
396 3034 471 3099 uidi,
500 3050 561 3087 ecce
587 3035 661 3086 dane
686 3031 819 3086 mulieres
844 3034 1017 3103 epredientcs
1038 3043 1063 3087 et
1089 3042 1114 3087 et
1136 3041 1250 3087 mortem
1268 3032 1393 3085 Messias
1411 3034 1561 3106 praedicit;
1581 3035 1719 3105 quasdam
1737 3051 1804 3090 rere
1822 3052 1925 3104 μυστι-

227 3138 290 3176 ecee
307 3122 392 3190 quati
410 3120 529 3190 spiritus
547 3120 578 3172 in
597 3119 654 3173 aiis
673 3135 776 3172 earam.
808 3117 986 3175 Recentiores
999 3119 1062 3174 Chi·
1088 3122 1150 3186 κῶς,
1168 3122 1297 3186 τυπικῶς,
1320 3123 1492 3193 συμβολικῶς
1510 3126 1558 3174 καὶ
1573 3119 1767 3194 ἀλληγορικῶς,
1788 3119 1925 3192 adquam

227 3208 325 3262 liastae
343 3207 487 3276 complura
505 3206 648 3260 cumulant
673 3203 754 3259 dieta.
791 3204 852 3260 Eae.
872 3210 896 3274 2,
916 3222 941 3261 v.
961 3211 990 3260 2:
1026 3208 1064 3260 In
1089 3205 1269 3275 posteriorem
1288 3205 1403 3260 classem
1422 3206 1576 3277 pertinent,
1601 3223 1672 3278 quac
1692 3207 1727 3260 de
1745 3212 1819 3261 stetu
1838 3207 1926 3263 eccle-

227 3296 385 3349 neuissimie
411 3294 509 3348 diebas
533 3311 612 3346 mons
638 3294 737 3345 demus
761 3293 882 3345 Domini
903 3294 933 3346 in
962 3290 1147 3347 uerticesiae
1166 3290 1312 3345 militantis
1330 3291 1358 3344 in
1377 3291 1455 3347 Novo
1473 3292 1651 3348 Testamento
1675 3309 1708 3347 ac
1735 3299 1810 3348 statu
1833 3294 1926 3348 eccle-

227 3383 362 3436 montium
383 3390 408 3435 et
425 3388 519 3449 pentes
536 3383 578 3434 ad
596 3398 657 3434 eum
672 3381 763 3448 fluent
781 3385 833 3437 etc.
859 3395 918 3449 cap.
939 3385 978 3449 11,
994 3398 1018 3436 v.
1032 3386 1063 3436 6:
1090 3377 1147 3432 siae
1166 3376 1362 3448 triumphantis
1377 3377 1405 3431 in
1418 3379 1501 3433 coelis
1513 3378 1709 3450 metaphoricis
1722 3378 1815 3434 verbis
1827 3386 1926 3450 egum.

126 3478 127 3483 ’
229 3469 378 3523 Habitabit
397 3468 482 3537 lupas
500 3484 561 3520 mem
575 3485 650 3536 apno
662 3474 688 3520 et
704 3467 817 3536 pardus
832 3483 894 3520 eam
907 3467 997 3521 boeda
1009 3474 1062 3522 etc.
1092 3470 1115 3519 5.
1134 3464 1167 3517 ln
1186 3464 1242 3519 illis
1260 3464 1334 3518 enim
1353 3465 1376 3519 si
1397 3465 1459 3535 quis
1477 3468 1514 3538 τῷ
1532 3469 1605 3543 ῥητῷ
1628 3466 1711 3521 nimis
1728 3472 1805 3523 arcte
1824 3466 1926 3522 adhae-

227 3571 289 3625 cap.
310 3560 352 3620 25,
369 3573 393 3608 v.
415 3559 444 3610 6:
476 3555 574 3607 Faciet
594 3553 733 3606 Dominus
748 3553 918 3606 exercituum
937 3554 1064 3607 omnibus
1091 3566 1197 3605 reicere
1216 3551 1431 3620 velitpstatuere
1452 3557 1573 3622 cogetur,
1600 3562 1740 3608 terrenam
1760 3552 1926 3622 Hierosoly·

224 3641 344 3711 pepalis
360 3641 390 3693 in
408 3642 458 3694 bec
477 3647 567 3694 monte
586 3640 741 3693 conuicium
756 3639 970 3709 piapuiumetc.
1002 3657 1063 3711 cap.
1091 3656 1165 3690 mem
1181 3639 1284 3691 iterum
1303 3640 1555 3709 exaedificandum,
1576 3640 1728 3693 Isratlites
1746 3656 1780 3694 ee
1799 3641 1927 3695 omnibus

230 3733 271 3793 ³0,
291 3744 318 3781 s.
339 3731 386 3782 26:
405 3726 475 3779 Erit
494 3726 544 3780 luc
562 3726 645 3780 lunae
663 3728 736 3780 sicut
754 3726 803 3780 lua
819 3726 897 3794 selis,
919 3735 944 3780 et
962 3727 1064 3781 lanso·
1090 3725 1216 3792 pentibus
1236 3727 1277 3780 ad
1294 3742 1355 3779 eam
1375 3730 1596 3797 conprepandes,
1623 3728 1769 3795 sacrificia
1788 3744 1926 3798 corpora-

228 3813 267 3867 lis
292 3812 349 3865 erit
372 3812 588 3880 septempliciter
620 3811 693 3865 sieut
726 3811 775 3865 tun
810 3821 914 3880 septem
947 3813 1063 3866 dierum.
1090 3812 1133 3864 lia
1151 3820 1177 3866 et
1196 3821 1311 3867 externa
1330 3814 1422 3866 denuo
1442 3815 1602 3884 efferenda,
1625 3817 1752 3884 adeoque
1772 3814 1927 3868 Leoiticum

229 3914 290 3969 cap.
310 3903 351 3962 35,
370 3916 395 3954 v.
414 3903 445 3953 9:
462 3899 528 3952 Non
548 3898 602 3951 erit
619 3898 659 3951 ibi
676 3898 722 3951 lee
742 3906 768 3951 et
786 3915 879 3966 rapas
901 3898 989 3952 bestia
1008 3909 1065 3952 non·
1096 3897 1201 3952 Veteris
1225 3901 1395 3954 Testamenti
1412 3901 1516 3954 cultum
1533 3917 1593 3955 esse
1614 3903 1821 3971 reducendam,
1845 3903 1928 3973 cujus

231 3987 383 4039 cincendet
405 4000 460 4054 per
485 4001 546 4038 enm
553 4005 565 4054 ,·
590 4001 615 4037 v.
638 3989 678 4040 19.
703 3985 861 4037 redemtio
879 3986 1004 4039 Domine
1022 4003 1064 4040 ee·
1091 3986 1257 4040 contrarium
1276 4004 1325 4041 sue
1344 3988 1404 4042 loce
1422 3987 1677 4043 demonstravimus.
1712 3994 1736 4044 6.
1762 3986 1929 4058 Repetenda

230 4071 308 4126 nient
327 4072 357 4125 in
378 4071 447 4125 Sion
466 4080 491 4125 et
509 4079 681 4126 reuertentur
705 4088 766 4125 cum
789 4072 965 4138 iubilatione.
1003 4089 1064 4144 cap.
1090 4071 1176 4143 igitur
1201 4072 1254 4127 hoc
1281 4072 1341 4128 leco
1370 4074 1482 4144 regula,
1512 4077 1747 4144 quemadmodum
1769 4075 1929 4146 prophetae

232 4162 273 4227 69,
293 4173 319 4214 v.
340 4161 386 4213 1³:
416 4158 491 4211 Ecce
506 4157 583 4210 serei
598 4157 653 4210 mei
670 4159 821 4224 comedent,
840 4175 900 4212 eece
917 4159 993 4212 serui
1011 4162 1067 4213 mci
1092 4158 1196 4212 emtam
1215 4160 1294 4214 Neci
1315 4160 1487 4215 Testamenti
1503 4163 1663 4217 describant
1682 4161 1773 4215 uerbis
1791 4163 1834 4215 ad
1851 4161 1929 4230 lepa-

230 4243 410 4297 laetabuntur
429 4251 455 4297 et
473 4243 640 4313 jubilabant
652 4260 728 4313 prae
751 4244 936 4299 exsultatione
960 4247 1063 4301 cordis.
1090 4246 1145 4300 lem
1168 4246 1275 4300 Veteris
1294 4248 1465 4301 Testamenti
1483 4248 1588 4302 cultum
1610 4250 1731 4319 proprie
1754 4247 1930 4316 pertinenti-

230 4347 256 4384 v.
278 4336 317 4386 19.
346 4330 503 4385 Exsultabe
523 4330 553 4383 in
572 4330 753 4386 Hierusalem
773 4338 798 4384 et
816 4331 944 4401 pendebo
962 4332 993 4384 in
1010 4349 1064 4401 po·
1092 4330 1142 4385 baa
1161 4339 1188 4386 et
1207 4348 1239 4385 ea
1258 4349 1289 4386 ee
1310 4333 1461 4400 desuemtis,·
1487 4334 1529 4387 ita
1548 4350 1657 4404 queque
1683 4350 1801 4403 repnum
1820 4331 1930 4388 Christi

228 4417 299 4487 pulo
314 4433 382 4472 mea
418 4433 478 4488 cap.
497 4422 538 4486 66,
559 4435 585 4473 v.
605 4423 650 4477 23:
684 4418 752 4471 Brit
777 4417 880 4472 mensis
910 4435 942 4472 ec
968 4435 1066 4487 mense,
1091 4418 1241 4487 spirituale
1266 4420 1422 4489 depinpunt
1453 4421 1598 4476 vocabulis
1625 4437 1723 4476 rerum
1750 4428 1929 4476 terrenarum

230 4505 377 4558 sabbatum
396 4521 429 4558 ec
445 4505 574 4572 sabbato,
600 4507 688 4560 ueniet
706 4505 795 4560 omnis
811 4522 894 4573 care,
916 4512 947 4558 ut
965 4507 1065 4560 adoret
1092 4520 1125 4557 ea
1151 4511 1227 4558 statu
1255 4504 1388 4559 ecclesiae
1413 4507 1465 4559 sub
1497 4506 1590 4561 Veteri
1620 4507 1795 4561 Testamento
1823 4505 1930 4563 usitate

232 4606 328 4644 coram
344 4591 422 4654 facie
440 4607 510 4645 mea.
546 4590 604 4646 Jer.
623 4596 664 4660 30,
683 4609 709 4648 v.
731 4596 760 4647 8:
793 4593 943 4647 Centeram
962 4593 1066 4662 jupam
1090 4592 1200 4660 putta,
1229 4607 1301 4663 quae
1327 4592 1445 4663 proinde
1472 4593 1569 4664 typice
1590 4609 1624 4648 ac
1646 4593 1835 4664 metaphorice
1862 4600 1930 4648 sunt

231 4677 293 4745 ejas
312 4677 505 4730 decollatae
525 4685 551 4730 et
573 4677 713 4731 uinculum
738 4678 799 4746 ejus
826 4678 1015 4748 disrumpam,
1041 4687 1067 4733 st
1092 4677 1264 4748 explicanda.
1304 4678 1543 4741 Quemadmodum
1571 4681 1696 4750 apostoli
1721 4680 1813 4735 uerbis
1842 4680 1930 4750 bajas

232 4781 288 4816 non
305 4762 427 4816 servierat
450 4763 480 4815 in
498 4779 529 4816 eo
551 4763 662 4831 alienis,
681 4781 708 4818 v.
723 4768 746 4818 9.
766 4766 818 4817 sed
834 4765 955 4819 servient
967 4766 1066 4819 Domi·
1092 4763 1182 4817 semsli
1200 4765 1360 4819 describunt
1388 4782 1433 4819 res
1455 4767 1552 4830 futuri
1577 4767 1680 4836 semtli,
1706 4768 1747 4820 ita
1770 4766 1928 4836 prophetae

231 4866 269 4903 no
286 4851 350 4903 Dee
367 4866 418 4903 sue
439 4856 465 4902 ct
484 4849 585 4902 Dauid
600 4852 664 4917 repr·
680 4867 739 4918 suo,
761 4866 841 4920 quem
857 4852 998 4905 suscitabo
1017 4850 1065 4906 eis.
1092 4851 1183 4903 uerbis
1207 4851 1313 4906 Veteris
1339 4853 1511 4908 Testamenti
1533 4853 1691 4908 describunt
1715 4868 1762 4906 res
1782 4853 1860 4908 Nori
1878 4854 1929 4907 Te-

232 4952 294 5006 cap.
313 4940 355 4999 31,
378 4952 404 4991 v.
425 4941 471 4992 et:
501 4936 568 4988 Non
603 4937 711 4990 decebit
736 4937 815 5005 altra
840 4938 884 4990 eir
906 4939 1067 5008 prosimum
1093 4938 1231 4994 stomenti.
1268 4945 1290 4992 7.
1312 4935 1381 4992 Cum
1399 4955 1518 5010 regnum
1536 4939 1648 5004 Christi,
1668 4939 1743 5010 qued
1761 4939 1790 4993 in
1809 4938 1930 4994 ecclesia

232 5039 321 5092 suum,
339 5038 433 5076 omnes
451 5022 523 5076 enim
541 5029 705 5090 capnoseent
721 5039 771 5077 mc.
796 5022 894 5077 Esech.
914 5027 955 5089 36,
973 5041 997 5078 v.
1021 5029 1066 5079 10:
1093 5022 1278 5090 administrat,
1300 5023 1401 5095 duplex
1422 5026 1466 5096 sit,
1485 5025 1618 5081 videlicet
1635 5027 1748 5096 pratiae
1766 5033 1793 5079 et
1809 5026 1929 5096 pieriae,

233 5108 435 5178 Multiplicabe
458 5108 489 5161 in
513 5108 589 5162 vebis
617 5108 741 5161 hemines
768 5125 928 5179 omnemque
955 5111 1067 5163 demum
1094 5109 1156 5165 ideo
1173 5109 1324 5180 prophetae
1343 5112 1489 5184 utriusque
1507 5111 1723 5183 descriptionem
1740 5111 1851 5183 caepim
1864 5127 1930 5168 cen·

233 5191 336 5264 lsrad,
354 5202 380 5248 et
398 5195 596 5249 lectitabantur
613 5194 740 5248 ciuitates
758 5202 783 5248 et
794 5196 912 5248 ruinosa
924 5195 1066 5250 instaure-
1079 5236 1081 5243 .
1090 5197 1229 5268 jungunt,
1256 5199 1373 5268 proinde
1392 5216 1455 5255 eum
1475 5198 1610 5255 beneficia
1627 5198 1730 5255 Christi
1748 5205 1876 5271 passione
1895 5217 1929 5256 ac
1984 5197 1985 5200 ’

233 5280 341 5345 buntur,
360 5288 385 5334 et
409 5282 523 5351 replebo
539 5298 588 5336 eos
607 5280 763 5335 bominibus
782 5288 807 5334 et
819 5281 957 5349 jumentis
973 5286 1025 5336 etc.
1095 5284 1191 5338 merito
1209 5289 1290 5355 parta
1307 5287 1359 5356 piis
1378 5286 1407 5342 in
1432 5286 1486 5342 hac
1510 5287 1569 5342 vita
1590 5286 1738 5359 obtingant
1763 5286 1929 5352 inchoativo,

269 5371 310 5421 99.
346 5367 392 5421 Ad
412 5367 482 5423 haec
500 5374 529 5423 et
547 5367 648 5423 similia
665 5365 741 5420 dicta
758 5368 789 5421 in
807 5384 909 5435 penore
920 5369 1067 5440 responde·
1093 5369 1121 5423 in
1140 5370 1235 5427 futura
1254 5371 1312 5428 vita
1329 5374 1553 5444 conmmmatiee,
1572 5373 1636 5429 ideo
1654 5373 1791 5445 quaedam
1810 5374 1930 5446 prophe·
