4050 6014
147 121 151 132 ’
250 155 307 215 ssi
893 146 1122 207 mamacas
1135 148 1300 209 sermm

175 288 179 292 ’
248 299 278 352 Si
309 297 370 368 quis
402 298 538 368 excipiat,
567 299 731 353 diuitiarum
760 300 873 369 pencris
894 301 1079 369 (substantias
1104 303 1197 356 saerir
1208 303 1338 372 percepit
1354 302 1464 360 uatibus
1481 310 1565 373 atque
1583 307 1619 357 ab
1631 304 1702 377 iperii
1713 305 1817 360 iwrio
1832 307 1938 362 dictim

246 383 405 454 corporeae)
436 384 467 435 in
496 384 549 436 bae
582 385 759 454 differentias
790 387 830 454 (in
862 387 1015 458 simplicem
1051 393 1080 442 et
1104 404 1164 442 esee
1186 387 1341 441 arbitratus
1366 389 1429 441 nrt
1463 387 1541 443 Idem
1567 389 1596 443 in
1621 396 1727 461 quaest.
1757 397 1786 446 et
1811 407 1884 462 resp.
1903 391 1938 446 ad

246 471 373 533 mixtam,
401 469 551 523 animatam
583 475 611 523 at
639 469 832 534 inanimatam,
859 473 1023 528 rationalem
1051 477 1080 528 et
1104 473 1210 529 orthod.
1231 489 1257 543 q.
1278 479 1318 529 93.
1345 492 1373 544 p.
1398 478 1460 531 348:
1504 477 1541 529 In
1567 479 1803 532 consummatione
1835 495 1892 532 non
1910 480 1938 531 in

246 554 363 619 brutam,
382 553 540 611 sensitivam
563 562 591 609 et
615 556 811 625 vegetativam)
836 557 901 611 duic
926 559 1017 612 tolum
1037 575 1078 612 se·
1103 560 1197 623 coelo,
1225 560 1302 628 quod
1316 577 1390 613 nrrne
1408 567 1464 629 eat,
1487 568 1513 614 et
1532 562 1562 614 in
1581 569 1673 626 terra,
1698 579 1771 631 auae
1792 580 1867 617 nunc
1890 571 1939 629 ert,

246 640 309 693 culo
327 640 473 696 conuenire
495 649 577 711 atque
596 658 688 694 omnes
713 641 782 695 illas
806 643 993 714 differentias,
1018 662 1077 697 cor·
1104 645 1228 699 homines
1250 650 1398 713 saetarum
1427 647 1552 711 reserent
1580 647 1792 716 retributiones,
1821 649 1875 702 red
1909 649 1939 702 in

241 743 368 796 porcum,
389 727 551 797 animatum,
568 728 691 782 sentiens
710 734 771 794 etc,
795 729 825 782 in
847 730 957 782 bomine
982 719 1182 787 intro-leoelo
1200 747 1272 784 novo
1291 737 1316 783 et
1336 730 1365 783 in
1385 737 1464 783 terra
1489 748 1571 797 noua,
1597 735 1750 788 secuudum
1768 735 1848 787 dicta
1869 733 1937 786 Era.

244 816 374 886 praeiret
394 813 546 866 eminenter
566 815 698 884 reperiri,
718 814 741 868 is
761 815 874 885 cogitet,
893 816 982 885 primo
1005 816 1079 870 idem
1105 818 1148 871 65.
1173 822 1199 868 et
1222 817 1265 870 66.
1290 815 1397 869 Pralm.
1424 817 1485 869 102.
1512 817 1598 872 Hebr.
1624 821 1666 873 12.
1692 824 1744 873 etc.
1771 826 1879 890 quaeat.
1898 824 1938 876 tt.

246 898 334 968 excipi
347 916 428 968 posse
447 899 482 953 de
499 900 575 955 coelo
593 907 621 955 et
635 901 786 969 elementis,
806 902 880 972 quod
895 901 960 955 huic
973 901 1079 957 scilicet
1104 917 1167 971 pag.
1176 899 1252 956 aad:
1270 900 1438 954 inductione
1446 901 1573 955 meliorir
1582 903 1656 956 coeli
1665 904 1767 967 καινῶς
1779 909 1939 979 γινομένου,

250 985 387 1038 duntaxat
421 985 514 1039 seculo
547 985 656 1040 illorum
685 1004 751 1041 usus
783 988 944 1056 conveniat;
978 987 1079 1042 deinde
1103 1000 1199 1038 recens
1218 986 1302 1051 faeti,
1319 988 1522 1049 firmamentum
1540 988 1604 1041 tolli
1619 1004 1728 1042 maesse
1743 997 1939 1058 mutauerant

245 1076 451 1126 πολυποίκιλον
475 1071 529 1126 Dei
555 1072 720 1142 sapientiam
746 1074 833 1128 multo
859 1073 949 1144 magis
977 1074 1006 1128 in
1033 1089 1077 1127 ex·
1104 1070 1137 1122 id
1161 1073 1238 1140 mma
1263 1072 1305 1124 ad
1326 1072 1549 1126 corutitutionem
1575 1073 1655 1127 illam
1686 1073 1762 1128 nulli
1785 1075 1830 1151 rei
1852 1076 1892 1129 eit
1915 1083 1940 1129 et

245 1173 341 1226 pressa
360 1156 552 1210 distinctarum
565 1157 717 1227 specierum
730 1175 764 1213 ac
778 1159 928 1215 formarum
944 1159 1079 1213 varietate
1103 1157 1177 1220 usui,
1202 1164 1233 1208 ut
1256 1157 1320 1222 eiras
1345 1157 1461 1210 interitu
1486 1157 1531 1211 rel
1550 1165 1608 1212 tum
1626 1159 1736 1212 demum
1757 1166 1939 1228 eoarpuatur,

245 1259 328 1311 quam
347 1242 376 1296 in
396 1242 450 1295 ista
470 1242 619 1298 earundem
633 1245 753 1313 epitome
764 1245 895 1312 relucere,
915 1260 948 1299 ac
962 1243 1079 1314 proinde
1104 1258 1205 1294 uanum
1225 1257 1291 1309 esse,
1315 1244 1393 1311 quod
1412 1244 1448 1295 de
1473 1243 1560 1311 eodo,
1584 1260 1682 1313 erpere
1708 1245 1800 1313 s'psum
1824 1260 1939 1313 penera·
1979 1243 1982 1247 ’

246 1329 269 1382 si
297 1334 407 1384 nostrae
432 1329 564 1398 physices
589 1329 689 1400 aliquis
717 1348 783 1385 usus
811 1331 839 1385 in
867 1330 961 1386 futuro
986 1331 1079 1385 seculo
1105 1327 1189 1381 tionis
1206 1334 1232 1380 et
1249 1328 1499 1397 corruptibilitatis
1517 1345 1591 1399 esse,
1616 1330 1817 1394 circumfertur
1841 1348 1938 1387 eorum

243 1413 369 1479 iuturus,
403 1414 520 1470 rectiore
555 1416 670 1470 consilio
700 1417 792 1471 omnia
819 1417 900 1472 nobis
928 1415 1080 1486 spectanda
1105 1413 1247 1466 bominum
1264 1416 1376 1482 dopma,
1395 1416 1444 1483 qui
1460 1415 1869 1486 idinpenuumausrnnnqm
1884 1433 1941 1472 erre

243 1501 416 1570 propositum
434 1500 475 1568 iri,
496 1518 560 1554 curn
580 1501 690 1572 singula
708 1503 830 1573 penitius
848 1503 1027 1571 introspicere
1045 1519 1078 1556 ac
1105 1504 1130 1549 tt
1164 1501 1219 1562 fine
1249 1515 1347 1553 ΟΜΝ
1378 1500 1517 1556 dixerunt·
1548 1507 1654 1572 quaesi
1681 1510 1722 1560 95·
1753 1521 1780 1574 p·
1807 1508 1872 1562 349:
1909 1503 1942 1558 Si

242 1587 352 1656 plenius
367 1586 524 1657 intelligere
538 1589 698 1657 poterimus.
724 1587 840 1643 ‘lilenus
852 1594 924 1659 part.
940 1594 961 1643 2.
975 1588 1078 1658 disput.
1102 1584 1185 1650 iuxta
1210 1585 1368 1653 apostolum
1400 1586 1525 1640 Paulum
1552 1589 1691 1656 praeterit
1718 1588 1831 1642 trabitur
1856 1588 1940 1659 bujue

108 1679 284 1736 s.1axsn·b'l.
305 1674 330 1740 ἦ.
352 1680 394 1730 45,
413 1677 441 1727 et
459 1679 500 1730 lb.
537 1680 560 1727 6.
580 1675 627 1728 Ec
645 1675 748 1728 entium
766 1676 839 1728 serie
858 1683 883 1727 et
902 1674 1077 1728 connexione.
1104 1669 1216 1735 muudi,
1244 1678 1348 1724 certum
1376 1678 1435 1735 eu,
1458 1671 1542 1726 simul
1564 1675 1724 1727 necessario
1749 1675 1813 1728 alia
1837 1674 1940 1743 ornata,

97 1747 228 1838 ῑέξῑξοζῗζο
244 1758 275 1812 ln
294 1758 399 1814 entium
418 1759 508 1829 gradu
528 1776 665 1814 summum
690 1759 797 1814 obtinet
816 1760 907 1814 locum
926 1760 1011 1828 Deus,
1030 1776 1077 1812 ens
1104 1772 1176 1823 auae
1204 1764 1324 1824 propter
1357 1756 1480 1810 habitum
1508 1761 1608 1812 mundi
1639 1769 1705 1814 sunt
1734 1761 1849 1830 effecta,
1881 1777 1940 1814 cum

134 1851 209 1890 stans.
243 1845 397 1899 increatum
417 1850 445 1898 et
466 1844 611 1910 infinitum,
640 1846 685 1900 cui
708 1847 841 1916 competit
858 1845 1008 1901 aeternitas
1028 1843 1075 1898 ab·
1103 1841 1204 1894 mundi
1219 1841 1315 1893 babitu
1345 1857 1404 1895 erre
1416 1844 1624 1911 praeteritura.
1661 1846 1819 1922 inducetur
1846 1854 1936 1900 auum

242 1931 342 1999 soluta,
370 1929 407 1985 ab
434 1937 499 1984 ante
523 1938 550 1984 et
569 1940 650 1998 post,
676 1931 814 2002 principio
841 1935 870 1986 et
891 1931 946 1985 tine
965 1946 1077 2000 prorsus
1104 1944 1203 1980 nouum
1222 1927 1328 1981 coelum
1348 1936 1373 1980 et
1392 1936 1478 1993 terra,
1498 1930 1547 1982 ubi
1559 1930 1648 1998 justis
1673 1939 1699 1984 et
1726 1933 1843 2000 injustus
1859 1932 1940 1986 meri-

243 2033 346 2071 carens
391 2016 518 2070 Proximo
551 2016 650 2072 deinde
685 2018 744 2072 loco
773 2021 933 2071 statuuntur
962 2014 1077 2085 spiritus
1104 2021 1195 2067 torum
1217 2015 1351 2081 praemia
1380 2016 1543 2071 tribuentur.
1585 2016 1698 2085 (Postea
1726 2022 1822 2072 tamen
1849 2016 1939 2072 addit:

138 2127 182 2167 χχ,
196 2127 229 2166 07,
243 2102 342 2170 creati,
365 2100 459 2172 angeli
483 2100 589 2156 scilieet
614 2109 642 2157 et
667 2101 775 2156 animae
799 2101 950 2167 humanas,
977 2100 1078 2169 quibus
1105 2103 1169 2152 ai're
1195 2099 1248 2152 etsi
1277 2101 1319 2153 ad
1344 2101 1558 2170 respirationem
1585 2120 1641 2155 non
1670 2101 1875 2172 indipebimus‚
1902 2104 1942 2159 ad

244 2187 356 2258 propria
385 2187 518 2257 competit
545 2204 659 2252 aevum,
687 2188 854 2258 principium
882 2187 1001 2256 babens,
1030 2186 1078 2239 sed
1105 2191 1208 2238 motum
1234 2192 1327 2239 tamen
1350 2193 1376 2238 et
1405 2186 1463 2240 loci
1484 2187 1666 2241 mutationem
1696 2187 1855 2243 matario
1879 2196 1936 2244 ute·

245 2273 300 2327 fine
320 2289 425 2328 emens.
463 2271 569 2328 Ultima
588 2271 721 2327 subsellia
748 2277 887 2342 occupant
906 2271 1080 2327 substantias
1105 2273 1189 2336 mur.)
1226 2269 1364 2324 Minucius
1389 2269 1468 2326 Felix
1486 2271 1515 2325 in
1536 2271 1649 2330 Octava
1688 2273 1759 2336 Quis
1782 2274 1940 2345 sapientum

245 2374 409 2428 corporeae,
440 2357 587 2427 physicae,
619 2358 742 2412 interitui
770 2374 804 2412 ae
832 2357 1002 2428 corruptioni
1031 2356 1078 2412 ob·
1106 2356 1233 2424 dabunt,
1257 2356 1320 2424 quis
1345 2356 1473 2424 ipsorat,
1491 2358 1598 2413 coelum
1615 2375 1677 2411 cum
1704 2358 1845 2426 omnibus,
1871 2375 1942 2429 errae

246 2444 354 2508 noxiae.
369 2442 538 2514 principium
551 2459 584 2497 ac
597 2441 680 2498 finem
698 2459 764 2498 suaa
779 2442 930 2498 limatioris
939 2443 1080 2511 babentes,
1106 2440 1184 2493 coelo
1199 2442 1383 2508 commentar,
1401 2442 1444 2495 ita
1457 2450 1488 2496 at
1500 2443 1643 2512 coepisset,
1656 2443 1806 2497 derinemt
1819 2443 1941 2510 tontum

247 2546 319 2601 quae
337 2528 454 2599 proinde
472 2546 527 2584 non
548 2528 637 2598 magis
655 2528 836 2598 perennitatis
854 2546 937 2600 quam
954 2529 1080 2583 substan·
1108 2525 1190 2579 dsslci
1208 2543 1285 2594 aqua
1298 2527 1418 2582 marisve
1431 2527 1567 2582 nutritum
1580 2529 1675 2582 inuim
1694 2529 1769 2598 ipnie
1781 2530 1941 2585 abiturrunt

246 2617 301 2672 tiae
331 2615 488 2685 spirituales
518 2615 698 2684 incorporeae
726 2614 910 2684 corruptionis
936 2621 1002 2669 sunt
1036 2631 1079 2669 ca·
1106 2609 1231 2666 Hilarius
1255 2628 1316 2667 can.
1338 2618 1380 2669 26.
1406 2613 1435 2667 in
1458 2613 1571 2673 Matth.:
1607 2614 1701 2683 Atque
1720 2624 1751 2668 ut
1771 2617 1844 2680 fider
1865 2623 1940 2671 certa

245 2719 337 2772 paces.
373 2701 402 2757 si
426 2701 557 2771 excipias,
582 2701 689 2755 coelam
717 2708 745 2753 ut
769 2718 787 2753 a
813 2702 997 2770 qualitatibus
1018 2720 1080 2755 con·
1107 2706 1178 2752 erret
1194 2702 1371 2770 futurorum,
1396 2717 1478 2756 amen
1504 2703 1624 2757 dicendo
1646 2701 1857 2773 prosectionem
1874 2704 1943 2758 reri·

247 2789 362 2857 trariis,
391 2789 433 2841 ita
465 2787 551 2840 etiam
581 2786 618 2839 ab
641 2785 757 2839 interitu
780 2803 835 2855 per
860 2796 993 2841 naturam
1022 2804 1080 2842 esea
1107 2785 1175 2837 tatis
1189 2782 1339 2853 (Christus)
1354 2786 1471 2856 adJ'ecit,
1486 2789 1698 2856 pancratianum
1714 2790 1843 2843 noitram
1858 2804 1942 2859 prae·

246 2876 384 2940 immune,-
407 2872 541 2926 eterne-uta
566 2870 631 2925 licet
652 2887 708 2939 per
730 2879 831 2939 partes
857 2880 1026 2941 ponerentur
1054 2880 1080 2927 et
1106 2869 1192 2922 terire
1209 2888 1265 2924 non
1283 2887 1374 2939 posse,
1395 2872 1454 2926 uisi
1475 2873 1605 2926 universa
1631 2873 1687 2927 ista
1711 2881 2019 2958 transcurrerentmss,

247 2967 474 3028 corrumpantur,
497 2966 587 3011 tamen
599 2973 753 3027 perennem
778 2959 878 3014 babere
900 2969 1032 3015 naturam
1049 2960 1080 3013 in
1106 2970 1193 3023 taum
1220 2972 1292 3024 quae
1313 2957 1396 3019 firma
1419 2957 1621 3027 existimantur,
1643 2959 1752 3013 coelum
1778 2966 1805 3014 et
1829 2966 1942 3027 terram

246 3052 318 3108 toto;
337 3044 522 3098 animantium
543 3049 569 3095 et
584 3044 753 3111 plantarum
779 3046 929 3100 indiuidua
954 3046 1079 3112 interire,
1109 3057 1165 3092 nou
1190 3041 1302 3106 futura,
1327 3043 1413 3095 uerba
1430 3049 1522 3096 autem
1547 3061 1600 3096 sara
1622 3062 1678 3097 nou
1699 3062 1781 3113 porse
1800 3062 1857 3099 nou
1876 3060 1940 3111 ecee,

246 3130 354 3199 species
372 3144 438 3181 nero
453 3144 637 3198 permanere;
663 3131 869 3199 respondemus,
893 3131 962 3185 baec
988 3132 1080 3185 omnia
1109 3126 1178 3194 quia
1198 3124 1253 3180 illu
1272 3142 1305 3180 tu
1323 3127 1483 3182 conditione
1500 3129 1652 3183 creationis
1670 3147 1744 3197 suae,
1768 3132 1802 3183 id
1819 3138 1861 3185 ert
1874 3148 1942 3202 pra·

248 3216 276 3269 in
302 3215 355 3268 hoc
380 3214 515 3267 duntaxat
533 3214 626 3268 seculo
651 3216 743 3270 locum
768 3217 878 3284 habere,
898 3216 1024 3287 quamvis
1045 3217 1080 3270 de
1104 3211 1182 3275 fecta
1207 3213 1242 3265 tlt
1265 3212 1371 3280 nihilo,
1396 3214 1517 3267 habeant
1545 3215 1578 3266 t'd
1598 3215 1628 3268 in
1651 3232 1681 3268 te
1698 3216 1890 3284 necessitatis,
1912 3223 1941 3269 ut

248 3299 317 3353 coeli
340 3297 598 3368 incorruptibilitate
621 3316 677 3354 non
701 3300 836 3370 immerito
862 3301 1011 3370 dubitetur,
1030 3301 1078 3357 sed
1105 3314 1162 3350 nou
1180 3298 1243 3366 tint,
1263 3298 1332 3352 batt
1351 3307 1442 3354 autem
1466 3317 1498 3354 aa
1522 3301 1687 3354 aeternitate
1711 3302 1835 3356 deducta
1862 3303 1897 3357 id
1912 3302 1942 3355 iu

248 3386 277 3438 in
296 3383 351 3437 fine
369 3383 456 3438 seculi
475 3383 654 3441 haecomnia
676 3403 736 3442 esse
755 3388 886 3452 desitura,
911 3394 942 3442 ut
968 3404 1079 3458 praece·
1106 3400 1136 3438 se
1153 3385 1313 3440 contineant
1329 3387 1450 3454 uirtutis,
1469 3396 1500 3442 ut
1517 3395 1657 3441 maneant.
1683 3387 1761 3444 ldern
1782 3389 1812 3444 iu
1830 3388 1941 3444 Psalmo

248 3468 343 3524 dantia
360 3475 524 3539 argumenta
541 3471 698 3527 ostendunt
731 3472 761 3528 Si
779 3490 898 3544 regeres,
919 3475 1001 3528 etiam
1018 3490 1079 3527 cor·
1110 3475 1165 3526 118.
1186 3471 1225 3525 lit.
1244 3471 1350 3527 lamed:
1386 3475 1451 3526 Non
1472 3474 1513 3526 ait
1532 3475 1633 3527 Dauid
1657 3475 1687 3527 in
1704 3473 1828 3528 emulum
1846 3475 1941 3542 serui,

246 3571 320 3624 pora
337 3563 452 3621 nostra,
471 3559 597 3626 wasnau
616 3558 814 3628 elementaria,
834 3566 928 3612 tamen
942 3568 1080 3629 perpetuo
1107 3574 1195 3625 neque
1215 3558 1245 3610 in
1263 3559 1359 3613 secula
1378 3560 1545 3624 seculorum,
1564 3563 1617 3614 sed
1633 3561 1664 3614 in
1679 3561 1805 3616 securium
1829 3563 1941 3616 uerbum

248 3655 307 3694 ease
334 3639 464 3710 uictura,·
485 3642 695 3713 respondemus,
718 3645 946 3699 resurrectionem
972 3661 1007 3699 ex
1032 3661 1079 3713 pe·
1106 3651 1183 3695 tuum
1200 3653 1367 3712 permanet,
1391 3646 1457 3714 scit,
1475 3653 1543 3714 poet
1570 3647 1622 3700 boc
1643 3646 1766 3701 seudum
1791 3648 1899 3702 coelum
1917 3653 1942 3701 st

248 3725 346 3780 culiari
363 3726 416 3781 Dei
434 3726 577 3798 beneficio,
596 3729 710 3798 speciali
734 3730 916 3800 promissione
937 3737 966 3786 et
983 3746 1080 3800 super·
1105 3736 1211 3782 terram
1226 3731 1390 3798 praeterire
1406 3733 1532 3785 Domino
1549 3733 1665 3800 dicente,
1692 3733 1800 3787 eoelum
1818 3741 1845 3788 et
1865 3741 1942 3787 terra

248 3812 367 3866 naturali
387 3813 489 3868 virtute
508 3815 660 3884 provenire,
678 3821 708 3870 ut
725 3833 775 3871 suo
791 3816 852 3871 loeo
871 3816 1048 3871 ostendimus.
1105 3813 1271 3869 transibunt.
1320 3814 1534 3888 chrysostomus
1568 3816 1597 3870 in
1628 3817 1721 3872 homil.
1758 3818 1795 3872 ad
1834 3817 1941 3888 Neopla

111 3926 132 3968 3,
145 3927 180 3967 p„
194 3936 234 3975 p..
316 3903 357 3953 46.
383 3902 407 3956 3.
430 3901 477 3952 Ea
494 3904 671 3968 quarunrbam
686 3910 804 3970 patrum
832 3903 925 3959 dictis.
953 3902 1079 3956 Clemens
1105 3904 1168 3953 tom.
1194 3905 1221 3954 b:
1267 3901 1345 3964 Quid
1367 3903 1423 3956 ribi
1447 3904 1520 3972 uuit,
1546 3903 1644 3956 stellae
1667 3905 1771 3957 cadent
1796 3907 1832 3958 de
1856 3904 1942 3972 coetu,

125 3978 233 4070 ‘fflffidi
246 3981 387 4037 Romanm
407 3984 452 4040 lib.
472 3990 495 4041 2.
514 3987 648 4057 recognit.
670 3987 778 4043 inducit
797 3989 952 4059 apostolum
965 3988 1079 4043 Petrum
1103 3986 1175 4039 sicut
1186 3986 1269 4052 solia
1288 3991 1324 4041 de
1338 3990 1419 4058 ficut
1455 3990 1535 4043 Sicut
1552 3990 1624 4044 anim
1641 3989 1720 4057 vitea
1738 4008 1801 4044 eum
1824 4008 1941 4045 warum

246 4067 314 4124 duos
333 4069 477 4124 docentem
500 4072 601 4139 coelos,
629 4091 713 4126 unum
734 4076 865 4143 superius
889 4082 915 4128 et
932 4073 1079 4141 invisibile,
1098 4072 1245 4140 fructibus
1260 4080 1500 4142 praeprauantur,
1519 4073 1663 4143 soliorum
1688 4084 1838 4144 reposcunt
1863 4079 1941 4130 auai-

240 4162 408 4224 perpetuum
432 4165 458 4211 et
482 4164 637 4225 aeternum,
663 4162 741 4228 quod
763 4161 881 4230 spiritus
911 4160 985 4214 beati
1002 4161 1079 4215 iaco·
1105 4158 1174 4210 lium
1193 4159 1389 4224 neceesarium,
1407 4165 1439 4213 ut
1452 4166 1650 4229 protepantur,
1668 4168 1835 4215 cumautem
1857 4165 1939 4232 depo·
1974 4164 1978 4175 '

249 4239 325 4305 lunt,·
349 4241 469 4296 alwrum
495 4244 633 4311 inferius,
657 4246 773 4311 visibile,
798 4246 887 4300 uariis
917 4247 1080 4301 distinctum
1105 4245 1214 4298 suerint
1223 4246 1362 4314 fructum,
1380 4261 1489 4299 necem
1507 4253 1555 4312 est,
1572 4252 1602 4298 ut
1620 4245 1705 4309 foliis
1722 4249 1881 4318 nudentur,·
1901 4246 1941 4301 ria

248 4326 401 4395 siderum
425 4330 608 4397 corruptibile
634 4339 660 4383 et
685 4333 714 4383 in
736 4332 972 4387 earteummatioae
993 4332 1083 4386 scetii
1105 4348 1135 4384 ee
1152 4332 1233 4385 babet
1252 4332 1303 4385 boc
1321 4332 1458 4397 seculum,
1483 4334 1618 4401 quamdiu
1643 4332 1772 4386 babuerit
1795 4334 1825 4387 in
1842 4350 1872 4387 ee
1891 4336 1940 4390 ltu·

249 4411 457 4467 dirsolaendum
481 4432 515 4466 ac
539 4433 658 4484 prorsus
681 4417 862 4484 abolendum,
888 4425 918 4471 ut
941 4419 1003 4487 ejus
1020 4435 1081 4472 eor·
1107 4433 1217 4469 manum
1243 4432 1343 4483 penus,
1374 4417 1475 4471 tenebit
1498 4425 1526 4471 et
1548 4417 1655 4471 eoelum
1679 4417 1792 4487 stellas,
1816 4419 1890 4472 umet
1916 4426 1941 4472 et

247 4498 393 4566 palentiae
419 4507 511 4554 amoto
539 4501 676 4557 uelamine
701 4513 842 4574 appareat
871 4505 978 4558 coelum
1005 4504 1083 4559 iilud
1106 4502 1171 4554 uitis
1184 4501 1274 4569 solia.
1311 4503 1387 4556 Nam
1407 4509 1486 4557 nocte
1502 4511 1638 4571 percunte
1655 4503 1716 4557 eine
1742 4504 1827 4558 dubio
1846 4504 1940 4560 staua

250 4584 715 4658 racebumiis,qaiey‘usadepectu
728 4591 891 4658 dipnisuut.
909 4589 1081 4660 Hippolytus
1106 4604 1170 4641 rum
1189 4588 1298 4644 utilitas
1318 4590 1403 4644 timul
1423 4609 1483 4645 cram
1507 4599 1588 4645 noete
1608 4592 1727 4656 deficiet.
1762 4590 1888 4647 Eandem
1907 4591 1942 4648 dc

251 4669 279 4722 in
315 4675 382 4724 orat.
414 4670 448 4725 da
479 4681 658 4733 consummat.
688 4674 798 4730 mundi:
832 4676 952 4730 sununs
984 4677 1081 4745 ipneua
1106 4673 1246 4728 coetuum
1266 4677 1502 4744 corruptibilitate
1529 4677 1694 4733 sententiam
1715 4677 1846 4747 proponit
1865 4677 1941 4733 Basi-

251 4756 397 4825 eprediens
423 4774 484 4811 cum
513 4760 613 4826 furora
642 4762 733 4816 instar
763 4761 852 4815 maris
879 4761 958 4816 saevi
986 4771 1081 4817 enaret
1105 4759 1159 4814 lius
1178 4759 1239 4814 libr.
1260 4766 1279 4816 1.
1295 4760 1418 4816 heroem.
1450 4768 1478 4818 et
1502 4762 1653 4835 Gregorius
1673 4762 1816 4834 Nyssenus
1836 4763 1886 4819 lib.
1906 4763 1941 4818 de

249 4848 354 4896 azontu
372 4849 400 4896 et
426 4844 512 4900 colles
532 4855 559 4901 et
578 4864 656 4902 mare
683 4848 785 4901 delebit
809 4864 843 4901 ac
867 4847 983 4902 aettera
1007 4849 1082 4902 uelut
1106 4853 1189 4900 creat
1214 4845 1332 4901 bominis
1355 4864 1379 4901 c.
1405 4853 1446 4904 24.
1470 4848 1635 4904 Ambrosius
1659 4848 1706 4905 lib.
1729 4854 1752 4905 1.
1771 4848 1896 4904 hexatim.
1917 4866 1940 4906 c.

250 4943 342 4981 ceram
372 4928 593 4998 inflammatione
618 4932 769 4999 dusolaet,
796 4930 896 4986 stellae
920 4935 1021 4987 cadent
1047 4936 1082 4987 cie
1109 4934 1138 4986 b:
1173 4932 1255 4984 Haec
1286 4932 1374 5002 ipitur
1404 4934 1460 4987 alii
1486 4935 1711 5004 nominantes,
1737 4935 1856 4989 stabilia
1884 4950 1941 4990 erre

250 5013 336 5083 cocio,
357 5016 401 5069 sol
427 5025 601 5072 convertetur
628 5018 658 5071 in
684 5018 813 5071 tenebrae
840 5024 866 5071 et
884 5019 953 5072 luna
970 5019 1000 5071 in
1018 5036 1082 5072 san·
1108 5034 1165 5069 non
1182 5019 1444 5086 prosecutorem
1463 5020 1865 5093 carpuacoelisleliarumque
1883 5038 1941 5078 eree

249 5101 375 5171 quinem,
404 5104 511 5157 coebum
539 5119 615 5156 more
644 5103 714 5156 libri
735 5103 914 5156 salutabitur.
954 5103 1082 5160 Jusunns
1109 5104 1245 5157 arbitrati
1262 5111 1334 5171 eunt,
1352 5107 1479 5174 quintam
1498 5109 1642 5176 quandam
1660 5114 1792 5162 naturam
1813 5109 1941 5177 corporis

250 5185 402 5256 Martyria
422 5201 533 5256 paraen.
557 5193 578 5240 l.
597 5186 633 5240 ad
647 5185 768 5242 Graecos
785 5205 812 5260 p.
829 5195 875 5244 24:
903 5190 982 5242 Unde
997 5189 1082 5244 Plato
1108 5190 1327 5260 introducentes,
1352 5210 1406 5262 quo
1426 5195 1591 5248 diuturnam
1614 5193 1688 5247 cosli
1711 5200 1844 5263 putarent
1864 5211 1941 5248 man·

251 5275 287 5326 de
308 5274 382 5328 caeli
398 5272 582 5325 dissolutione
600 5277 676 5346 (περὶ
689 5269 790 5337 λύσεως
808 5274 939 5348 οὐρανοῦ)
952 5274 1083 5343 opinione
1108 5293 1204 5329 ruram
1226 5293 1285 5331 esse
1301 5279 1494 5332 substantiam.
1534 5279 1593 5332 Seu
1608 5296 1666 5334 non
1687 5279 1742 5332 sita
1761 5278 1859 5348 opinio
1871 5297 1940 5350 pro·

250 5367 384 5427 concepta
405 5358 446 5410 ita
469 5357 605 5425 scripsit.t
628 5376 667 5413 an
685 5378 740 5413 uon
758 5360 792 5413 id
810 5362 902 5427 ipsum
925 5378 1032 5429 quoque
1051 5379 1083 5415 eu
1104 5360 1233 5432 picticae
1254 5364 1350 5433 potuit
1383 5366 1495 5419 obaiare
1525 5365 1694 5435 tententiae,
1727 5382 1811 5435 quam
1843 5367 1940 5420 diuina
