4012 6022
194 249 256 310 388
855 244 1084 302 TRAOTA'I'US
1104 244 1252 303 SEXTUS

193 399 261 451 tatis
287 399 324 450 ub
354 400 479 454 omnibus
504 400 647 465 aduersis,
683 398 750 470 quia
775 415 869 453 omues
888 398 964 454 beati
993 399 1030 455 ab
1058 400 1224 471 inaequalia.
1257 399 1333 471 Ergo
1350 398 1578 455 nondesidersnt
1596 399 1659 469 plus
1677 398 1792 466 habere,
1811 414 1894 467 quam

194 481 322 537 omnibus
343 483 454 539 omniuo
473 485 553 538 malis
574 490 655 539 erunt
671 485 795 545 liberati;
816 503 900 540 unam
920 487 1031 539 ratione
1057 493 1234 557 aeceperunt
1269 485 1324 549 Qui
1344 484 1486 539 minimam
1498 484 1527 538 in
1546 484 1658 538 coelesti
1677 500 1763 556 regno
1780 482 1895 538 habehit

196 569 359 622 dilectionis
378 578 403 624 et
422 571 682 625 communicationis
699 571 772 626 inter
788 586 883 626 omnes
902 571 1031 641 rigentis,
1058 572 1175 643 gloriam
1189 581 1218 627 et
1230 588 1369 638 coronam,
1380 571 1538 641 plusquam
1550 569 1784 625 sufficientissime
1798 570 1894 626 eadem

195 654 262 725 quia
289 653 326 709 oh
355 655 567 709 sincerissimam
600 655 742 711 caritatem
773 657 925 726 cujuslibet
956 657 1031 712 beati
1059 659 1111 713 erit
1129 662 1283 724 contentus,
1303 657 1370 728 quia
1386 658 1465 711 nulla
1480 655 1520 710 ihi
1534 656 1586 711 erit
1603 656 1716 711 insidia.
1756 658 1824 711 Non
1843 658 1896 710 snit

193 740 328 811 gaudium
347 741 400 795 erit
424 741 551 796 omnihus
574 741 662 795 beatis
681 757 834 797 commuue.
874 741 1032 798 Certumst
1058 746 1169 799 inuidia
1184 745 1285 815 aliqua
1302 745 1430 812 disparis
1451 743 1603 812 οιιιιίιαιιι,
1622 744 1738 813 quomo
1757 745 1788 798 in
1805 746 1894 797 osani·

194 826 246 880 hoc
267 833 322 890 est,
346 826 406 883 fore
431 828 570 897 quandam
594 828 738 882 beatorum
756 829 983 900 inaequalitatem
1003 837 1032 882 et
1058 833 1108 883 bus
1131 831 1261 897 regnabit
1286 831 1382 884 unitos
1413 830 1552 884 caritatis.
1598 827 1728 900 Denique
1758 828 1835 884 beati
1862 844 1896 882 ex

193 912 300 983 gloriae
329 913 531 978 diversitatem,
564 922 596 969 ut
629 933 661 969 ex
689 916 844 971 manifestis
871 915 1032 986 Scripturas
1058 917 1153 971 eadem
1167 915 1321 970 dilectionis
1334 915 1494 969 sinceritate
1506 920 1534 968 et
1551 913 1720 984 perfectione
1738 914 1894 984 proximum

195 997 278 1052 dictis
296 1001 382 1069 paulo
400 1007 464 1069 post
481 1000 743 1068 demonstrabimus,
763 1002 799 1055 de
820 1019 851 1056 eo
869 1007 963 1056 autem
980 1001 1030 1055 du·
1058 1001 1180 1072 diligunt
1201 1002 1274 1056 sicut
1296 1018 1326 1055 se
1350 1001 1454 1070 ipsum,
1480 1017 1547 1070 ergo
1572 1001 1688 1069 proximi
1708 1001 1828 1070 gloriam
1846 1000 1895 1054 ad·

194 1083 278 1138 hitari
295 1090 395 1154 potest,
413 1102 449 1140 an
465 1085 495 1139 in
508 1088 681 1140 occidentali
696 1090 835 1142 duntaxat
852 1088 949 1156 plocio
969 1090 1030 1140 ani·
1057 1087 1179 1157 spiciunt
1198 1093 1230 1141 ut
1247 1103 1341 1154 suam,
1368 1087 1508 1140 laetantur
1531 1093 1559 1139 et
1582 1086 1722 1140 exsultant
1747 1087 1783 1140 de
1803 1102 1838 1140 ea
1862 1092 1895 1139 ιιι

194 1186 257 1222 mos
274 1172 319 1225 uel
337 1174 466 1240 corporis
487 1171 633 1227 diversitas
651 1173 699 1227 illa
718 1174 881 1244 statuenda,
907 1191 942 1228 an
965 1191 1030 1228 vero
1057 1173 1092 1227 de
1110 1190 1160 1227 sua
1177 1173 1275 1244 gloria,
1290 1190 1323 1227 ac
1340 1173 1630 1242 consequenternulla
1647 1172 1691 1226 vel
1709 1172 1831 1239 tristitia,
1849 1171 1895 1226 vel

194 1255 309 1311 etiam'
296 1274 327 1310 sn
339 1259 493 1324 essentiali,
514 1259 554 1311 ita
573 1265 605 1312 ut
618 1258 647 1312 in
659 1258 825 1328 quibusdam
839 1258 929 1314 beatis
940 1262 1030 1330 majus
1056 1260 1161 1312 invidia
1178 1259 1214 1314 ob
1232 1275 1294 1312 eam
1312 1258 1506 1327 corripiuntur.

194 1340 287 1396 lumen
311 1342 419 1413 gloriae
437 1342 561 1398 futurum
581 1344 630 1408 eit,
654 1345 683 1397 in
709 1344 770 1398 aliis
787 1345 891 1412 minus,
917 1353 1031 1416 propter
1094 1351 1150 1401 121.
1188 1343 1273 1399 Hisce
1297 1345 1333 1398 de
1352 1360 1419 1399 vero
1442 1344 1614 1414 quaestionis
1638 1351 1713 1398 statu
1733 1344 1894 1414 praemissis
1909 1349 1975 1389 tarn

196 1428 271 1498 quod
288 1444 361 1482 nnus
378 1428 477 1484 heatus
496 1430 551 1485 alio
568 1430 717 1500 perfectius
742 1436 771 1486 et
788 1432 890 1485 clarius
908 1431 1029 1486 divinam
1057 1432 1220 1485 sententiam
1249 1440 1370 1486 nostram
1402 1430 1596 1486 confirmamus
1620 1438 1643 1488 1.
1669 1446 1701 1483 eo
1726 1430 1895 1499 Scripturas
1908 1455 1927 1494 ι
1908 1402 1975 1493 ”miii

194 1513 343 1567 essentiam
367 1514 474 1583 videat,
494 1515 636 1570 ardentius
657 1516 749 1569 Deum
770 1524 845 1572 amet
864 1534 897 1572 ac
918 1516 1030 1572 suavius
1058 1519 1150 1571 dictis.
1173 1523 1195 1573 1.
1210 1517 1320 1572 Daniel
1341 1522 1418 1584 tt,v
1420 1521 1480 1572 ,τι
1503 1517 1560 1579 Qui
1571 1524 1664 1570 ausos
1682 1518 1761 1569 docti
1776 1504 1975 1595 ttserianffl

194 1614 228 1654 eo
250 1598 373 1664 fruatur,
396 1600 426 1654 id
451 1601 526 1670 quod
549 1618 567 1655 a
586 1600 766 1657 Scholasticis
791 1602 902 1673 quidem
928 1620 1030 1674 magno
1056 1603 1205 1671 fulgebunt
1234 1603 1318 1672 quasi
1345 1602 1483 1672 splendor
1506 1601 1689 1669 firmamenti,
1721 1610 1748 1654 et
1782 1603 1833 1671 qui
1855 1603 1921 1695 ad}
1907 1605 1958 1647 ι

193 1701 330 1741 ιοιιιιιι
355 1685 737 1750 docatur;**Selmeron1us
760 1693 826 1742 tom.
846 1695 870 1744 9
890 1694 969 1744 tract.
988 1693 1030 1746 ιι.
1051 1689 1195 1757 justitian
1225 1689 1358 1741 erudiunt
1390 1687 1508 1752 radios,
1543 1687 1627 1755 qssad
1650 1688 1788 1741 stellae
1776 1706 1807 1740 sn
1828 1704 1975 1756 per-sassa

192 1785 220 1840 p.
236 1774 300 1825 392.
319 1771 388 1824 Erit
399 1771 509 1839 glorias
524 1773 715 1839 dispositas·
702 1774 809 1841 suipsa
820 1775 903 1827 etiam
915 1776 1030 1829 diuinas
1055 1783 1156 1842 petuas
1173 1776 1357 1829 aeternitates.
1386 1773 1430 1827 De
1447 1773 1704 1841 intelligentibus
1681 1789 1741 1827 srse
1758 1772 1876 1826 doctis
1867 1789 1897 1826 ιι

195 1857 332 1910 asarias
357 1857 477 1924 visione,
502 1874 572 1926 quae
598 1859 746 1912 essentiam
765 1860 947 1913 beatitudinis
968 1878 1030 1915 cors·
1056 1876 1158 1931 genere
1176 1860 1286 1928 dicitnr,
1304 1859 1380 1931 quod
1399 1860 1510 1922 falsari
1529 1860 1586 1912 sint
1603 1860 1677 1912 dent
1692 1860 1831 1929 splendor
1841 1860 1896 1927 fir·

193 1945 293 2012 stituit,
313 1961 396 2012 quam
418 1945 494 1999 alius
507 1946 598 2013 magis
609 1946 669 1999 olio
681 1947 838 2015 possidebit
845 1965 903 2015 pro
918 1949 1030 2001 ratione
1056 1948 1201 2011 momenti,
1224 1946 1260 2001 de
1284 1946 1475 2000 erudientibas
1497 1946 1572 1998 alios
1599 1946 1641 1998 ad
1661 1946 1809 2015 justitiam
1837 1944 1896 1998 sive

194 2031 325 2083 caritatis
343 2047 393 2084 seu
412 2032 573 2084 meritorum
593 2031 759 2098 suorum3**
784 2033 876 2100 (unico
895 2033 1029 2088 Durando
1056 2032 1189 2087 ecclesiae
1208 2031 1369 2085 doctoribus
1387 2031 1497 2099 dicitur,
1515 2030 1588 2100 quod
1600 2031 1715 2098 salsus-i
1728 2032 1787 2083 siat
1802 2030 1896 2082 instar

193 2121 318 2185 excepto,
345 2115 393 2186 qui
420 2115 449 2169 in
478 2122 503 2170 ι.
532 2123 648 2170 sentent.
679 2116 798 2173 distinct.
825 2124 868 2173 to.
895 2119 1027 2189 disputat,
1055 2118 1217 2181 stellarum,
1241 2118 1315 2171 unde
1339 2117 1379 2170 sic
1398 2117 1603 2171 concludimus:
1639 2115 1811 2186 Ubicunque
1839 2121 1896 2169 sta·

194 2219 287 2255 ornnes
310 2203 406 2256 beatos
428 2201 587 2270 aequalita
608 2203 707 2256 sidere
729 2204 856 2257 diuinam
879 2207 1028 2258 essentiam
1055 2204 1143 2258 tuitus
1170 2203 1226 2257 tale
1251 2202 1398 2257 discrimen
1416 2202 1571 2272 splendoris
1598 2217 1631 2256 ac
1657 2201 1783 2272 fulgoris,
1813 2201 1894 2272 quale

194 2296 221 2342 et
238 2302 332 2341 omnes
350 2287 381 2338 in
397 2287 526 2355 proemio
547 2288 695 2341 mordiali
721 2304 782 2342 esse
799 2291 957 2358 aequales),·
979 2290 1027 2343 sed
1055 2298 1098 2347 est
1123 2291 1196 2345 inter
1213 2288 1416 2343 firmamentum
1435 2294 1464 2341 et
1482 2287 1680 2357 interclausa,
1700 2287 1741 2341 ibi
1760 2288 1894 2359 inaequa-

194 2371 283 2428 nostri
299 2373 402 2426 rectius
420 2378 554 2435 statuunt,
573 2374 648 2444 quod
666 2374 695 2427 in
714 2375 938 2430 accidentalibus
958 2379 1027 2429 dun·
1057 2379 1120 2433 litas
1149 2377 1255 2446 gloriae
1285 2393 1318 2429 ac
1348 2375 1494 2429 diversitas
1524 2376 1708 2444 praemiorum
1740 2374 1893 2431 stabilitur.

195 2466 275 2512 tacut
289 2459 429 2526 praemiis
444 2458 591 2513 statuenda
609 2458 646 2512 ιιι
664 2457 831 2514 differentia:
1054 2464 1120 2520 lam
1140 2480 1206 2518 sero
1223 2462 1252 2515 iu
1271 2461 1322 2515 hoo
1341 2461 1415 2515 dicto
1431 2459 1594 2531 prophetico
1612 2461 1686 2514 inter
1703 2460 1847 2515 auditores
1865 2466 1894 2515 et

232 2543 368 2598 Omnibus
385 2561 444 2597 una
461 2543 541 2596 salus
559 2546 673 2611 soncts's,
691 2547 854 2614 sedglacie
875 2548 985 2616 ds'spar.
1039 2550 1182 2605 :doctores
1204 2548 1262 2603 tale
1284 2546 1432 2601 discrimen
1454 2544 1610 2616 splendoris
1633 2545 1779 2611 statuitur,
1810 2549 1894 2617 quale

196 2634 223 2695 6)
248 2629 340 2684 Causa
366 2629 441 2683 illius
462 2628 669 2701 inaequalitatis
689 2648 744 2686 nou
770 2638 814 2687 est
832 2634 981 2687 statuenda
999 2635 1029 2687 in
1056 2644 1099 2693 est
1116 2635 1189 2689 inter
1205 2633 1409 2687 firmamentum
1433 2637 1462 2686 et
1479 2631 1552 2686 inter
1572 2631 1678 2686 stellae
1714 2630 1801 2703 Ergo.
1839 2633 1892 2687 Ex·

195 2717 304 2768 nattis
330 2715 474 2779 hamanis,
503 2721 597 2770 nostra
625 2717 698 2771 enim
722 2734 808 2787 opera
833 2735 885 2774 nec
913 2719 1029 2790 praemii
1056 2721 1164 2792 cipiunt
1198 2725 1219 2775 1.
1247 2734 1309 2772 esse
1332 2719 1378 2772 lic
1402 2718 1528 2785 caepesin
1552 2726 1579 2770 et
1601 2717 1687 2770 unius
1711 2719 1894 2788 ejusdemque

197 2801 352 2856 essentialis
369 2800 457 2871 ipsius
475 2802 551 2856 vitae
567 2807 595 2855 et
612 2803 792 2858 beatitudinis
811 2811 954 2873 aeternae,
978 2824 1030 2861 nec
1055 2807 1206 2861 ιιιιιιιιαι
1219 2805 1420 2874 repetitsbnsm,
1440 2822 1501 2857 cum
1513 2804 1639 2870 abiecto
1648 2805 1706 2856 sint
1720 2807 1830 2872 sedern
1846 2805 1896 2874 qai

196 2886 382 2958 praemiorum
399 2886 612 2942 accidentalium
631 2888 660 2942 in
673 2889 732 2942 vita
748 2895 861 2944 aeterua
876 2907 937 2945 esse
949 2892 1029 2946 meri-
1057 2894 1129 2947 enim
1147 2892 1222 2946 alios
1234 2893 1335 2945 docem
1345 2898 1373 2944 et
1388 2890 1438 2958 qui
1449 2890 1525 2943 alios
1537 2890 1579 2942 ad
1589 2890 1735 2957 jutitiam
1750 2891 1894 2959 erssdiunt,

195 2975 268 3029 toria
291 2991 342 3029 suo
364 2972 426 3028 loco
453 2973 680 3041 demonstratum,
707 2975 756 3029 sed
774 2975 804 3028 in
820 2978 1029 3045 dispensatione
1052 2996 1176 3048 prorsas
1203 2977 1292 3030 iidem
1319 2984 1383 3029 suns
1410 2983 1436 3028 st
1462 2977 1558 3029 coelem
1587 2977 1682 3044 gradu
1707 2977 1893 3044 continentur,

196 3062 311 3115 divinas
322 3060 510 3128 benignitatis,
522 3077 594 3130 quae
606 3060 714 3130 piorum
730 3060 838 3116 labores
850 3070 878 3116 et
888 3079 1030 3133 passiones
1052 3065 1177 3133 proinde
1191 3064 1275 3116 etium
1293 3063 1407 3115 debersa
1422 3062 1553 3130 praemia
1571 3062 1643 3130 ipsis
1659 3064 1891 3118 nonreddsntur.

194 3146 248 3200 hac
259 3145 365 3216 gloriae
374 3145 533 3200 diversitate
546 3147 714 3200 remunerari
729 3147 859 3205 (ιοιιινιι
891 3149 920 3216 ι)
935 3148 1030 3205 Diver-
1055 3148 1280 3218 Respondemus.
1302 3152 1326 3208 tl
1346 3146 1376 3202 ss
1387 3146 1432 3201 vel
1443 3163 1562 3200 maxume
1574 3147 1788 3201 concederemus
1791 3145 1893 3217 ,parti-

195 3232 263 3286 sitas
287 3230 336 3285 iila
362 3237 391 3285 et
420 3231 605 3301 inaequalitas
629 3232 734 3302 gloriae
757 3233 896 3286 nullam'
889 3253 916 3288 ιι
941 3235 1030 3290 beatis
1056 3235 1160 3305 cipium
1179 3217 1348 3308 ῦιΒιξιιξιιἾ
1368 3233 1490 3286 atinam
1508 3249 1542 3284 ac
1561 3231 1741 3287 tranmissus
1759 3233 1812 3287 hoc
1833 3234 1893 3289 loco

194 3318 339 3380 invidiam,
358 3315 463 3370 nullam
484 3316 703 3387 indignationem
724 3319 767 3372 rel
787 3323 1029 3375 murmurationem
1056 3319 1159 3375 habere
1185 3318 1433 3390 significationem,
1461 3324 1493 3370 ut
1519 3325 1672 3386 exponatur
1690 3334 1741 3386 per
1760 3320 1793 3374 τὸ
1812 3319 1892 3372 intel·

194 3403 304 3469 excitat,
323 3403 538 3456 sicsanotorum
550 3403 627 3455 alius
645 3403 844 3457 habetdonuns
858 3406 916 3458 alio
930 3408 1030 3474 nsinrss,
1057 3406 1144 3471 lipere
1162 3407 1315 3468 facientes,
1338 3419 1393 3472 quo
1418 3402 1500 3456 modo
1525 3402 1608 3457 etiam
1631 3409 1726 3457 noster
1752 3403 1892 3458 Lutherus

194 3498 226 3543 nt
252 3489 305 3543 loo
332 3505 441 3557 quoque
467 3488 578 3561 habeat,
606 3504 640 3541 ne
666 3489 734 3542 uelit
760 3491 892 3558 amplius.
939 3492 1032 3549 (lausa
1056 3490 1186 3552 reddidit,
1204 3488 1243 3545 bis
1260 3488 1359 3558 ιιιῑιιιι,
1378 3504 1441 3542 cum
1460 3488 1496 3541 ιιι
1514 3488 1634 3557 positum
1648 3487 1678 3541 in
1697 3487 1803 3559 hiphi13
1824 3489 1892 3544 nihil

77 3570 121 3616 ¹¹·
135 3571 183 3614 4⁶⁸·
196 3575 279 3645 hujus
297 3574 337 3629 rei
355 3590 373 3628 a
389 3573 556 3645 quibusdam
573 3573 751 3629 Scholasticis
765 3574 883 3629 refertur
901 3579 943 3630 cd
960 3580 1031 3631 ‹tioi-
1058 3585 1150 3631 ιιιιιι
1169 3577 1316 3631 decederet
1335 3581 1428 3629 nostro
1441 3580 1613 3645 argumento.
1643 3574 1803 3630 Dicendum
1819 3577 1891 3631 enim

194 3680 262 3714 nom
272 3660 491 3729 pswidsntiom,
509 3675 581 3730 qnae
600 3659 672 3713 sicut
690 3658 726 3713 ab
748 3669 861 3714 ιοιοιιο
878 3663 1031 3730 praedesti·
1056 3662 1142 3726 foret,
1178 3659 1342 3732 prophetam
1374 3661 1492 3728 primum
1524 3660 1672 3731 quidem'
1664 3678 1694 3714 ιι
1724 3678 1828 3731 genere
1858 3663 1892 3717 de

195 3748 273 3802 navit
297 3744 394 3801 beatos
423 3746 459 3799 ad
478 3746 602 3800 diversos
623 3746 728 3816 gradus
751 3747 869 3818 gloriae,
890 3748 930 3801 ita
946 3748 1029 3803 etiam
1058 3748 1186 3804 omnihus
1205 3748 1258 3817 piis
1274 3746 1420 3813 affirmare,
1441 3746 1515 3816 quod
1529 3748 1892 3815 eoiqdnturisiveresusci·

195 3832 231 3887 ab
249 3837 362 3886 aeterno
387 3832 531 3886 constituit
550 3832 605 3886 illis
626 3832 694 3887 dare
713 3839 742 3887 et
767 3834 956 3902 praescribere
982 3851 1030 3905 ap·
1057 3834 1135 3888 tandi
1153 3835 1208 3888 sint
1229 3816 1302 3906 Εξιι
1315 3816 1401 3907 ’,Ἴτ’-ι’),
1427 3835 1468 3885 ad
1489 3834 1575 3885 osiam
1600 3837 1628 3887 et
1652 3832 1771 3903 gloriam
1791 3837 1892 3903 sempi-

195 3917 327 3988 pntitum,
355 3917 403 3986 qui
430 3916 526 3971 iisdem
552 3917 685 3987 gradibus
713 3918 836 3988 perfecte
862 3919 1029 3990 expleretur.
1058 3928 1175 3988 tanam,
1202 3920 1276 3990 quod
1304 3920 1377 3973 euim
1405 3921 1479 3974 vitae
1507 3919 1705 3989 conjungenda
1733 3919 1771 3973 sit
1794 3919 1890 3991 gloria,

196 4004 315 4068 Quidam
334 4003 438 4070 dicunt,
463 4002 525 4057 ideo
544 4003 688 4058 inferiores
707 4004 803 4059 beatos
824 4022 879 4058 non
897 4013 1030 4075 appetere
1058 4014 1135 4074 patet
1155 4023 1187 4061 ex
1204 4005 1344 4070 antithesi,
1363 4023 1418 4076 qua
1436 4006 1513 4074 impii
1528 4007 1569 4059 ad
1580 4006 1765 4074 opprobrium
1783 4015 1811 4059 et
1829 4023 1892 4060 con·

195 4092 327 4160 maj0rem
347 4087 556 4154 beatitudiuem,
574 4090 732 4157 qaiaDeus
751 4108 808 4143 non
822 4092 955 4143 vulteum
970 4093 1031 4145 dlis
1058 4100 1168 4144 temtum
1187 4092 1318 4146 dicuntur
1334 4091 1501 4161 evigilaturi,
1519 4107 1553 4144 ac
1570 4098 1667 4160 postea
1684 4091 1713 4144 in
1734 4093 1829 4160 specie
1847 4108 1893 4147 ex·
1907 4093 1975 4140 M

195 4194 362 4232 concrsrsere
380 4177 423 4229 ad
438 4192 500 4229 eam
519 4178 714 4245 appetendam,
734 4178 786 4229 ssd
803 4177 870 4245 uult,
889 4185 1031 4232 contentos
1059 4193 1162 4247 ponere
1179 4178 1312 4232 ecclesiae
1329 4177 1471 4232 doctorum
1484 4177 1654 4248 peculiarem
1672 4177 1799 4249 gloriam,
1820 4177 1894 4248 quod

195 4281 253 4318 csse
272 4281 305 4318 eu
324 4261 505 4325 beatitudine,
519 4264 656 4330 adquam
669 4262 786 4332 quisque
798 4264 1030 4333 praedestinatus
1057 4261 1158 4316 fulsuri
1176 4263 1233 4318 sint
1250 4263 1321 4316 sicut
1334 4263 1465 4332 splendor
1480 4261 1646 4317 firmamenti
1661 4269 1689 4317 et
1706 4262 1778 4317 siout
1797 4264 1896 4319 stellae

195 4357 244 4405 est.
287 4349 422 4416 Plerique
450 4348 523 4400 lanc
545 4349 669 4417 afferunt
689 4365 818 4413 causam,
844 4350 923 4416 quod
947 4367 1031 4403 unus·
1057 4349 1086 4402 io
1109 4364 1218 4404 omnem
1236 4349 1443 4415 aeternitatem,
1474 4365 1547 4418 quae
1574 4347 1766 4418 interpretatio
1794 4347 1892 4404 contir-

195 4436 311 4506 qaisqus
326 4436 422 4488 beatus
440 4433 470 4485 ui
486 4449 555 4485 suae
567 4433 748 4487 beatitudinis
762 4433 865 4487 lrabeat
876 4435 1031 4504 appetitum
1058 4435 1127 4488 mari
1145 4442 1240 4501 posset
1259 4451 1291 4490 ex
1313 4451 1360 4502 eo,
1386 4435 1460 4505 quod
1479 4434 1606 4490 Piscator
1624 4434 1653 4488 in
1673 4434 1786 4489 scholiis
1804 4436 1893 4507 splen·

194 4522 353 4577 intellectus
365 4527 392 4573 et
403 4519 565 4586 uoluntatis,
578 4527 636 4572 ιιιιι
649 4519 818 4587 waslare,
837 4528 896 4573 tuns
907 4521 1031 4574 elicitum
1057 4521 1151 4575 dorem
1162 4520 1328 4575 firmamenti
1346 4536 1397 4590 per
1412 4518 1587 4589 splendorem
1607 4519 1750 4574 stellarum
1769 4521 1799 4575 in
1817 4521 1893 4576 coelo

191 4609 321 4681 perfecte
343 4607 478 4658 solutum
498 4614 526 4658 et
544 4606 697 4674 captatum,
725 4613 757 4658 ut
779 4606 852 4660 nibil
875 4608 1029 4676 quidquam
1057 4607 1192 4675 explicat,
1220 4606 1347 4675 adeoque
1372 4622 1457 4658 uuum
1482 4613 1510 4659 et
1535 4606 1654 4659 eundem
1678 4604 1848 4660 firmamenti
1866 4611 1895 4660 et

193 4702 311 4764 prostes
329 4693 370 4759 id,
388 4693 466 4759 quod
484 4692 574 4754 labet,
593 4691 718 4760 amplius
734 4692 881 4747 desideret.
917 4692 951 4746 ln
968 4693 1031 4747 Deo
1057 4692 1199 4746 stellarum
1223 4692 1397 4763 splendorem
1423 4691 1527 4746 statuit
1571 4690 1676 4754 Quodsi
1703 4691 1750 4746 vel
1774 4692 1893 4747 maxime

195 4781 268 4836 enim
291 4777 365 4833 clare
392 4776 451 4830 viso
478 4777 636 4830 continetur
663 4777 815 4831 eminenter
830 4784 890 4833 tota
912 4779 1030 4833 latitudo
1056 4779 1192 4847 splendor
1203 4778 1380 4846 firmamenti
1395 4776 1608 4847 distinguendus
1621 4784 1727 4832 ιιιοια
1740 4777 1893 4846 splendore

195 4867 253 4924 veri
272 4873 300 4921 et
318 4862 393 4931 honi,
411 4862 542 4933 adquam
557 4860 715 4917 intellectus
734 4867 763 4917 et
773 4865 903 4918 uoluntas
918 4871 1029 4919 natura·
1056 4864 1214 4932 stellarum,
1234 4863 1262 4917 id
1280 4863 1356 4935 quod
1368 4862 1428 4917 fieri
1447 4864 1558 4917 omnino
1571 4861 1675 4917 debere
1689 4868 1789 4917 eontra
1796 4861 1892 4917 Pisca-

194 4952 258 5006 liter
276 4951 372 5006 fertur.
409 4948 486 5020 Ergo
511 4947 595 5002 etiam
618 4949 693 5002 clara
718 4956 746 5004 et
765 4948 897 5005 beatifica
914 4950 967 5006 Dei
987 4952 1029 5004 vi·
1055 4955 1143 5004 torem
1159 4950 1315 5018 statuimus,
1326 4955 1419 5003 ιιιιιιι
1430 4949 1468 5003 ad
1481 4948 1630 5003 discrimen
1642 4947 1735 5014 officii,
1755 4947 1891 5011 lsbornm,

194 5038 271 5093 sione
291 5035 418 5105 expletur
435 5041 552 5104 uterque
569 5035 860 5104 appetitusnaturalis
877 5041 937 5090 tum
950 5037 1029 5091 intel·
1056 5035 1215 5103 passionum
1234 5040 1287 5091 etc.
1314 5035 1388 5105 quod
1412 5034 1480 5104 ipsis
1498 5034 1632 5088 ecclesiae
1651 5033 1785 5088 ministris
1810 5034 1892 5089 inter·

195 5124 293 5187 lectus,
313 5133 372 5176 tum
396 5118 554 5176 voluntatis.
590 5118 738 5174 Praeterea
753 5119 830 5176 beati
850 5138 900 5191 per
917 5122 1030 5191 parissi·
1056 5119 1138 5184 cedit,
1158 5121 1262 5175 recurri
1282 5130 1383 5191 posset,
1403 5127 1434 5175 ut
1452 5120 1505 5175 hac
1524 5120 1631 5175 ratione
1651 5122 1724 5175 inter
1737 5120 1891 5192 ipsosque-

195 5227 267 5265 mam
292 5209 436 5264 cadtatem
464 5207 527 5278 plus
551 5206 672 5276 diligunt
690 5205 780 5260 Deum
800 5224 883 5277 quam
903 5224 934 5263 se
955 5209 1030 5278 ipsos
1057 5223 1112 5277 que
1129 5207 1264 5262 ecclesiae
1277 5208 1417 5262 ministros
1435 5207 1541 5277 gloriae
1555 5207 1700 5262 diversitas
1715 5212 1890 5263 statueretur.

195 5304 224 5349 et
249 5312 299 5349 sua
324 5294 476 5351 commoda.
518 5292 594 5363 Ergo
615 5292 704 5363 magis
724 5292 896 5359 desiderunt,
922 5293 1030 5364 impleri
1057 5293 1138 5348 Certe
1161 5293 1267 5348 Paulus
1297 5299 1319 5352 1.
1340 5293 1401 5347 Cor.
1430 5299 1471 5356 ιι,
1494 5310 1520 5350 ι.
1542 5297 1582 5349 to.
1618 5293 1890 5356 2.Cor.11,v.ts.

195 5379 368 5434 voluntatem
380 5379 433 5434 Dei
450 5396 533 5450 quam
546 5395 633 5432 suam.
661 5377 726 5433 lam
742 5394 807 5432 voro
825 5383 936 5445 nonunt,
956 5379 1030 5434 hunc
1052 5380 1121 5448 plus
1139 5380 1259 5448 reliquis
1277 5380 1416 5448 apostolis
1429 5396 1490 5434 sess
1508 5380 1652 5434 laborasse
1668 5378 1777 5447 ιιιιιιι,
1795 5380 1890 5448 utique

196 5481 258 5522 esse
278 5465 331 5520 Dei
350 5465 530 5531 voluntatem,
546 5471 579 5518 ut
594 5463 718 5535 praemia
731 5464 760 5518 in
773 5464 830 5520 vita
848 5467 1029 5520 aeternasint
1056 5482 1124 5537 ergo
1147 5466 1233 5521 etiam
1260 5465 1359 5537 maj0ri
1384 5481 1452 5536 prae
1480 5465 1595 5536 reliquis
1621 5462 1711 5537 gloria
1738 5463 1889 5522 ornabitsu.
