4050 6014
147 220 209 278 286
821 210 1049 269 moremus
1068 210 1239 278 QUINTUS

145 376 215 422 sunt.
244 365 338 422 homil.
361 370 400 422 to.
420 366 450 419 in
470 371 493 421 2.
511 364 648 426 Corinth:
676 365 710 421 a·
728 367 850 435 inpressi
867 368 897 421 in
914 375 993 440 car-t
1007 367 1154 436 passiones
1179 368 1261 438 hujus
1287 368 1418 437 temporis
1443 366 1547 421 nullam
1572 365 1675 421 habere
1701 383 1843 436 compara·

144 469 236 506 cerem
253 460 281 506 et
298 453 423 506 ridentes
443 453 517 505 alim
532 453 672 521 pallidos,
696 453 771 506 alios
788 470 854 506 cero
873 453 979 506 vinem
991 461 993 514 i
1005 455 1107 509 tionem
1128 472 1189 509 cum
1209 454 1329 509 aeternis
1349 454 1494 523 impiorum
1514 452 1664 522 suppliciis,
1684 466 1756 523 quae
1775 469 1841 522 pec·

145 545 171 592 ct
189 539 353 607 esurientes,
378 539 452 592 alios
476 555 542 591 oero
560 539 725 591 intenebris
742 539 896 605 concinuos,
915 541 1074 612 con-icatis
1102 542 1202 595 nostris
1226 557 1334 595 eramus
1363 539 1517 608 promeriti,
1545 538 1593 592 sed
1624 538 1699 593 Deus
1726 545 1842 609 propter

144 626 273 688 cutimur,
292 623 477 678 horrescimus
499 631 524 677 et
543 626 645 693 omnia,
667 642 701 678 ne
721 625 790 678 iiiuc
811 625 980 690 incidamus,
1006 627 1109 681 Christi
1127 627 1253 681 meritum
1272 626 1309 681 ab
1328 625 1382 679 illis
1401 643 1451 679 nos
1466 625 1566 679 liberat
1578 623 1737 678 etserrenm
1752 632 1841 680 aeter·

71 756 73 760 ,
143 710 283 775 fucinum·
311 712 425 780 quando
455 712 576 763 adducti
599 713 744 764 trahemur
779 712 809 764 in
839 712 979 781 pebennae
1006 730 1103 767 aarum
1124 729 1273 783 poenarum
1291 711 1433 782 flagellum
1452 712 1481 764 in
1498 718 1640 779 paternam
1658 711 1842 781 temporariae

143 813 278 865 carceres,
303 798 401 867 quates
417 797 512 860 saturi
530 798 655 850 erimar!
690 796 768 850 ldem
785 796 880 852 homil.
899 800 924 853 5.
943 798 980 851 ad
1006 799 1196 870 castigationis
1221 799 1329 868 virgam
1359 799 1478 868 benigue
1508 804 1665 851 commutat.
1702 797 1842 861 Quemad-

143 883 235 954 popul.
262 882 407 942 Antioch.:
441 884 560 953 Confert
588 900 638 936 nos
660 883 772 952 pueris,
804 885 854 952 qui
883 874 1118 947 larvarimodnm
1138 884 1279 954 passiones
1298 883 1381 954 hujus
1395 884 1526 954 temporis
1539 893 1671 936 nonsart
1684 884 1841 953 condipnae

142 970 246 1037 timent,
266 988 321 1025 non
339 970 446 1037 ipnem,·
471 970 513 1022 ita
535 987 587 1023 nos
612 970 709 1022 laruas
731 969 885 1039 malorum,
909 960 1048 1038 puta²ad
1064 973 1193 1031 srduram
1213 971 1348 1039 gloriam,
1376 986 1447 1039 quae
1472 970 1642 1039 promittitur
1664 969 1743 1024 Rom.
1772 976 1796 1037 8,
1816 989 1840 1023 v.

142 1057 314 1125 temporalia
347 1058 453 1109 damna
485 1064 511 1109 ct
535 1073 698 1124 aerumnas,
722 1056 862 1125 timemus,
888 1057 980 1124 ipsum
1009 1061 1047 1111 18.
1068 1057 1107 1110 ita
1118 1056 1187 1109 nihil
1199 1056 1351 1127 quidquam
1366 1055 1537 1109 estimandus
1552 1062 1617 1109 sunt
1640 1055 1676 1109 ad
1700 1065 1841 1111 aeternam

141 1160 206 1197 octo
227 1144 345 1205 matum,
371 1144 405 1195 id
427 1150 467 1195 est
482 1151 630 1214 peccatum
655 1143 799 1211 ipsamque
829 1152 980 1205 ueternum,
991 1146 994 1207 ἕ
1006 1159 1131 1213 poenam,
1150 1159 1252 1213 quaes
1270 1142 1323 1213 piis
1336 1142 1468 1207 aufertur,
1486 1142 1578 1212 impiis
1593 1159 1657 1196 vero
1670 1143 1841 1197 eteoclesiae

142 1246 196 1299 auo
215 1247 267 1282 nos
285 1229 363 1281 discit
380 1236 534 1298 peccatum,
553 1246 608 1282 nos
620 1230 827 1297 formidamus.
845 1228 939 1282 homil.
955 1234 978 1284 b.
1006 1228 1243 1298 persecutoribus,
1263 1229 1365 1298 juratis
1385 1229 1492 1298 piorum
1520 1227 1648 1283 hostibus
1674 1229 1840 1283 immittitur.

141 1316 170 1370 in
189 1320 213 1372 2.
229 1314 368 1373 Thessal:
391 1315 425 1368 Si
436 1315 536 1384 ispum,
554 1332 625 1384 anae
643 1315 689 1368 bic
706 1315 872 1378 latuerunt,
892 1323 979 1368 metus
1007 1320 1029 1370 2.
1046 1313 1143 1370 Tbess.
1165 1320 1188 1379 1,
1208 1332 1235 1368 r.
1256 1320 1283 1370 b:
1302 1315 1416 1366 thrtvrm
1435 1323 1477 1368 est
1490 1317 1569 1382 apud
1583 1317 1674 1367 Deum
1685 1317 1841 1368 retribuere

141 1410 248 1457 tantam
267 1405 320 1455 cim
342 1401 432 1470 habet,
449 1409 480 1453 ut
498 1417 581 1454 nasa
594 1402 695 1470 prauis
713 1402 837 1454 abducat
862 1387 1214 1454 actioni-'tribulationem
1250 1401 1323 1469 iiiia,
1359 1402 1409 1470 qui
1432 1417 1480 1452 oos
1508 1401 1651 1468 afstipant.
1697 1400 1840 1472 Quidquid

143 1490 207 1558 bus,
228 1489 313 1542 multo
338 1490 429 1557 mapis
447 1489 615 1555 futurorum
640 1488 788 1555 memoria,
807 1487 978 1556 supplicium
1005 1486 1139 1555 terribile,
1154 1486 1289 1557 quidquid
1304 1484 1480 1540 formidabile
1489 1485 1629 1539 minantur
1638 1493 1838 1556 persecutores,

142 1575 307 1641 immortale,
326 1591 421 1643 poena
433 1576 611 1645 sempiterna.
633 1573 667 1627 Si
680 1581 768 1626 metus
785 1574 859 1643 repis
873 1570 1087 1650 terreni11udus
1105 1588 1138 1626 ac
1157 1573 1239 1642 jocus
1259 1572 1326 1639 erit,
1351 1571 1374 1625 si
1394 1569 1493 1625 inferni
1514 1588 1618 1642 poenas
1636 1572 1770 1642 apostatis
1790 1591 1837 1643 pa·

141 1681 159 1715 a
176 1670 234 1715 tam
253 1660 534 1714 multisnosabducit
546 1661 640 1725 malis,
660 1669 765 1730 quanto
783 1659 874 1729 mapir
891 1669 978 1713 metus
1005 1664 1079 1712 ratas
1092 1659 1212 1729 cogites3
1233 1675 1300 1712 cave
1315 1658 1409 1729 igitur,
1430 1659 1557 1712 neminis
1571 1675 1722 1728 poenarum
1735 1660 1839 1713 tractus

141 1749 251 1803 aeterni
269 1749 371 1816 repis!
396 1750 425 1802 si
440 1756 576 1815 mortuus,
605 1748 716 1801 etiamsi
731 1747 822 1801 solum
836 1748 977 1813 rideatur,
1004 1745 1153 1799 averitate
1173 1745 1440 1800 coelestidivortium
1458 1744 1553 1802 iacias,
1574 1746 1838 1800 ntostoliditatemt

142 1834 265 1888 animum
283 1843 410 1888 nostrum
424 1834 614 1903 itareprims't,
629 1841 733 1903 quiante
748 1833 838 1900 mopis
850 1833 976 1902 gehenna
1003 1832 1115 1885 timetur
1138 1849 1250 1899 carcer,
1276 1840 1302 1884 et
1325 1850 1379 1885 non
1403 1833 1534 1886 timentur
1551 1840 1667 1885 aeterna
1685 1841 1840 1896 tormenta,-

141 1929 166 1975 et
186 1921 269 1989 ipnis,
287 1921 336 1992 qui
348 1921 442 1990 nequit
457 1920 616 1989 eastinpui!
634 1927 740 1988 quanto
758 1919 849 1988 maps's
869 1919 977 1981 temnis,
1003 1921 1115 1972 timetur
1130 1919 1262 1987 flamma,
1289 1927 1315 1971 et
1332 1937 1388 1972 non
1408 1920 1537 1972 timentur
1556 1928 1674 1971 aeterna
1698 1920 1831 1972 incendia

140 2006 263 2078 quinon
280 2005 423 2061 moritur!
447 2004 567 2077 Cyrillns
586 2003 789 2061 Alexandrinus
807 2005 836 2059 in
854 2005 977 2059 mansne
1004 2004 1059 2060 Sed
1084 2005 1221 2060 discamus
1249 2005 1351 2060 rectius
1375 2021 1489 2075 sapere,
1513 2022 1547 2059 ac
1571 2006 1679 2076 quoties
1704 2006 1838 2076 ridemus,

138 2094 174 2149 de
191 2094 268 2148 exitu
285 2092 404 2147 animae:
435 2091 597 2147 Cebennam
617 2093 713 2162 timeo,
731 2093 835 2161 quippe
853 2093 976 2146 intermi-
1001 2091 1103 2161 impios
1123 2092 1151 2146 in
1172 2090 1225 2146 hoc
1244 2090 1462 2161 mundatiorere,
1482 2092 1581 2145 animis
1590 2098 1737 2161 propterea
1745 2092 1839 2148 efferri

139 2188 246 2250 natam,
265 2179 400 2234 cahomeo
419 2186 570 2247 tartarum,
594 2187 627 2232 nt
644 2179 692 2231 cui
709 2179 826 2231 nimiam
844 2177 911 2231 insit
929 2195 974 2231 aa·
988 2181 991 2253 ξ
1003 2184 1031 2230 et
1049 2177 1137 2232 instar
1157 2177 1306 2233 hoedorum
1326 2178 1448 2232 oviculas
1473 2177 1652 2247 conculcare,
1675 2180 1838 2250 cogitemus,

138 2267 219 2335 toris,
231 2283 322 2335 pareo
338 2265 474 2329 mnebras,
493 2264 625 2334 quoniam
639 2265 711 2318 nihil
730 2265 882 2319 admittunt
895 2264 976 2332 tucis,
1003 2264 1079 2317 brevi
1097 2272 1253 2319 secuturam
1273 2264 1409 2335 insignem
1429 2282 1519 2318 rerum
1535 2264 1784 2332 commutationem,
1804 2283 1838 2319 ac

137 2352 264 2416 fumido
283 2353 449 2422 pestiferum
469 2368 600 2414 vermem,
624 2351 755 2420 antoniam
776 2358 817 2404 est
835 2354 975 2420 perennis.
1002 2350 1062 2420 pios
1092 2349 1120 2402 in
1153 2357 1281 2405 aeternae
1308 2351 1383 2404 vitae
1412 2359 1492 2420 septa
1520 2349 1704 2421 colligendos,
1738 2351 1838 2421 impios

138 2437 325 2510 Hieronymus
345 2438 451 2509 epistol.
477 2442 518 2495 22.
539 2437 574 2492 ad
593 2436 741 2492 ammom
773 2437 831 2491 Ille
849 2455 908 2507 epo,
928 2438 978 2506 qni
1003 2453 1066 2491 vero
1094 2437 1122 2490 in
1148 2437 1192 2491 die
1208 2435 1307 2507 judicii
1332 2439 1424 2490 anima
1447 2444 1475 2489 et
1498 2452 1612 2506 corpore
1635 2437 1663 2492 in
1681 2435 1836 2507 gehennam

137 2527 172 2581 ob
192 2526 332 2595 pehennae
356 2533 456 2579 mdum
482 2524 537 2578 tali
560 2540 603 2577 me
630 2541 745 2577 carcere
767 2526 975 2591 damnaveram,
1002 2522 1165 2592 perdendos.
1202 2522 1368 2592 Cumprimis
1395 2538 1460 2576 vero
1485 2521 1593 2592 quoties
1619 2530 1717 2594 gustus
1736 2523 1837 2594 aliquis

136 2613 316 2681 scorpionum
337 2620 444 2666 tantum
457 2611 549 2664 socius
569 2613 735 2673 attererem
749 2614 800 2664 etc.
822 2608 975 2680 Gregorius
1002 2608 1126 2662 dolorum
1145 2608 1322 2663 infernalium
1341 2608 1455 2662 salutari
1476 2608 1528 2662 Dei
1548 2610 1663 2663 consilio
1680 2607 1761 2662 nobis
1775 2627 1837 2679 pro-

17 2704 62 2748 11·
75 2698 206 2754 tulius
225 2705 249 2754 9.
268 2697 411 2751 moralium
436 2713 497 2767 cup.
518 2703 565 2752 lb:
594 2697 669 2760 Quid
686 2698 808 2765 prodeat
830 2698 885 2749 ista
910 2698 973 2765 (tor-
1001 2696 1121 2765 piantur,
1141 2695 1303 2766 cogitemus,
1324 2711 1394 2766 quae
1408 2702 1436 2749 et
1454 2701 1559 2765 quauta
1570 2694 1695 2751 Christus
1712 2702 1837 2765 tempore

136 2789 229 2839 menta
247 2783 361 2850 inferni)
377 2800 543 2854 praenosse,
561 2782 587 2835 si
606 2800 661 2836 non
674 2783 817 2851 continpat
834 2785 975 2835 maderet
1001 2782 1136 2851 passionis
1162 2798 1228 2836 snae
1255 2798 1305 2853 pro
1334 2780 1414 2837 nobis
1443 2783 1610 2851 toleraverit,
1636 2798 1654 2836 a
1679 2781 1782 2853 quibus
1808 2790 1837 2836 et

139 2871 288 2941 Totaerpo
299 2871 451 2924 intentione
465 2871 623 2923 curandum
636 2875 684 2932 est,
699 2876 730 2921 ut
746 2869 975 2922 cumuacationis
1001 2868 1113 2937 quantis
1131 2868 1210 2922 malis
1227 2867 1346 2940 benigne
1364 2884 1415 2921 nos
1434 2866 1603 2934 liberaverit,
1626 2884 1659 2923 ac
1679 2876 1754 2923 certo
1781 2876 1836 2924 sta·

76 3011 83 3028 .
137 2965 243 3029 tempus
271 2956 438 3026 accipimus,
476 2956 543 3010 benc
571 2955 686 3008 oirmdi
713 2955 808 3007 studio
835 2955 973 3008 malorum
1000 2963 1119 3017 tuamus,
1145 2954 1205 3010 fore
1222 2962 1255 3009 ut
1272 2972 1306 3010 ex
1326 2956 1461 3024 angustiis
1486 2962 1514 3009 et
1538 2954 1678 3010 doloribus
1701 2955 1755 3010 illis
1776 2956 1837 3010 elu-
1873 2947 1877 2956 ’

136 3044 254 3098 ultricia
272 3050 409 3097 tormenta
425 3042 578 3110 sapiamus.
603 3039 783 3095 Bernhardus
803 3056 918 3095 sermon.
939 3041 974 3095 (le
1000 3041 1067 3096 etati
1085 3041 1114 3095 in
1132 3039 1185 3096 hac
1209 3047 1237 3096 et
1257 3050 1371 3096 aeterna
1390 3043 1446 3096 rita
1466 3041 1606 3112 perpetuis
1626 3041 1738 3096 laudum
1757 3058 1836 3112 prae·

136 3146 260 3184 convers.
280 3130 316 3183 ad
336 3128 427 3183 cleric.
455 3127 546 3198 capite
574 3127 686 3197 quinto:
723 3127 803 3180 Haec
822 3128 899 3182 mala
926 3130 976 3197 qui
1000 3127 1086 3182 coriis
1114 3127 1203 3198 ipsum
1236 3127 1415 3182 celebremus.
1454 3128 1593 3183 Luthsrus
1623 3129 1745 3199 graviter
1773 3145 1836 3199 pro·

36 3282 42 3295 ο
135 3224 335 3285 penetraret,
356 3214 619 3284 namquineplipit,
634 3214 743 3267 incidit.
763 3211 841 3267 Idem
856 3230 971 3269 sermon.
999 3215 1123 3282 nuntiat,
1147 3214 1260 3268 cuilibet
1278 3232 1341 3268 cere
1365 3216 1416 3283 pio
1436 3215 1549 3283 aliquid
1567 3216 1602 3266 de
1630 3214 1776 3268 doloribus
1796 3216 1837 3268 in·
1851 3241 1895 3281 χχ,
1908 3242 1956 3285 Μ

135 3305 175 3358 lb.
196 3301 225 3355 in
247 3302 339 3356 Cant:
360 3302 454 3355 Paeco
467 3300 628 3371 pebennam,
646 3300 829 3353 contremisco
848 3318 866 3353 a
883 3301 971 3353 denti·
1001 3302 1162 3366 feritatibus
1185 3317 1244 3355 esse
1261 3304 1443 3370 uastandam,
1469 3309 1498 3353 at
1522 3318 1554 3354 rc
1582 3301 1645 3368 ipsa
1666 3302 1837 3370 experiatur,

135 3387 185 3442 bus
203 3387 307 3442 bestiae
324 3387 492 3454 infernalis,
517 3387 618 3440 horreo
641 3402 758 3439 vermem
781 3388 926 3440 rodentem
945 3396 971 3439 et
1001 3407 1019 3441 a
1044 3406 1097 3457 pua
1123 3388 1200 3441 malo
1226 3388 1354 3442 Christus
1382 3387 1472 3456 ipsum
1503 3387 1680 3454 liberaverit,
1707 3405 1740 3440 ac
1768 3387 1839 3457 quid

134 3473 227 3543 ipnern
253 3481 415 3539 torrentem,
438 3473 548 3537 sianum
571 3478 749 3540 streperem
772 3480 798 3525 st
819 3473 916 3535 miser
945 3481 971 3526 et
996 3476 1123 3544 peccatis
1151 3475 1210 3528 suis
1242 3475 1356 3544 quilibet
1388 3482 1511 3527 nostrum
1537 3476 1708 3542 promeritus
1731 3475 1836 3542 suerit.

132 3557 887 3630 spiritumproceilarum,horreotsnebraseuteriores.
900 3557 968 3613 Ger·
1000 3560 1055 3616 Hie
1072 3566 1180 3632 gustus,
1206 3561 1229 3614 si
1253 3577 1308 3614 non
1332 3559 1418 3630 prius,
1446 3566 1538 3615 tamen
1568 3561 1597 3614 in
1621 3576 1709 3630 agone
1740 3560 1835 3615 mortis

134 3645 228 3701 conius
243 3644 396 3704 laetitia
412 3660 561 3699 canonem:
581 3643 968 3714 Fetrbterrartransitorius,
1002 3647 1129 3718 obtingit,
1153 3647 1239 3702 satius
1266 3653 1357 3701 antem
1376 3655 1419 3701 est
1447 3647 1567 3701 eundum
1602 3647 1754 3717 anticipare
1783 3654 1834 3702 etc.

134 3730 185 3802 qui
201 3732 329 3786 timorem
347 3740 491 3784 aetrnum
507 3729 639 3784 accludit.
657 3727 779 3783 Thomas
797 3730 832 3784 de
851 3729 968 3801 Kampis
1002 3733 1152 3789 Constituti
1171 3735 1199 3789 in
1218 3733 1274 3788 illis
1292 3733 1443 3805 angoribus
1455 3733 1634 3803 respiciamus
1650 3731 1787 3788 Christum
1805 3735 1835 3791 iu

134 3817 196 3873 libr.
224 3827 246 3876 Ι.
272 3819 307 3872 de
330 3818 399 3874 imit.
417 3816 519 3873 Christi
544 3833 605 3889 cap.
632 3821 678 3872 tt:
721 3816 782 3870 Una
809 3818 880 3871 bora
905 3816 968 3870 illic
998 3820 1077 3875 horto
1097 3820 1191 3874 oliveti
1210 3821 1417 3891 agonizantem,
1444 3838 1494 3891 pro
1511 3820 1590 3875 nobis
1611 3827 1781 3890 pugnantem
1800 3839 1833 3875 ae

133 3907 249 3975 pravior
274 3906 329 3960 erit
356 3906 386 3959 in
410 3921 503 3974 poena
526 3921 611 3973 quarn
638 3904 684 3957 hic
712 3911 820 3957 centum
847 3904 917 3958 anni
938 3904 968 3956 in
996 3906 1229 3977 triumphantem,
1252 3913 1280 3960 et
1303 3906 1402 3961 devote
1424 3924 1533 3961 oremus
1558 3923 1620 3960 cum
1646 3908 1737 3976 psalte
1755 3908 1832 3977 regio

129 3991 312 4060 poenitentia.
344 3991 585 4046 Exhorrescamus
602 4005 670 4059 erpo
689 3990 855 4059 pebennans,
871 3991 967 4043 timea-
994 3993 1024 4046 in
1041 3993 1094 4047 hac
1118 3994 1257 4063 palaestra
1282 3992 1369 4064 probe
1394 3994 1543 4048 exercitato
1569 3993 1671 4048 Psalm.
1694 3998 1734 4057 ts,
1755 4011 1780 4046 v.
1805 3999 1831 4048 l:

133 4096 194 4132 mus
212 4078 320 4132 mettum
343 4076 451 4146 judicis
474 4076 546 4146 ipsis
564 4092 673 4146 ouoqrsc
697 4076 833 4143 angelicis
853 4083 968 4128 tremen·
996 4080 1046 4132 Ad
1063 4086 1101 4144 te,
1121 4081 1258 4147 Domine,
1276 4080 1413 4145 ciarnabo,
1433 4099 1449 4133 o
1465 4090 1550 4151 petra
1570 4097 1644 4145 mea,
1662 4096 1696 4134 ne
1718 4089 1832 4145 taceus;

133 4167 201 4219 dum
216 4163 413 4234 potestatibus,
438 4163 690 4217 contremiscamus
715 4161 751 4215 ab
771 4163 816 4216 ira
834 4162 969 4231 Potentia,
996 4182 1030 4218 ne
1048 4166 1076 4218 si
1092 4167 1222 4234 tacueris,
1245 4166 1348 4220 similis
1364 4167 1431 4231 fiam
1451 4167 1519 4230 ibice,
1546 4169 1595 4236 qui
1615 4168 1786 4220 descendunt
1801 4166 1830 4219 in

132 4269 152 4303 a
168 4253 245 4316 [acic
264 4251 376 4314 furoris
401 4252 476 4320 ejas,
503 4271 521 4306 a
535 4251 660 4320 fraporc
683 4248 790 4301 ruentis
812 4250 924 4318 mundi,
950 4266 969 4301 a
993 4259 1115 4320 puteum.
1135 4251 1287 4313 Psalm.30.
1302 4271 1327 4305 v.
1341 4259 1370 4306 t:
1392 4254 1522 4317 Domine,
1537 4252 1659 4306 eduxisti
1672 4254 1707 4304 ab
1717 4251 1830 4313 inferno

133 4337 352 4407 confloprationc
373 4338 578 4405 densentorum,
604 4354 623 4389 a
642 4342 801 4404 tempestate
818 4335 927 4405 rabida,
952 4353 971 4388 a
997 4340 1120 4392 animam
1139 4355 1241 4403 meam,
1268 4338 1418 4402 uiuificasti
1432 4356 1474 4391 mc
1497 4356 1516 4391 a
1543 4339 1773 4392 ducendemibus
1800 4340 1830 4392 in

131 4438 195 4478 soce
213 4423 386 4491 erchanpeli,
411 4444 430 4479 a
447 4424 530 4477 oerbo
548 4439 649 4491 aspero
655 4442 667 4487 ,·
690 4421 933 4476 conamucamas
951 4441 970 4475 a
992 4434 1117 4492 puteum.
1153 4441 1178 4478 v.
1198 4431 1222 4480 6.
1254 4426 1428 4478 Momentum
1451 4425 1481 4477 in
1505 4425 1701 4493 indignatione
1724 4426 1786 4493 ejus
1805 4434 1830 4478 et

132 4509 260 4564 dcntsbus
277 4511 382 4565 bestiae
400 4509 566 4576 infernalis,
592 4527 609 4562 a
628 4516 723 4561 ventre
740 4508 862 4578 inferni,
886 4526 906 4561 a
922 4527 968 4563 ra·
996 4511 1056 4563 citu
1074 4510 1103 4564 in
1116 4512 1334 4580 voiuntateejus.
1355 4509 1455 4565 Psalm.
1466 4516 1508 4580 ta,
1520 4527 1544 4565 v.
1557 4516 1600 4567 lb:
1621 4512 1831 4566 Deusreds'met

131 4596 270 4668 pientibus
284 4597 471 4666 praeparatis
484 4597 525 4649 ad
543 4611 652 4663 escam,·
670 4594 835 4649 horreamus
852 4611 969 4649 emmam
997 4598 1120 4650 animam
1142 4615 1232 4652 meam
1259 4600 1295 4652 ds
1324 4616 1410 4651 manu
1433 4598 1534 4667 inferi,
1561 4600 1609 4668 qui
1632 4600 1754 4668 eracepit
1778 4617 1829 4656 me.

131 4685 283 4751 rodentem,
311 4684 403 4752 ignem
421 4683 621 4736 comburentem
640 4686 667 4733 ct
685 4688 842 4750 torrentem,
859 4682 969 4749 fumum
996 4682 1149 4751 Psalmi&
1170 4702 1194 4738 v.
1209 4691 1238 4740 t:
1256 4685 1393 4754 Laetifica
1406 4683 1530 4738 animam
1543 4687 1618 4738 servi
1631 4685 1679 4753 tui,
1697 4686 1829 4754 quoniam

132 4777 159 4824 et
170 4785 313 4841 uaporem,
328 4770 427 4833 adfer
440 4778 466 4822 et
477 4769 609 4837 spiritum
621 4766 822 4836 procellarum,
841 4768 969 4822 tenebras
996 4777 1037 4825 ad
1052 4779 1085 4839 te,
1104 4774 1233 4839 Domine,
1251 4772 1371 4827 animam
1390 4773 1586 4826 meambeoaui.
1606 4789 1632 4826 v.
1654 4776 1692 4828 13.
1714 4773 1829 4826 Miseri·

133 4858 240 4926 mortis,
252 4864 357 4926 portas
377 4855 495 4925 inferni.
518 4853 586 4918 Quis
599 4852 679 4906 dabit
691 4853 824 4908 ocularet
838 4856 970 4909 cordibus
996 4860 1097 4913 cordia
1116 4866 1166 4912 tna
1185 4877 1288 4928 maana
1306 4877 1392 4927 super
1411 4875 1461 4925 me,
1481 4860 1581 4912 unisti
1595 4858 1718 4911 animam
1738 4875 1828 4912 meam

131 4945 237 5000 nostris
248 4949 360 5013 sontem
377 4944 583 5012 lacrymarum,
611 4949 642 4995 ut
663 4942 878 5010 protendamus
889 4944 968 5013 fleti·
995 4964 1029 4999 ea
1047 4946 1162 5013 interno
1179 4944 1322 5010 inferiori.
1358 4944 1458 5002 Psalm.
1483 4950 1524 5010 88,
1543 4962 1568 5000 v.
1588 4951 1617 5000 t:
1646 4944 1767 5012 Repleta
1790 4954 1829 4998 est

131 5031 181 5086 bus
201 5032 301 5101 fletam
328 5040 354 5085 et
370 5032 522 5085 stridorem
541 5028 675 5096 dentium,
699 5043 832 5082 manum
845 5032 968 5099 pedum·
996 5032 1080 5086 matis
1102 5033 1198 5086 anima
1222 5049 1284 5085 mea
1310 5041 1336 5085 et
1363 5032 1423 5085 vita
1450 5048 1513 5085 msa
1537 5032 1651 5097 interne
1672 5035 1827 5101 appropin-

131 5135 183 5188 pue
202 5118 279 5172 dura
296 5117 410 5170 umato
428 5125 455 5172 et
467 5117 582 5185 pondus
598 5121 761 5168 emersuram
774 5118 967 5184 prementium,
994 5121 1097 5190 quavis.
1116 5118 1216 5173 Psalm.
1237 5122 1294 5185 tta,
1312 5136 1336 5172 v.
1348 5124 1375 5173 t:
1392 5120 1436 5173 Ne
1456 5119 1612 5171 abscondas
1628 5118 1734 5180 facicm
1752 5127 1828 5173 tuam

131 5204 333 5275 strinpentium,
350 5204 490 5257 urentium
508 5209 534 5256 et
554 5217 694 5270 nunquam
708 5199 890 5267 finientium!
994 5225 1013 5259 a
1032 5223 1082 5270 me,
1102 5223 1136 5258 ne
1155 5204 1257 5258 similis
1276 5205 1344 5268 tiam
1363 5204 1591 5259 succendentibus
1611 5205 1639 5256 in
1657 5205 1758 5261 lacum.

1 5332 8 5345 .
23 5313 116 5369 παρα·
164 5294 206 5347 92.
225 5295 250 5346 2.
260 5287 335 5345 Usus
351 5283 585 5367 napapvtnserir
597 5286 657 5342 sivo
672 5284 881 5343 consolatorius
893 5289 922 5344 in
933 5306 966 5345 eo

1 5368 103 5447 apenn-
129 5376 264 5444 comistit,
284 5383 316 5430 nt
332 5375 361 5429 in
380 5374 523 5447 quibusvis
537 5372 660 5431 mearam
677 5389 711 5428 sc
726 5375 965 5443 persecutionibus
1329 5393 1379 5399 ’
1403 5392 1513 5398 ··“·“

2 5451 39 5493 ‘⁶'
128 5463 254 5534 simque
274 5462 303 5516 in
319 5462 380 5533 ipso
395 5462 527 5533 martyrio
538 5462 677 5533 patientes
690 5463 783 5526 simus,
802 5465 965 5538 cogitantes,
978 5489 980 5504 =

955 5736 969 5768 1
