4050 6014
780 294 838 353 tm
852 294 948 354 vl'te
966 292 1157 358 lennem
1757 303 1817 361 41⁷

120 449 292 504 scholastici
311 451 500 504 attribuerunt
521 453 566 505 cel
584 453 668 506 carni
682 451 798 520 Cltristi,
824 453 868 507 sel
888 454 956 507 aliis
983 463 1009 510 et
1020 464 1100 510 terra
1111 472 1198 511 norm
1209 456 1264 509 erit
1272 456 1442 528 paradisus,
1460 456 1491 508 in
1508 471 1563 524 quo
1574 455 1655 507 Deus
1672 448 1820 504 tabente.

118 536 226 589 sanctis
244 537 375 590 cecitatis
392 536 598 591 &barbationem
617 554 636 590 a
655 538 726 608 loco,
746 555 834 608 quare
854 541 956 594 mirum
983 544 1057 596 Nam
1076 545 1158 597 Deus
1183 561 1239 598 non
1256 543 1347 597 solam
1369 543 1401 596 in
1418 542 1506 596 coelis
1522 541 1577 595 ssd
1591 539 1671 595 omni
1686 537 1748 594 loco
1765 535 1818 588 la·

119 629 167 685 est,
186 622 354 690 quibusdam
371 623 527 677 bominibus
541 626 771 678 nostrasaetatis
787 626 955 679 olearon·
982 629 1060 698 bitat,
1072 630 1322 698 proptereaetiam
1337 636 1426 697 munt,
1443 627 1493 680 ubi
1505 629 1584 680 Deus
1601 627 1661 679 erit.
1693 622 1819 691 Respon-

116 715 239 761 mentum
265 710 339 763 adeo
360 709 515 778 placuisse.
539 715 591 764 ert.
616 715 662 765 tt:
691 712 750 765 Nee
765 717 876 765 tantum
902 713 956 765 erit
982 714 1090 768 demus:
1118 731 1168 768 cur
1194 731 1248 769 non
1266 715 1374 769 addunt
1398 713 1482 768 etiem
1507 711 1661 783 epistolem,
1681 707 1818 781 quamde

116 795 194 848 idem
217 810 322 864 corpus
349 797 379 848 in
405 796 610 850 remlrreetionc
633 814 697 850 cum
717 812 765 866 eo,
786 799 955 866 quadrans
981 800 1092 870 gaudiis
1104 800 1226 871 peradisi
1240 800 1276 857 sd
1294 799 1412 856 filiolum
1426 816 1506 855 suum
1518 797 1659 855 Lutherus
1673 790 1817 849 exaravit?

117 881 262 948 babemus,
287 897 383 934 samm
408 881 492 933 emam
510 881 781 952 lecumocoupabit,
801 898 851 936 nee
870 882 955 936 simul
980 885 1109 940 Imitatur
1126 891 1168 939 vir
1181 884 1234 940 Dei
1247 880 1352 956 stylum
1361 878 1524 955 Scripturas
1542 889 1569 938 st
1589 882 1624 937 ds
1641 888 1717 936 stetu
1729 877 1816 934 futuri

116 982 154 1018 ac
165 968 262 1018 eodem
276 966 443 1037 temporein
454 966 584 1036 pluribus
599 967 865 1038 lacisessepaterit,
877 969 956 1038 meod
981 972 1076 1039 seculi,
1096 972 1144 1043 qui
1163 972 1192 1029 in
1209 989 1257 1028 tor
1275 971 1395 1047 hominis
1414 987 1469 1041 nou
1486 967 1640 1036 adscendit,
1658 983 1708 1036 per
1726 980 1816 1036 quen·

116 1060 222 1104 natura
236 1068 387 1120 corporum
405 1059 432 1105 et
442 1053 610 1121 praesertim
625 1053 811 1107 bumanorum
829 1053 882 1106 boc
898 1071 954 1106 nos
982 1057 1045 1111 dnm
1064 1053 1272 1127 συγκατάβασιν
1284 1055 1408 1127 loquitur
1421 1055 1512 1110 verbis
1530 1054 1614 1124 hujus
1626 1052 1722 1115 seculi,
1740 1046 1816 1120 quod

116 1139 204 1201 ferat.
241 1139 310 1192 stem
330 1138 403 1191 enim
427 1138 488 1191 suis
506 1139 652 1208 partibas,
670 1140 800 1193 membris
820 1149 847 1194 et
865 1141 953 1194 linca-
981 1142 1114 1197 ecclesiss
1130 1142 1290 1196 doctoribus
1307 1141 1440 1196 usitatum
1459 1156 1520 1195 esse
1540 1157 1573 1195 ex
1592 1138 1694 1195 Ottone
1711 1135 1814 1190 Fririn-

115 1225 218 1277 mentis
235 1224 378 1292 descripta
392 1233 417 1277 et
428 1224 584 1288 fluitarent,
603 1226 713 1294 oportet
730 1233 760 1278 ut
780 1227 865 1280 cena
883 1227 953 1280 locr's
979 1228 1057 1298 gensi
1075 1233 1098 1294 ξ.
1120 1232 1176 1284 tto.
1195 1227 1360 1282 audirimus.
1400 1233 1425 1282 2.
1448 1227 1565 1281 Gradus
1582 1226 1693 1294 ploriae
1711 1224 1742 1277 in
1755 1223 1815 1276 uite
1827 1209 1960 1313 zssrffiss

116 1312 321 1365 eontineantur.
364 1312 404 1364 Et
436 1312 621 1366 nibilominus
650 1313 833 1382 reperiuntur
861 1313 955 1381 allani
978 1321 1092 1369 adarna
1123 1313 1270 1368 abolenda.
1318 1313 1447 1369 Becsnus
1469 1319 1539 1383 pert.
1567 1318 1589 1370 t.
1617 1309 1701 1365 theol
1728 1307 1814 1363 schol
1828 1317 1926 1364 nrsrlr.

116 1405 173 1450 tam
182 1413 321 1466 procaces
334 1399 595 1468 etintemperantes,
614 1399 665 1467 qui
677 1405 708 1451 ut
722 1415 803 1452 tuam
822 1407 953 1452 mantra
978 1416 1038 1470 cep.
1059 1405 1082 1454 9.
1103 1417 1129 1470 q.
1148 1406 1178 1456 9:
1207 1400 1380 1453 Joaiaianres
1403 1401 1511 1463 docuit,
1540 1415 1635 1451 omnes
1662 1399 1758 1450 beatos
1783 1394 1813 1447 in
1867 1466 1870 1471 ¹

119 1483 276 1552 opinionem
294 1485 338 1536 vel
355 1484 526 1553 ubiquitatis,
546 1485 591 1538 rel
607 1485 787 1552 praesentiae
803 1485 894 1538 realis
910 1492 952 1538 at·
974 1486 1105 1555 praemio
1121 1486 1256 1554 aequales
1275 1500 1344 1549 esse,
1365 1487 1484 1539 eundem
1498 1501 1623 1538 errorem
1642 1488 1753 1536 semdae
1772 1486 1813 1534 est

116 1587 169 1639 pue
195 1570 392 1623 subdantialis
415 1571 544 1640 corporis
569 1578 595 1623 et
620 1570 768 1639 sanpumis
787 1567 894 1624 Obristi
921 1572 951 1624 in
977 1573 1124 1640 maheru,
1148 1587 1211 1624 eum
1229 1572 1309 1632 dicit,
1327 1586 1422 1624 omnes
1439 1587 1499 1624 esse
1515 1586 1603 1639 pares
1621 1571 1731 1623 Beatae
1750 1564 1812 1618 Vir·

114 1671 200 1708 sacra
217 1671 315 1721 coena,
336 1671 454 1726 poscere
473 1674 492 1709 a
516 1656 595 1708 nobis
610 1659 738 1722 caudent,
761 1664 793 1709 ut
810 1657 866 1709 sibi
883 1673 951 1726 pro·
976 1659 1037 1727 pini
1053 1659 1084 1712 in
1096 1659 1245 1713 sancmtots
1265 1665 1291 1711 et
1308 1659 1416 1711 mritis
1436 1673 1534 1711 eoram
1549 1658 1627 1724 Deo,
1651 1655 1718 1708 incle
1738 1652 1812 1705 enim

115 1741 248 1794 linisset
271 1742 383 1809 quidem
409 1757 441 1794 en
460 1741 674 1795 dioinm’literis
691 1757 795 1811 corpas
815 1755 874 1795 esse
893 1760 950 1796 aaa
975 1745 1113 1814 sepiatur,
1134 1759 1193 1798 esse
1217 1745 1302 1796 ctiam
1320 1760 1410 1812 pares
1435 1744 1464 1795 in
1480 1743 1619 1812 praemia.
1656 1736 1812 1808 Descripsit

110 1842 197 1896 possa
216 1827 320 1895 absque
337 1827 399 1880 loco
423 1839 478 1880 ¹nec
492 1829 588 1880 codem
607 1836 732 1896 tempore
750 1843 785 1881 ac
802 1828 887 1882 simul
906 1844 950 1882 ea·
976 1830 1036 1896 hoc,
1052 1831 1092 1885 uti
1113 1830 1197 1899 solet,
1223 1845 1256 1884 er
1274 1828 1443 1884 Bellermino
1466 1829 1527 1883 libr.
1547 1835 1572 1885 4.
1596 1828 1633 1883 ds
1645 1826 1723 1882 nom
1741 1822 1810 1878 eccl.

113 1914 213 1966 sistere
238 1929 322 1981 posse
351 1913 381 1964 in
412 1913 532 1966 diensis
558 1914 629 1967 lacis
653 1914 872 1968 demonstremus
896 1921 948 1971 etc.
976 1932 998 1972 c.
1015 1921 1041 1972 l.
1057 1917 1082 1983 i.
1095 1915 1237 1972 «loriniani
1253 1914 1475 1985 Respondemus:
1497 1913 1723 1984 distinguendum
1737 1910 1810 1965 inter

114 2000 270 2052 Audienda
287 2006 327 2051 est
345 2013 397 2050 aas
412 2004 542 2062 naturae,
561 2013 634 2068 quae
654 2001 748 2052 Deam
761 2000 852 2068 ipsum
867 2000 950 2053 babet
974 2003 1214 2073 repererationem
1239 2019 1273 2055 ac
1293 2003 1514 2069 renovationem,
1540 2000 1613 2054 inter
1633 1999 1757 2069 pretium
1782 2003 1810 2050 et

114 2093 272 2149 auctorem,
302 2101 335 2136 ea
367 2072 433 2137 verb
465 2085 578 2152 statuit,
608 2085 677 2137 laec
699 2086 766 2151 tisri
782 2102 838 2140 non
852 2101 947 2154 posse.
976 2091 1053 2143 dona
1066 2106 1122 2160 per
1140 2088 1271 2158 qratiam,
1296 2089 1370 2143 inter
1385 2089 1532 2143 articulum
1543 2085 1762 2157 justificationis
1783 2090 1811 2138 st

113 2175 163 2226 erl
189 2176 235 2226 662
269 2173 348 2223 Loca
371 2171 456 2223 elsam
480 2177 608 2239 sprctam
631 2173 673 2224 ad
692 2177 835 2224 aeternam
860 2173 948 2230 teliu·-
975 2176 1109 2230 booorum
1135 2192 1255 2244 operetm.
1293 2173 1433 2244 Respecto
1456 2174 1577 2245 gratiae,
1599 2169 1809 2242 justificationis

114 2265 198 2311 tatem
217 2259 246 2309 in
258 2272 346 2326 repno
359 2257 423 2312 Dei.
464 2255 548 2310 Dicit
566 2258 637 2310 enim
652 2255 780 2312 Uirietnss
798 2259 948 2326 descipulis
975 2268 1004 2316 et
1024 2260 1241 2331 regenerationis
1268 2275 1362 2314 omnes
1382 2260 1471 2314 sancti
1488 2267 1553 2313 sunt
1569 2258 1714 2329 aequales,
1742 2255 1809 2326 quie

111 2343 181 2408 suis,
198 2360 260 2395 cam
273 2344 310 2397 de
321 2360 372 2396 suo
386 2343 511 2396 discessu
523 2358 570 2394 eos
583 2345 851 2412 commonefaceret:
868 2345 948 2398 Vada
975 2348 1102 2401 meritum
1121 2345 1238 2411 Christi,
1258 2344 1333 2415 quad
1349 2344 1405 2399 fide
1421 2346 1626 2413 amplectuntur
1652 2342 1808 2411 eodemque

107 2443 221 2498 parare
234 2430 312 2482 robis
325 2429 426 2485 locum.
453 2427 624 2482 Gueltherns
633 2428 726 2485 homil.
740 2434 781 2484 tt.
799 2430 827 2484 in
842 2436 863 2486 l.
873 2429 947 2485 corn
974 2448 1067 2487 coram
1079 2433 1140 2487 Deo
1150 2430 1346 2502 justificantur,
1359 2429 1561 2498 sequslitersd
1573 2445 1671 2484 omnes·
1684 2432 1807 2497 spectum

112 2514 238 2568 Nimium
260 2515 381 2568 ridiculi
404 2522 482 2583 sunt,
505 2513 556 2584 qui
573 2531 608 2568 ea
624 2516 675 2568 loc
694 2515 756 2569 loco
774 2516 947 2570 occasionem
974 2518 1023 2572 sed
1048 2519 1076 2572 in
1095 2524 1222 2587 respectu
1241 2516 1443 2581 renovationis,
1464 2515 1599 2570 donorum
1622 2514 1807 2584 pergratiam

112 2601 256 2669 arripiant
285 2602 473 2655 commodandi
501 2603 537 2653 de
566 2617 685 2672 corpore
709 2605 832 2670 proclam
862 2605 946 2673 spiri·
973 2603 1157 2659 othonorum
1181 2618 1294 2672 operum
1314 2607 1357 2656 est
1379 2601 1453 2655 inter
1476 2601 1550 2671 ipsos
1574 2606 1683 2654 sanctos
1704 2614 1808 2668 magns

111 2687 199 2751 tuabi,
223 2689 300 2757 quod
322 2695 427 2740 natura
450 2702 504 2740 saa
520 2702 609 2756 usque
623 2688 774 2756 palpabile
792 2689 841 2752 sit,
859 2705 947 2758 neque
975 2689 1174 2762 inaequalitss3
1204 2687 1271 2744 inde
1295 2688 1379 2742 etism
1407 2687 1550 2742 beatitudo
1573 2685 1731 2739 essentialia
1754 2684 1808 2738 crit

110 2772 228 2838 risibile,
249 2789 335 2840 neque
355 2774 416 2826 loco
435 2779 510 2825 certo
530 2773 714 2827 contineatur.
747 2772 897 2844 Schnrpius
917 2775 946 2829 in
973 2776 1113 2848 aequalis,
1137 2774 1246 2829 interim
1264 2774 1395 2843 praemia
1417 2771 1610 2826 accidentalia
1627 2776 1658 2826 et
1675 2771 1808 2825 bonnac·

108 2870 191 2911 cnrsu
216 2858 299 2916 theol.
324 2859 377 2912 loc:
402 2863 445 2913 20.
460 2858 511 2912 col.
533 2863 613 2914 lllt:
643 2860 735 2913 Laerta
754 2868 778 2912 et
797 2868 886 2913 motus
906 2863 946 2915 lo·
972 2863 1184 2916 cessoriaerunt
1197 2859 1364 2930 inaequalis.
1395 2858 1477 2914 Hanc
1490 2858 1696 2912 distinctionem
1716 2863 1745 2912 st
1760 2873 1807 2911 ex*

108 2945 180 2998 calis
207 2945 340 2997 tribuitur
366 2944 531 3012 corporibus
560 2944 589 2996 in
615 2944 692 2998 coela
717 2944 779 2999 Joh.
807 2951 846 3014 lt,
873 2962 899 2999 r.
920 2951 945 3000 2.
972 2946 1150 3017 plicationern
1168 2945 1255 3000 tradit
1272 2946 1333 3014 lpse
1344 2943 1484 2999 Lntherns
1493 2944 1522 2997 in
1537 2949 1610 3014 post.
1623 2943 1718 2998 eccles.
1733 2943 1807 2999 dom.

109 3046 170 3100 csp.
191 3036 230 3094 ll,
254 3048 277 3086 v.
294 3035 334 3085 ts.
360 3030 446 3099 Apoc.
469 3035 508 3092 ll,
532 3045 557 3084 v.
578 3036 603 3088 l.
622 3035 672 3083 cte.
712 3035 734 3085 t.
758 3030 859 3085 Dotem
882 3034 944 3099 api·
971 3035 1008 3089 Π.
1022 3032 1159 3104 Epiphen.
1178 3032 1207 3085 in
1225 3030 1355 3101 explicet.
1369 3030 1447 3101 epist.
1459 3033 1538 3085 Rom.
1555 3037 1598 3086 tt:
1623 3030 1807 3092 Quantnmuis

58 3117 201 3172 talitatis
225 3133 259 3169 ac
277 3115 440 3168 subtilitatis
463 3114 559 3168 itidem
586 3116 677 3169 minus
698 3121 774 3170 recte
797 3116 944 3185 enrplicsnt,
972 3122 1044 3173 inter
1069 3134 1100 3171 se
1124 3118 1252 3186 corporis
1275 3117 1399 3170 membra
1424 3117 1519 3170 omnia
1545 3117 1673 3185 imparia
1699 3116 1755 3169 sint
1780 3122 1807 3169 st

110 3208 215 3274 negent
228 3201 310 3268 enim,
331 3200 472 3254 Obrutam
488 3203 676 3255 resurrexisse
689 3203 948 3272 clansa‘snpulcro,
972 3206 1080 3272 officiis
1092 3212 1174 3274 atque
1188 3203 1486 3270 dipsitateplurimum
1500 3202 1612 3266 distent,
1626 3202 1656 3255 in
1669 3220 1702 3255 eo
1713 3209 1807 3254 tamen

109 3295 222 3360 negent,
246 3288 338 3358 ipsum
364 3289 407 3339 cd
423 3287 579 3354 discipulos
604 3288 763 3354 inpressum
777 3289 883 3341 classsis
899 3289 945 3356 ia·
970 3294 1058 3361 paria
1076 3298 1147 3354 sunt,
1168 3290 1245 3358 Quod
1262 3289 1388 3357 ejusdem
1408 3288 1538 3356 corporis
1555 3287 1679 3341 membra
1693 3288 1807 3357 pariter

109 3377 173 3430 niem
191 3380 242 3428 etc.
277 3373 430 3443 zuinglium
446 3379 517 3442 pert.
541 3380 562 3429 l.
582 3389 654 3442 resp.
673 3373 708 3427 sd
723 3373 839 3429 consess.
859 3373 944 3429 nuth.
972 3379 1114 3444 endstunt,
1131 3386 1220 3444 neque
1230 3381 1325 3445 potest
1342 3375 1440 3427 oculus
1453 3374 1523 3444 plus
1535 3374 1615 3442 juris
1638 3375 1667 3426 in
1687 3389 1807 3442 corpore

109 3481 135 3533 p.
156 3464 214 3516 ltt‘.
236 3465 329 3530 neget,
348 3458 422 3529 qnod
441 3476 545 3527 corpus
557 3458 665 3512 Christi
681 3461 869 3530 plmiticatum
889 3478 945 3515 mo·
972 3465 1028 3519 sibi
1039 3463 1191 3517 vendicare
1218 3477 1302 3530 quam
1322 3459 1563 3515 renuntiantium
1578 3461 1708 3529 quodque
1725 3475 1808 3512 mem·

109 3547 233 3601 nomenti
245 3546 371 3613 lapidem
388 3544 565 3612 obsipnatum
580 3545 736 3612 transierit,
764 3564 799 3599 oc
818 3548 945 3616 lapidem
973 3550 1059 3614 brom
1075 3556 1166 3616 'nepte
1180 3547 1250 3616 plus
1261 3561 1342 3598 mm
1360 3561 1419 3598 esse
1437 3562 1541 3614 corpus
1551 3546 1701 3609 affirmare
1720 3561 1806 3614 qoam
1817 3545 1920 3589 ¹1⁵1&

106 3632 291 3704 sepulcralem
318 3630 414 3697 ampeli
431 3644 518 3698 opero
544 3631 705 3684 walatam
722 3632 816 3697 fuisse
838 3633 945 3702 essent,
971 3635 1118 3704 cuiuslibet
1148 3633 1281 3686 mentm:
1312 3632 1360 3684 Ita
1390 3632 1471 3684 babet
1498 3647 1544 3683 res
1567 3629 1805 3700 Ollristianamsm,

108 3720 305 3772 sicutcrassus
316 3724 438 3788 praetor
449 3717 545 3769 rubris
556 3717 673 3770 indictas
686 3718 787 3786 calicis
807 3734 839 3771 ea
852 3721 944 3791 mado,
972 3722 1180 3793 qualescanque
1196 3714 1265 3785 sint,
1286 3717 1343 3770 sice
1361 3718 1438 3782 firmi
1454 3719 1518 3782 ride,
1537 3719 1595 3770 rios
1613 3718 1729 3787 infirmi,
1747 3717 1805 3771 siue

109 3822 164 3875 quo
186 3804 317 3856 Christus
335 3809 512 3855 monumento
529 3802 621 3871 emme,
639 3805 739 3870 eprerli
750 3811 852 3874 posset.
971 3805 1157 3862 emminmmati
1167 3805 1298 3871 moribus,
1311 3805 1369 3856 siae
1384 3803 1490 3856 morbis
1501 3804 1622 3872 pracati,
1641 3805 1805 3856 tantundem

58 3907 94 3944 ne·
146 3894 200 3944 lib.
240 3894 277 3944 13.
303 3889 427 3941 Lretbero
440 3894 638 3941 monstrorum
654 3887 837 3943 ecclesiarum
850 3892 944 3944 dodo·
971 3893 1085 3963 quilibet
1104 3892 1135 3944 in
1149 3890 1260 3944 Chresto
1278 3897 1303 3943 et
1326 3889 1544 3943 Christianismi)
1559 3889 1696 3959 possidet,
1715 3905 1804 3957 quan·

58 3967 81 4047 2⁰
109 3976 188 4029 ribus
211 3972 352 4028 Pontificii
376 3972 518 4041 tribuunt,
543 3973 617 4043 qnod
642 3972 696 4043 ipsi
715 3988 826 4044 qnoque
846 3976 875 4029 in
892 3975 944 4030 hes
971 3979 1191 4045 immutilanda
1204 3976 1632 4045 equidemuonminuspossum
1645 3973 1804 4029 deOlristo
1825 4016 1831 4025 .

58 4070 94 4099 ,em
111 4061 253 4115 doctrinas
271 4059 396 4114 coelestis
413 4066 495 4128 psrte
516 4058 675 4112 nvedtetis
700 4060 810 4116 tremite
832 4060 945 4115 sberrs·
971 4065 1106 4135 nteriori,
1131 4078 1215 4133 qnam
1238 4062 1332 4115 Diuus
1354 4062 1457 4115 Petrus
1480 4061 1637 4130 aut-Virpo
1662 4062 1804 4128 Dsipara.

58 4122 96 4210 {³1ss
109 4147 206 4211 verint,
227 4152 254 4200 ct
273 4144 384 4216 quidem
401 4143 557 4214 dupliciter,
579 4150 601 4198 1.
619 4145 789 4211 felicitatem
810 4147 882 4199 uitae
897 4163 943 4200 ae·
970 4151 1120 4219 Perplacet
1147 4164 1229 4215 sane,
1262 4147 1376 4199 Petrum
1401 4147 1522 4199 nobilius
1552 4162 1610 4200 esse
1636 4145 1666 4198 in
1696 4144 1806 4199 Christi

58 4219 206 4286 ‘²⁸'tcrnae
224 4231 414 4299 incorporeis
433 4229 547 4284 deliciis
565 4234 736 4300 promendo.
766 4232 891 4287 Probent
908 4251 944 4289 ex
970 4250 1086 4303 empore
1104 4236 1262 4299 nentrum,
1282 4246 1365 4300 quam
1382 4232 1434 4285 sim
1454 4247 1512 4300 epo,
1530 4239 1561 4283 at
1578 4230 1632 4283 ille
1648 4247 1748 4283 rursus
1761 4246 1804 4283 mc

109 4334 150 4382 co,
176 4318 251 4389 quod
270 4316 411 4371 Lutherns
432 4317 462 4370 in
483 4316 625 4388 colloquiis
644 4316 679 4370 sd
699 4333 821 4372 mensem
839 4319 942 4374 habitis
969 4340 1024 4376 non
1039 4320 1195 4384 contemnit,
1208 4319 1348 4387 quodsim
1363 4318 1514 4371 bumeliset
1527 4317 1661 4384 abjectus,
1676 4317 1803 4384 meando·

109 4403 156 4458 icl.
178 4409 237 4459 ma
264 4411 291 4458 el
310 4409 369 4461 tlt.
389 4405 429 4458 sic
445 4403 590 4474 loquetur:
617 4405 696 4456 Deus
717 4420 819 4458 nouam
836 4413 942 4459 terram
969 4409 1081 4477 quidem
1098 4406 1227 4473 ejusden
1246 4406 1376 4472 corporis
1392 4405 1551 4457 membrum.
1587 4402 1725 4473 Agnoscit
1742 4402 1803 4472 ipse

108 4491 214 4544 meabit
234 4498 259 4542 et
279 4491 514 4555 accensendum,
534 4491 601 4558 quin
622 4498 738 4543 etnora
758 4492 865 4544 creabit
881 4495 942 4546 ani·
970 4491 1167 4558 Bellerminus,
1193 4490 1267 4544 hanc
1289 4506 1349 4544 esse
1378 4495 1499 4542 nostrum
1524 4487 1702 4554 sententiam,
1728 4488 1804 4542 unde

108 4577 233 4630 malonia
253 4585 278 4628 et
298 4577 423 4642 catellos,
444 4592 562 4644 ostonem
580 4578 651 4628 cutis
667 4576 720 4629 erit
737 4593 826 4629 aurea
844 4578 944 4648 sipili
968 4577 1030 4632 libr.
1054 4583 1078 4632 3.
1105 4576 1140 4629 de
1159 4575 1250 4646 justif.
1272 4591 1296 4629 c.
1321 4581 1358 4629 lli.
1384 4572 1492 4630 scribit:
1531 4573 1600 4626 bum
1622 4572 1719 4626 dicunt
1733 4590 1803 4643 pro·

107 4665 144 4716 de
167 4663 313 4730 lapidibus
332 4661 476 4730 pretiosis.
513 4660 579 4716 Non
600 4663 773 4715 &rorabunt
799 4679 829 4715 se
848 4671 943 4718 mutuo
968 4670 1106 4730 testantes,
1124 4660 1541 4728 omnersanctosasquejustos
1555 4676 1720 4713 essecoram
1731 4661 1803 4729 Dea,

86 4749 263 4817 animalia,
293 4754 323 4800 ut
349 4756 412 4802 sunt
433 4750 566 4813 bufones,
593 4755 735 4816 serpentes
761 4754 787 4800 et
805 4749 840 4801 id
855 4766 942 4816 penus
967 4750 1123 4818 loquuntur
1141 4750 1176 4801 de
1188 4746 1304 4815 justitia
1323 4746 1497 4814 imputativo,
1525 4748 1682 4799 concedunt
1701 4752 1802 4808 numm,

108 4835 177 4903 alia,
190 4833 466 4903 quaelicuenenata
479 4842 544 4886 sunt
563 4836 704 4887 et'nocere
721 4834 811 4887 solent
820 4841 943 4904 propter
968 4838 1062 4889 Deum
1084 4832 1265 4887 remunerari
1290 4832 1381 4898 iustos
1404 4832 1484 4897 irrata
1508 4849 1594 4901 opera
1618 4849 1727 4899 eorum,
1750 4831 1803 4883 sed

107 4921 246 4992 oripinole
262 4928 422 4990 peccatum,
450 4928 508 4973 tum
526 4935 592 4974 uero
609 4920 690 4973 nobis
710 4937 765 4973 non
784 4921 875 4974 saltim
898 4923 942 4974 in·
953 4910 956 4977 l
965 4929 1085 4991 propter
1100 4937 1197 4988 opera,
1215 4919 1233 4971 i.
1248 4933 1270 4971 e.
1282 4935 1315 4970 aa
1328 4918 1435 4971 merdic
1452 4934 1575 4986 opcmnn,
1593 4924 1703 4983 repant.
1724 4916 1805 4970 leem

106 5016 197 5061 nocua
223 5015 319 5070 munt,
351 5011 403 5060 sect
432 5015 459 5060 et
479 5007 643 5060 amicabilia
661 5015 686 5059 et
704 5014 803 5075 prata,
832 5015 863 5059 ut
880 5005 1101 5078 cum³Judicium
1122 5010 1182 5058 esto
1207 5004 1242 5057 de
1267 5003 1348 5056 dictis
1367 5002 1493 5071 Ssrcerii,
1514 5002 1627 5072 Georgii
1641 5002 1755 5073 Majoris
1774 5008 1805 5058 et

106 5095 144 5147 iis
167 5095 256 5146 animi
280 5110 368 5147 eausa
391 5093 486 5147 lusori
498 5094 592 5146 simus.
629 5093 666 5146 et
683 5100 794 5163 postes:
815 5094 863 5146 Ibi
878 5095 939 5157 sor·
968 5089 1198 5163 Spsngsnbergii,
1212 5105 1285 5160 quse
1295 5088 1418 5144 bodecus
1433 5088 1550 5144 coccina
1565 5080 1632 5143 tom.
1644 5094 1668 5144 2.
1678 5087 1802 5143 thesauri

107 5179 207 5247 micae,
233 5181 358 5248 ciniphes
385 5187 410 5233 et
432 5180 526 5233 omnia
550 5179 664 5245 foetida
688 5186 714 5232 et
738 5179 811 5232 male
836 5179 941 5234 olentia
968 5179 985 5233 l.
1001 5184 1041 5233 10.
1053 5184 1104 5230 ert.
1122 5181 1146 5231 9.
1162 5175 1244 5229 nobis
1258 5174 1361 5244 objicit.
1393 5173 1439 5228 Ite
1455 5180 1706 5246 nemquomentsm
1720 5191 1800 5228 susm

109 5265 247 5319 animalia
265 5281 358 5318 merae
377 5265 497 5318 deliciae
516 5273 598 5318 errem
620 5272 645 5318 ct
672 5265 805 5336 optimum
826 5266 939 5319 odorem
967 5262 1119 5319 clarissime
1150 5261 1263 5332 exponit
1286 5260 1423 5331 Georgius
1451 5259 1542 5330 Major
1571 5278 1668 5332 evang.
1700 5261 1802 5317 domin.

106 5351 264 5419 spirabant,
302 5349 379 5404 ldem
404 5349 433 5403 in
456 5366 551 5405 comm.
576 5356 595 5406 1.
616 5351 690 5407 Petr.
708 5356 735 5405 t:
765 5351 822 5404 Hic
840 5350 1178 5420 naamiscptnsgpsg.
1198 5353 1263 5405 sto:
1291 5347 1375 5410 Quod
1394 5349 1436 5399 ad
1448 5347 1612 5416 principale
1631 5350 1712 5402 etad
1727 5365 1801 5400 suns·

104 5443 210 5505 potest,
234 5455 271 5491 an
295 5439 440 5490 credentes
465 5437 495 5490 in
515 5437 601 5490 coelis
624 5436 667 5489 vel
685 5437 714 5489 in
734 5436 819 5489 terris
839 5440 1041 5506 apcnt;imum
1065 5443 1091 5489 et
1110 5437 1151 5489 nd
1176 5435 1305 5488 ultimum
1332 5435 1431 5489 bonum
1459 5441 1484 5487 st
1510 5436 1667 5503 praemium
1690 5434 1800 5497 attinet,

106 5523 249 5576 tentilabio
258 5531 349 5589 sonat,
365 5524 443 5594 cuod
456 5522 487 5576 in
501 5522 717 5587 terramtenus,
735 5523 778 5575 ita
791 5529 821 5575 ut
834 5522 940 5576 coelum
951 5500 954 5578 i
966 5523 1056 5579 nililo
1070 5523 1140 5592 plus
1157 5521 1261 5590 accipit
1273 5522 1396 5589 Moyses,
1415 5521 1510 5586 Elias,
1528 5520 1647 5588 Paulus,
1666 5521 1802 5590 Baptista

157 5619 269 5660 cerneret
285 5619 339 5663 loci.
353 5618 390 5661 11,
1563 5612 1595 5662 2¹1
