4050 6014
255 290 294 349 38
904 277 1132 335 TRACTATUS
1149 276 1314 336 TERTIUS

247 439 339 507 judea
354 435 533 507 principalia,
558 451 613 505 non
628 435 789 503 dcleqotuc,
812 450 830 488 a
849 433 929 504 cujus
947 433 1085 490 sententia
1111 437 1187 487 mant
1206 431 1378 503 Calviniani,
1403 433 1477 489 unde
1496 451 1552 490 non
1569 439 1698 489 verentur
1714 433 1796 490 nobis
1816 433 1950 500 tribuere,
1963 447 2024 539 aauqq

253 521 331 577 nulla
348 521 430 577 datur
444 520 614 592 provocatio,
635 520 739 593 quique
756 521 841 576 talem
855 526 947 591 potest
960 518 1083 589 proferre
1111 518 1185 590 quod
1212 534 1263 589 per
1291 518 1460 591 hypothesin
1491 520 1738 590 omnipraesentiae
1767 491 1987 592 principalem„
2002 546 2024 582 ι.

253 609 429 672 sententiam,
454 607 499 664 cui
518 607 640 663 divinum
658 613 686 664 et
703 606 875 679 omnipotens
894 604 1003 662 robur'
996 623 1024 659 sn
1040 621 1085 661 cx·
1110 603 1186 661 illum
1211 604 1383 660 Christianae
1403 605 1469 660 fidoi
1493 606 1641 662 articulum
1664 610 1700 665 dc
1723 610 1819 662 reditu
1843 604 2024 687 ωινίιιιξῗξ

253 694 395 752 secutione
414 701 457 751 est
474 695 660 766 conjunctum,
679 693 727 748 ille
740 697 851 749 nonest
864 691 1084 748 causaefficiens
1111 692 1305 761 acquantum
1325 699 1478 748 evertamus
1496 694 1541 749 vel
1561 694 1658 750 saltem
1676 694 1885 758 labefactamus,
1915 699 1948 751 ut

249 780 349 850 judicii
374 779 537 836 administra
564 780 613 835 sed
639 778 810 850 principalis.
846 779 934 851 Atqui
960 777 1084 833 Christus
1111 777 1229 847 vidimus
1260 778 1394 850 superius.
1433 780 1644 852 Respondemus
1659 797 1741 837 vero:
1783 786 1804 837 l.
1834 780 1950 839 articuli

253 874 296 923 est
313 863 500 943 θεάνθρωπος
518 870 570 921 etc.
601 866 697 937 Ergo.)
716 866 828 937 qnando
847 882 875 938 p.
894 871 950 922 429.
971 864 1083 935 subjun-
1111 863 1177 920 fidei
1192 881 1250 920 non
1267 871 1333 921 sunt
1350 866 1403 920 sibi
1420 867 1538 923 invicem
1556 868 1728 938 opponendi,
1746 868 1795 923 sed
1813 867 1948 939 simplicis

253 955 304 1025 git,
319 960 484 1029 potestatem
497 953 688 1025 judiciariam
706 968 740 1006 ec
757 954 867 1007 ratione
884 952 994 1007 Christo
1015 970 1085 1009 com·
1111 948 1175 1005 fidei
1194 950 1352 1007 obedientia
1371 953 1533 1024 accipiendi.
1569 953 1714 1024 Scriptura
1731 960 1882 1024 utrumqne
1905 959 1947 1010 te·

229 1046 360 1119 'potera
385 1040 454 1112 quta
479 1057 511 1096 ec
536 1040 686 1110 refluentia
713 1039 870 1094 ds'os'ns'tatie
894 1042 936 1094 ad
962 1040 1085 1107 oninium
1112 1041 1208 1103 statur,
1229 1036 1369 1092 Cha-sistam
1383 1040 1539 1094 rediturum
1552 1040 1750 1109 adjudicium
1764 1049 1790 1094 ct
1806 1040 1948 1095 Clo-iatum

255 1127 362 1196 Christi
378 1127 505 1185 concens't
528 1126 556 1180 ci
578 1142 743 1195 copnoscere
766 1132 793 1179 ιι
814 1126 951 1196 judicare
976 1126 1085 1181 occulto
1111 1139 1177 1178 vero
1193 1140 1311 1194 cosporc
1331 1132 1357 1178 ct
1375 1125 1510 1193 sanquine
1528 1143 1579 1181 auo
1598 1128 1628 1179 ιιι
1645 1143 1730 1180 sacra
1753 1143 1842 1181 coena
1866 1127 1949 1181 nobis

255 1215 399 1284 cordium
420 1216 529 1280 (contra
548 1229 632 1285 quam
648 1211 849 1284 hypothesin'
828 1230 868 1267 ιιι
880 1212 1084 1268 concludimus:
1112 1225 1170 1263 esse
1187 1219 1379 1279 praesentem
1396 1218 1543 1285 utrumque
1560 1213 1646 1284 igitur
1663 1212 1732 1269 tides
1741 1212 1925 1269 Christiana
1917 1231 1949 1269 ιιι

255 1301 336 1367 Quod
355 1299 465 1359 Christo
483 1304 516 1355 ιιι
530 1298 635 1356 homini
651 1315 702 1369 per
715 1305 742 1353 et
757 1303 870 1370 propter
882 1299 1012 1355 unionem
1024 1315 1084 1369 per·
1112 1295 1196 1351 verbo
1214 1296 1269 1352 Dei
1286 1297 1448 1368 simpliciter
1466 1306 1494 1356 et
1509 1299 1653 1356 humiliter
1678 1300 1858 1371 acquiescens
1890 1317 1949 1357 am·

254 1389 378 1445 annalem
398 1386 539 1458 competit,
567 1385 626 1457 ejus
645 1402 730 1440 causa
746 1390 863 1441 nonest
882 1385 1040 1456 quaerenda
1056 1385 1085 1440 in
1112 1381 1196 1452 plecti
1215 1381 1306 1450 debet,
1330 1383 1354 1437 si
1371 1385 1416 1438 vel
1436 1384 1554 1441 maxims
1571 1385 1671 1441 rationi
1689 1392 1800 1441 nostrae
1818 1386 1889 1443 haec
1906 1385 1949 1441 vi·

254 1474 375 1547 quadam
391 1472 534 1529 refluentia
552 1473 599 1527 vel
620 1471 766 1528 influentia
788 1471 940 1529 divinitatis
967 1472 1003 1526 ad
1027 1471 1084 1527 ani·
1113 1468 1230 1524 deantur
1247 1469 1470 1526 contradictoria.
1507 1475 1531 1527 2.
1549 1471 1666 1527 Reditus
1686 1472 1789 1528 Christi
1812 1472 1849 1528 ad
1871 1472 1948 1543 judi·

125 1575 180 1619 nx.
195 1576 240 1620 ιιι.
253 1578 334 1616 mann
369 1559 451 1616 Ratio
471 1564 525 1626 ast,
549 1558 615 1630 qnia
631 1559 680 1615 illa
704 1556 852 1615 refluentia
874 1558 917 1614 vel
940 1557 1085 1614 influentia
1112 1555 1185 1609 cium
1210 1571 1266 1610 non
1291 1557 1443 1626 opponitur
1469 1557 1596 1615 absolute
1622 1564 1651 1613 et
1671 1558 1834 1629 simpliciter
1859 1559 1949 1615 totius

253 1647 362 1723 Christo
386 1652 417 1701 ut
444 1645 547 1702 homini
573 1662 636 1701 cnm
661 1644 775 1715 reliquis
798 1645 954 1716 prophetis,
983 1645 1085 1716 quibus
1111 1657 1245 1712 personae
1272 1643 1459 1713 praescntiae;
1495 1643 1562 1698 alias
1589 1661 1624 1700 ne
1651 1645 1764 1717 quidem
1793 1647 1949 1701 secundnm

252 1728 330 1790 Deus
354 1749 454 1791 maana
479 1731 626 1801 revelavit,
656 1737 698 1787 est
722 1732 882 1789 communis.
925 1732 989 1790 ιιι]
1019 1749 1084 1788 vero
1111 1727 1233 1782 divinam
1246 1734 1373 1783 naturam
1387 1730 1468 1784 nobis
1481 1731 1510 1785 in
1523 1730 1657 1786 histerris
1672 1732 1789 1802 adesset,
1805 1733 1856 1788 ssd
1869 1738 1948 1789 certo

255 1819 446 1876 omniscientis
469 1834 522 1890 per
551 1824 578 1873 et
607 1825 720 1888 propter
751 1818 881 1873 unionem
911 1818 1085 1889 personalem
1111 1812 1246 1870 duntaxat
1265 1816 1438 1885 praesentiae
1455 1817 1546 1883 modo,
1567 1824 1598 1875 ut
1615 1819 1719 1874 docent
1736 1819 1907 1891 anguinea
1922 1825 1948 1887 ι,

254 1905 362 1973 Christo
382 1912 414 1961 ut
435 1903 541 1963 homini
565 1904 704 1975 competit
738 1902 814 1977 Ergo
838 1903 861 1958 si
880 1903 1011 1959 Bucanns
1035 1920 1085 1975 per
1111 1918 1138 1954 v.
1160 1905 1204 1956 tt:
1231 1902 1288 1955 Hic
1306 1902 1400 1966 Jcssss,
1421 1905 1471 1972 qni
1486 1921 1505 1957 c
1524 1905 1600 1958 uobis
1618 1914 1756 1960 assumtus
1777 1914 1819 1960 eet
1836 1907 1868 1961 in
1887 1923 1950 1961 coc·

253 1991 425 2049 influentiam
449 1989 602 2046 divinitatis
624 1990 653 2045 iu
678 1988 780 2045 Christi
805 1990 925 2046 animam
953 1991 1085 2062 intelligit
1111 1987 1177 2053 lum,
1198 1987 1293 2056 οὕτως,
1317 1989 1366 2058 ss'c,
1387 1990 1484 2059 omiss,
1507 1986 1542 2047 ὃν
1561 1988 1677 2068 τρόπον,
1703 1994 1948 2063 quemadmodum,

253 2078 342 2148 ipsam
365 2076 640 2134 communicationem
668 2074 874 2132 omniscientiac
901 2076 929 2131 vi
955 2077 1084 2148 hyposta
1110 2073 1224 2131 vidistis
1242 2091 1303 2129 mm
1321 2083 1426 2129 cuntem
1443 2077 1474 2129 ιι
1492 2077 1606 2132 coctum.
1631 2078 1710 2133 Idem
1730 2093 1796 2149 crgo
1818 2075 1948 2134 Christus
1962 2095 2017 2138 ιιι.

252 2165 325 2220 tinas
347 2163 457 2219 unionis
478 2161 595 2231 factam,
623 2179 672 2217 cur
695 2179 751 2218 non
777 2163 905 2234 agnoscit
932 2164 1085 2236 nobiscum,
1111 2157 1208 2228 Jcsus,
1233 2160 1281 2231 qui
1298 2160 1334 2215 ad
1352 2161 1477 2217 dextram
1495 2162 1548 2218 Dei
1568 2169 1679 2218 evectus
1704 2164 1731 2218 vi
1751 2163 1947 2234 promissionis

253 2249 362 2306 Christo
383 2249 535 2305 secundum
552 2249 700 2304 humanam
720 2256 846 2305 naturam
866 2250 940 2306 dona
957 2267 1021 2306 vero
1044 2251 1084 2306 di·
1111 2261 1178 2301 suae
1197 2253 1238 2301 cst
1255 2247 1286 2300 iu
1304 2249 1396 2301 medio
1417 2264 1526 2313 eornm,
1551 2249 1648 2318 quiin
1671 2250 1782 2304 nomine
1806 2269 1858 2305 suo
1882 2269 1948 2306 coss·

253 2337 319 2392 vina
336 2342 364 2392 et
379 2335 488 2391 infinita
506 2350 566 2393 esee
583 2334 806 2391 communicata?
843 2335 890 2391 Sin
912 2336 1018 2393 finitam
1037 2339 1085 2393 ali·
1111 2335 1224 2404 prepeti
1239 2341 1303 2389 cunt
1322 2333 1423 2390 Matth.
1443 2341 1483 2401 18,
1502 2323 1528 2392 v.
1548 2341 1589 2392 26.
1611 2337 1658 2408 qui
1678 2340 1720 2391 est
1738 2337 1882 2392 nobiscum
1898 2356 1948 2392 us·

253 2439 337 2495 quam
359 2421 502 2480 scientiam
526 2420 636 2478 Christo
658 2427 691 2477 ut
712 2421 816 2479 homini
841 2439 891 2494 per
913 2423 1085 2480 influentiam
1112 2437 1164 2490 que
1191 2422 1233 2476 ad
1261 2422 1523 2477 consummationem
1553 2423 1643 2476 secoli
1671 2420 1768 2480 Matth.
1790 2428 1830 2492 26,
1855 2443 1883 2482 ι.
1901 2430 1948 2482 26.

252 2508 330 2565 illam
349 2509 442 2564 datam
460 2523 520 2564 esse
538 2508 646 2578 statuit,
672 2507 796 2564 nondum
815 2525 879 2564 vere
898 2514 926 2564 et
943 2527 976 2564 ex
993 2510 1085 2567 animo
1112 2508 1160 2578 qui
1179 2508 1274 2564 omnio
1291 2509 1321 2562 in
1342 2510 1468 2562 omnibus
1487 2509 1584 2578 implet
1602 2508 1673 2579 Eph.
1695 2515 1717 2574 1,
1735 2528 1761 2565 v.
1781 2516 1823 2567 23.
1840 2528 1903 2584 cap.
1921 2520 1949 2580 4,

253 2595 355 2667 credit,
377 2612 429 2651 nec
441 2594 637 2671 ,ιιιυποκρίιως
653 2595 814 2665 confitetur,
832 2601 999 2667 potestatem
1012 2597 1087 2667 judi·
1111 2614 1138 2653 v.
1160 2601 1203 2652 to:
1226 2596 1274 2666 qui
1291 2595 1416 2649 ambulat
1436 2597 1465 2649 s'n
1484 2595 1575 2649 medio
1594 2595 1828 2651 candelabrorum
1846 2614 1949 2654 aurco-

253 2683 365 2739 ciariam
383 2683 491 2740 Christo
511 2688 542 2738 ut
560 2682 666 2739 homini
685 2683 797 2751 datam,
821 2683 887 2755 quia
904 2683 941 2739 ad
965 2680 1085 2760 δύναμιν
1111 2701 1181 2752 rum,
1206 2681 1234 2736 id
1254 2687 1296 2736 est
1315 2681 1502 2749 ecclesiarum,
1526 2682 1644 2753 Apoeal.
1664 2688 1687 2753 1,
1704 2701 1730 2739 v.
1753 2689 1792 2739 te.
1820 2684 1948 2740 s‘ncs‘ss'bs‘·

162 2819 165 2825 .
253 2767 377 2846 κριτικήν
399 2771 548 2843 requiritur
565 2771 675 2826 occulta
692 2769 817 2827 cordium
836 2769 985 2840 inspicere,
1009 2771 1085 2842 quod
1112 2768 1179 2823 ls'tcr
1201 2767 1307 2824 scilicet
1333 2769 1399 2837 quic
1424 2785 1480 2822 non
1504 2770 1616 2822 videtur
1640 2787 1659 2822 a
1676 2769 1757 2823 nobis
1780 2777 1802 2826 1.
1823 2769 1900 2829 Petr.
1922 2776 1949 2842 1,

253 2864 295 2914 est
313 2875 384 2929 opus
402 2874 469 2913 vere
488 2857 599 2913 divinae
617 2862 645 2912 et
664 2855 789 2913 infinitas
808 2856 947 2927 scientiae,
974 2874 1037 2914 cum
1057 2861 1085 2914 in
1111 2873 1137 2916 v,
1153 2861 1177 2913 6.
1197 2859 1225 2910 ιι
1241 2854 1270 2908 in
1287 2854 1348 2924 ipsa
1366 2853 1420 2909 Dei
1440 2854 1536 2909 dextra
1553 2855 1658 2927 ubique
1676 2856 1901 2926 praesentissime
1912 2873 1950 2913 sc

253 2944 403 3016 Scriptnris
424 2943 520 2999 divina
536 2949 565 3000 et
583 2942 690 2999 infinita
708 2942 825 2998 seientia
840 2942 880 2997 sic
905 2943 1085 3014 describatur,
1111 2941 1303 3015 potentissime
1320 2941 1494 3012 dominante;
1523 2943 1596 2997 idem
1613 2945 1643 2998 in
1661 2944 1706 2999 die
1730 2943 1881 3001 novissimo
1904 2945 1949 3000 vi-

254 3030 329 3103 quod
347 3047 396 3101 per
415 3047 477 3086 eam
493 3029 572 3086 Deus
589 3032 679 3084 cordo
699 3036 724 3082 ct
740 3045 821 3084 rencs
837 3030 950 3101 probet,
977 3032 1085 3086 acastus
1111 3030 1228 3085 sibiliter
1250 3028 1286 3084 ad
1312 3028 1449 3099 judicium
1470 3029 1610 3085 rediturus
1637 3037 1680 3087 est
1704 3046 1789 3102 seque
1816 3030 1950 3087 omnibus

254 3117 429 3172 tesscbrosnm
446 3117 589 3170 intueatur
616 3121 644 3171 ιι
662 3116 693 3171 in
710 3115 861 3171 clarissima
879 3116 1085 3173 omniscientiae
1111 3115 1337 3187 conspiciendum
1355 3114 1534 3185 exhibiturus,
1551 3117 1669 3186 Apocal.
1686 3124 1707 3186 1,
1723 3136 1748 3172 v.
1760 3124 1781 3173 7.
1811 3123 1835 3175 3.
1850 3117 1947 3183 Quid?

254 3220 320 3260 suae
335 3203 398 3259 luce
414 3201 602 3259 occultissima
620 3216 749 3274 quaeque
772 3202 948 3272 conspiciat),
967 3204 1085 3275 deniqne
1111 3203 1186 3276 quod
1203 3202 1328 3258 Christus
1346 3203 1407 3274 ipse
1421 3203 1585 3258 invisibilem
1605 3209 1633 3259 et
1651 3204 1853 3276 majestaticam
1870 3205 1950 3261 illam

254 3289 366 3362 quaudo
383 3305 448 3360 pag.
467 3287 528 3345 ead.
548 3287 697 3354 concludit,
719 3288 829 3344 chroco
849 3307 904 3344 non
922 3291 1085 3360 modoque⁴
1111 3290 1304 3361 praesentiam,
1329 3307 1385 3362 qua
1404 3289 1484 3345 nobis
1502 3291 1532 3344 in
1549 3291 1629 3345 terris
1649 3308 1778 3363 praesens
1795 3297 1851 3362 est,
1880 3293 1950 3348 viai·

254 3386 333 3431 tenne
349 3378 428 3429 Deos
445 3392 517 3430 unos
536 3382 576 3430 est
600 3392 663 3428 cum
683 3376 785 3441 Patre,
808 3379 860 3430 ced
883 3377 967 3431 etrism
989 3394 1085 3431 secun-
1112 3376 1203 3432 biliter
1222 3376 1375 3447 aliquando
1393 3376 1602 3442 demonstravit,
1627 3378 1693 3449 quia
1710 3379 1816 3433 Paulus
1832 3379 1896 3434 Act.
1921 3386 1949 3452 9,

256 3467 322 3519 dum
351 3463 500 3518 humanam
534 3469 665 3517 naturum
698 3469 865 3533 potestatem
893 3464 1085 3533 judiciariam
1111 3482 1136 3518 v.
1156 3468 1196 3519 tt.
1223 3480 1283 3518 mem
1308 3463 1391 3530 uidit,
1422 3464 1462 3518 ita
1486 3462 1598 3533 quidem
1621 3468 1653 3518 ut
1677 3481 1740 3519 eum
1764 3472 1951 3536 cognosceret

256 3558 409 3622 competere
417 3556 539 3621 propter
554 3549 771 3605 convenientiam
781 3558 808 3604 ct
817 3550 986 3616 affinitatem
995 3551 1085 3620 ipsius
1111 3549 1205 3605 Actor.
1225 3555 1268 3618 23,
1281 3568 1308 3606 ι.
1325 3555 1363 3605 ιι.
1383 3554 1411 3605 ιι
1431 3566 1463 3604 ιι
1480 3549 1533 3603 hac
1552 3550 1727 3619 apparitione
1746 3550 1890 3606 vamtatem
1902 3569 1948 3608 ro·

201 3624 205 3632 ’
256 3640 297 3692 ιιι
313 3637 444 3703 hominm,
462 3636 565 3691 ιιιιιιιιι
583 3644 614 3689 ot
628 3637 787 3704 judicandi
802 3637 917 3691 uideam
930 3637 1022 3707 ipsum
1036 3638 1084 3706 ju·
1112 3636 1290 3691 surrectionis
1307 3639 1367 3709 ejus
1385 3636 1524 3707 probaret.
1551 3642 1574 3691 1.
1593 3634 1655 3691 Cor.
1679 3642 1718 3702 15,
1737 3654 1762 3695 v.
1782 3643 1806 3694 8.
1826 3637 1949 3711 Stepha-

256 3725 354 3779 ds'cem.
388 3721 485 3794 (Atqui
509 3723 539 3777 in
562 3721 648 3793 priori
673 3722 803 3777 Bucanns
833 3722 885 3778 sihi
913 3724 1086 3779 contradicit.
1112 3741 1163 3777 nus
1180 3723 1251 3777 vidit
1268 3739 1331 3777 cnm
1349 3731 1468 3776 stantem
1481 3741 1500 3775 a
1513 3723 1620 3777 dennis
1635 3724 1696 3776 Dei
1713 3724 1808 3780 Actor.
1828 3731 1853 3795 7,
1867 3744 1893 3782 v.
1905 3735 1950 3784 55.

255 3810 285 3867 Si
310 3811 383 3866 enim
404 3817 526 3880 potestas
546 3809 708 3879 judiciario
730 3826 786 3863 non
809 3816 850 3862 est
878 3810 990 3865 Christo
1015 3813 1086 3865 data
1111 3809 1255 3866 iohannes
1273 3809 1344 3864 vidit
1365 3826 1427 3864 eum
1447 3809 1476 3862 in
1495 3810 1587 3863 meato
1606 3811 1841 3866 candelabrorum
1862 3830 1950 3868 aus-e·

250 3905 370 3969 propter
395 3897 581 3951 condemnem
605 3903 722 3949 natissae
753 3897 904 3960 laumonae,
940 3904 1086 3968 propterea
1113 3915 1192 3951 oram
1209 3897 1267 3952 sive
1286 3897 1471 3951 ecclesiarum.
1493 3895 1609 3965 Apocal.
1631 3901 1653 3964 1,
1674 3914 1700 3952 v.
1726 3902 1764 3956 13.
1788 3897 1864 3970 Ergo
1882 3900 1950 3955 visi·

255 3983 402 4055 quisalius
414 3981 644 4039 omneshomines
656 3981 874 4053 forentjudicee,
892 3983 989 4055 utique
1003 3985 1085 4039 etiarn
1112 3982 1175 4038 bilis
1198 3984 1233 4038 ad
1260 3984 1396 4053 judicium
1425 3982 1529 4037 reditus
1558 3999 1594 4037 ne
1623 3983 1735 4054 quidem
1757 3984 1895 4039 visibilem
1919 3987 1949 4042 in

254 4077 377 4142 potestas
400 4068 551 4140 judiciaria
567 4084 623 4123 non
647 4075 689 4123 ιιι
716 4069 768 4141 ipsi
793 4070 860 4125 data
884 4078 998 4141 propter
1021 4087 1085 4126 con·
1112 4070 1191 4124 terris
1215 4071 1399 4139 praesentiam
1422 4070 1551 4124 absolute
1575 4074 1604 4124 et
1630 4068 1789 4140 simpliciter
1812 4072 1947 4130 excludit.

253 4156 421 4214 senientiam
446 4160 475 4211 et
499 4153 662 4210 affinitatem
688 4155 774 4225 ipsius
797 4156 833 4210 ad
856 4156 992 4225 homines,
1021 4159 1086 4228 quia
1112 4162 1136 4212 4.
1168 4155 1238 4210 Inde
1257 4157 1393 4211 secundus
1411 4155 1459 4210 ille
1477 4154 1579 4210 Christi
1596 4155 1632 4210 ad
1653 4156 1790 4227 judicium
1808 4158 1950 4215 adventus

254 4260 305 4314 per
322 4244 410 4314 ipsam
422 4241 608 4298 conditionem
620 4247 736 4296 naturae
747 4240 884 4298 hnmanae
895 4243 1086 4298 convenientia
1111 4258 1166 4298 non
1184 4247 1292 4296 tantum
1308 4247 1424 4297 vocatur
1441 4250 1592 4317 παρουσία,
1616 4243 1665 4297 ιιι
1683 4243 1765 4297 etiam
1791 4241 1949 4317 ἐπιφάνεια

255 4337 284 4387 ιι
301 4328 422 4385 affinitas
439 4328 549 4384 Christo
568 4327 604 4382 ad
622 4327 746 4383 homines
764 4329 903 4399 competit
938 4326 971 4384 In
992 4335 1084 4400 poste·
1111 4333 1159 4398 τῆς
1176 4334 1340 4405 παρουσίας.
1359 4336 1382 4388 2.
1402 4328 1498 4383 Thess.
1519 4334 1543 4397 2,
1563 4345 1588 4384 v.
1606 4334 1629 4384 8.
1657 4326 1810 4403 ἐπιφάνεια
1829 4335 1877 4399 τῆς
1894 4331 1947 4388 δό-

255 4418 321 4472 ιιοιι
342 4433 437 4472 verum
466 4415 577 4487 quidem
594 4414 709 4484 dicitur,
733 4414 781 4469 sed
807 4414 976 4470 insufficiens
999 4434 1085 4472 causa
1111 4424 1155 4486 ξης
1176 4416 1230 4469 Τιι.
1250 4420 1274 4481 2,
1292 4434 1318 4471 v.
1339 4421 1378 4472 13.
1396 4411 1548 4490 ἐπιφάνεια
1569 4423 1619 4470 τοῦ
1638 4424 1762 4489 Χριστοῦ
1783 4422 1806 4472 1.
1824 4416 1898 4475 tim.
1921 4425 1947 4486 6,

255 4502 378 4572 affertur,
396 4501 542 4558 nonenim
559 4507 708 4573 propterea
727 4501 862 4555 duntaxat
877 4507 1001 4571 potestas
1025 4526 1084 4578 κρι-
1111 4522 1137 4560 v.
1158 4509 1197 4560 14.
1219 4509 1243 4560 2.
1257 4503 1328 4558 Τιιιι.
1339 4509 1364 4572 4,
1379 4521 1404 4558 v.
1417 4508 1437 4557 1.
1463 4505 1620 4576 φανέρωσις
1636 4502 1696 4556 Col.
1710 4507 1733 4569 3,
1749 4521 1774 4557 ι.
1782 4510 1807 4561 4.
1835 4508 1857 4559 1.
1867 4503 1946 4563 Ριιι.

255 4585 315 4655 τικὴ
335 4588 445 4644 Christo
463 4595 495 4643 ut
512 4589 617 4643 homini
636 4588 703 4643 data
720 4586 914 4656 diciturque
931 4587 1083 4659 injudicio
1112 4598 1135 4649 5.
1154 4610 1178 4648 ι.
1198 4599 1221 4647 ι,
1255 4596 1276 4646 ι.
1294 4590 1358 4647 doh.
1379 4596 1403 4654 2,
1422 4608 1446 4643 v.
1467 4595 1507 4645 26.
1527 4606 1549 4645 c.
1569 4594 1593 4657 3,
1610 4608 1634 4643 v.
1648 4595 1672 4644 2.
1697 4587 1947 4664 salomoniacum

255 4675 292 4731 ab
316 4674 444 4730 omnibus
467 4674 620 4744 videbitur,
647 4674 697 4729 sed
725 4674 809 4729 etiam
835 4689 868 4727 ac
897 4673 942 4727 vel
968 4677 1084 4732 maxime
1113 4685 1134 4733 1.
1153 4677 1215 4733 Cor.
1238 4682 1261 4747 ι,
1278 4695 1304 4731 ι.
1325 4682 1348 4731 t.
1381 4681 1404 4730 2.
1424 4674 1521 4729 Thess.
1543 4681 1564 4744 1,
1584 4693 1609 4730 v.
1631 4681 1654 4730 7.
1677 4682 1698 4735 1.
1734 4676 1808 4736 Petr.
1830 4682 1853 4745 1,
1869 4694 1898 4732 v.
1921 4686 1945 4735 7.

255 4767 416 4833 propterea,
444 4762 509 4834 quia
525 4761 649 4818 Christus
667 4768 699 4816 nt
715 4760 797 4818 homo
815 4760 908 4815 veniet
928 4777 991 4815 cum
1004 4771 1084 4830 pote-
1110 4769 1138 4817 ιι
1159 4768 1198 4818 13.
1224 4769 1291 4828 ι.4,
1308 4780 1334 4815 v.
1355 4767 1393 4817 13.
1420 4778 1453 4815 aa
1472 4765 1602 4816 notanter
1619 4759 1727 4828 dicitur,
1753 4763 1831 4831 qnod
1844 4762 1946 4820 beatae

242 4847 326 4990 'stom
345 4855 370 4902 et
386 4849 483 4916 plors'a
500 4865 610 4917 maone,
633 4864 783 4920 perquam
802 4852 925 4904 ιιιοιιιιοι
942 4862 976 4901 ιι
993 4847 1083 4918 sepul·
1111 4858 1135 4903 ct
1154 4851 1230 4904 solua
1247 4855 1348 4921 potens
1366 4851 1445 4902 Deae
1463 4864 1523 4902 eum
1540 4849 1577 4901 sit
1594 4856 1759 4903 cameasenus
1789 4854 1811 4904 1
1831 4848 1904 4906 Tun
1918 4857 1944 4920 6

272 4933 475 5004 rssexcitabit,
499 4949 593 4988 omnes
612 4939 709 5006 gentes
724 4935 761 4989 ad
779 4934 897 4987 tribunal
919 4949 999 4988 snum
1018 4950 1082 4989 con·
1109 4954 1133 4992 v
1161 4936 1354 4992 ranimirum
1390 4936 1455 5006 qnia
1484 4934 1659 4989 invisibiliter
1684 4934 1802 4989 nobis
1789 4953 1848 5007 Jam
1875 4944 1946 4996 ante

242 5017 384 5093 gregabit
403 5026 432 5076 ιι
451 5018 615 5074 sententiam
634 5018 802 5076 definitivam
819 5025 876 5074 tam
894 5019 1083 5092 impiisquam
1110 5040 1239 5093 praesens
1258 5027 1310 5078 ιιι
1344 5022 1488 5076 Adventus
1515 5022 1588 5077 enim
1606 5020 1715 5076 Christo
1738 5021 1842 5076 homini
1866 5039 1944 5080 com·

249 5108 307 5179 ¹piis
326 5108 413 5162 latam
430 5106 620 5177 potentissime
639 5113 817 5177 exsequetur,
844 5122 915 5176 quae
933 5108 1026 5163 omnia
1043 5107 1081 5160 di·
1110 5109 1179 5179 petit
1197 5127 1228 5164 ce
1248 5110 1407 5164 conditione
1424 5117 1559 5176 naturae,
1588 5108 1635 5162 sed
1656 5108 1793 5179 apparitio
1813 5125 1846 5163 ac
1864 5127 1944 5167 reve·

239 5141 345 5268 [vinam
368 5193 594 5264 omnipotentiam
619 5192 728 5247 Christo
754 5191 904 5248 secundum
933 5192 1082 5248 humanam
1109 5197 1188 5260 ιιιιο,
1213 5212 1284 5267 quac
1304 5197 1487 5266 praesentiam
1505 5194 1703 5266 praesupponit
1724 5213 1757 5248 cn
1780 5196 1943 5253 accessione

253 5285 381 5334 naturam
399 5295 459 5337 esse
476 5279 567 5334 datam
583 5279 733 5346 evincunt.)
1108 5284 1225 5353 pios-ine.
1261 5283 1459 5339 alticinctis>
1486 5280 1535 5335 illa
1552 5280 1623 5335 inter
1647 5281 1742 5337 modos
1768 5285 1944 5355 praescntiae

132 5375 240 5426 amasso
289 5371 330 5422 34.
366 5364 513 5430 Quaeritur
530 5365 583 5422 hoc
602 5366 663 5421 loco
686 5371 710 5422 1
730 5366 777 5418 An
796 5366 904 5420 sortitus
918 5364 1026 5421 casem
1041 5368 1083 5419 ad
1108 5369 1169 5424 ab'
1162 5386 1223 5438 ipsa
1241 5368 1384 5440 Scriptura
1402 5368 1482 5424 nobis
1496 5367 1696 5437 suppeditatur.
1722 5367 1793 5426 Luc.
1803 5373 1844 5438 24,
1857 5385 1883 5422 v.
1897 5377 1942 5432 44,

125 5426 242 5518 ¹321*
251 5451 390 5520 irsdc'cs'cm
407 5453 626 5508 contradictorie
643 5451 966 5521 opponaturep‘asdem
953 5468 984 5506 en
997 5453 1081 5506 arrh
1108 5455 1233 5512 Christus
1264 5463 1328 5527 post
1362 5455 1589 5511 resurrectionem
1615 5454 1651 5507 ad
1679 5454 1828 5525 discipulos
1855 5454 1944 5518 dicit:

107 5530 232 5638 cmx}
247 5539 430 5608 prmum
457 5543 608 5596 temdum
634 5547 780 5612 mamque
808 5539 960 5594 amoram
998 5536 1083 5595 Arm·
1107 5543 1187 5597 Haeo
1204 5551 1281 5614 sunt,
1307 5561 1380 5615 quac
1398 5545 1506 5598 locum
1521 5560 1582 5598 eum
1600 5541 1690 5613 cobis,
1714 5560 1776 5596 cuns
1798 5543 1944 5602 colicam
