4050 6014
704 398 755 450 Da
774 394 1103 453 consummamur:
1122 396 1267 454 sucum.
1778 407 1832 462 171

139 554 207 622 quib
237 551 326 607 omnia
354 560 488 606 ereatrna
524 552 672 606 electorum
709 552 851 606 bominum
886 569 973 604 cauea
1000 550 1117 622 intelligi
1134 554 1210 622 justi.
1243 552 1325 607 Adde
1343 552 1416 622 quod
1441 568 1495 606 vox
1522 557 1668 605 creaturae
1693 548 1836 606 indefinite

139 639 315 708 potissimum
337 656 355 691 a
375 640 438 691 Deo
457 639 571 692 condita
590 646 631 691 cet
649 645 732 706 atque
758 638 800 690 eie
819 637 974 706 praecipue
1001 637 1092 705 posita
1109 638 1261 708 (quomodo
1280 657 1307 691 v.
1327 644 1369 693 20.
1391 638 1515 706 ponitur)
1541 653 1682 708 nunquam
1710 636 1739 690 in
1765 634 1837 690 Scri·

140 724 280 792 deservio
297 741 351 792 quo
369 739 517 777 eeneuvoe
536 731 852 792 creaturaeueurpotur
870 723 935 776 Jac.
950 727 973 790 1,
1001 722 1088 790 pluris
1107 739 1157 792 pro
1177 723 1242 778 solis
1269 723 1322 793 piis
1350 728 1378 777 ct
1392 723 1475 792 justis
1499 722 1658 778 hominibus
1677 728 1835 792 usurpatur,

139 828 163 867 α,
191 813 241 863 18.-
283 808 447 862 Voluntaric
473 825 524 863 noe
552 809 661 876 penuit,
690 816 720 861 ut
748 810 835 861 simae
864 808 974 860 initium
1000 809 1049 863 sed
1072 816 1207 879 perpetue
1234 809 1345 863 additur
1367 808 1503 879 quaedam
1528 807 1677 878 descriptio
1697 823 1730 862 ac
1755 810 1835 872 litet⁴

136 894 257 964 aliquod
280 902 428 948 creaturae
456 895 528 962 ejue.
574 896 691 948 Dicitur
719 896 808 948 omnia
833 902 974 960 acaciae,
1002 892 1104 964 ἡγησις,
1128 899 1160 950 ut
1184 903 1317 948 creatura
1343 913 1415 948 nova
1445 900 1467 949 2.
1493 894 1556 950 Cor.
1575 900 1599 957 5,
1619 910 1644 949 v.
1666 899 1704 949 17.
1727 892 1789 947 Gal.
1809 900 1834 960 u,

137 987 167 1032 nt
199 979 372 1048 eipnbteetur
399 979 569 1034 unebereitae
593 981 753 1048 justorum,
783 981 974 1048 cujuscunque
1000 998 1026 1036 v.
1054 985 1093 1034 15.
1122 987 1227 1050 quanto
1255 981 1344 1034 minus
1370 980 1410 1034 ita
1439 979 1527 1049 accipi
1551 979 1695 1034 commode
1720 981 1832 1048 poterit,

137 1065 275 1129 rectionis,
293 1082 387 1129 ewra,
405 1065 523 1134 meatu,
548 1065 718 1119 conditionale
737 1074 763 1119 ct
780 1067 974 1133 profeeeiom'e
1000 1065 1112 1135 quando
1135 1066 1248 1120 additur
1269 1067 1415 1135 particula
1440 1065 1618 1130 universalia,
1649 1067 1736 1130 udan,
1760 1065 1836 1135 qnod

21 1170 77 1214 xx.
95 1151 257 1220 insuerint.
292 1152 372 1207 Haec
392 1159 532 1218 measure,
551 1152 576 1207 tr.
597 1168 618 1203 c.
632 1152 739 1219 juretur,
769 1158 909 1219 exspectat
929 1168 973 1203 rc·
1000 1151 1031 1203 fit
1048 1169 1073 1204 v.
1094 1157 1135 1207 22.
1160 1151 1276 1205 Socinns
1295 1152 1352 1206 dl.
1367 1157 1448 1221 urget
1466 1151 1542 1206 dicta
1559 1150 1830 1222 apostolicaproo.

138 1236 304 1291 velationem
332 1237 442 1304 pieriae
464 1237 590 1303 (iliorum
616 1237 675 1290 Dei
698 1244 834 1305 tanquam
853 1236 973 1304 comple·
1000 1242 1024 1301 2,
1043 1254 1068 1290 v.
1091 1242 1129 1292 10.
1143 1238 1203 1292 «lac.
1227 1244 1248 1301 l,
1267 1255 1291 1292 v.
1315 1243 1352 1294 18.
1376 1239 1404 1291 in
1424 1237 1525 1306 quibus
1542 1254 1596 1292 vox
1623 1244 1766 1292 creaturae
1785 1236 1836 1290 ab·

139 1330 259 1375 ruentum
285 1323 410 1391 praemii
433 1330 459 1376 et
487 1324 751 1375 emerammationem
779 1338 848 1375 suae
879 1323 973 1385 felici·
1001 1321 1090 1377 solute
1110 1323 1202 1392 posita
1220 1329 1370 1392 usurpatur
1387 1339 1437 1392 pro
1452 1322 1610 1377 hominibus
1626 1322 1768 1392 regenitis,
1786 1321 1835 1375 sed

139 1407 205 1460 tatis
221 1408 277 1460 eibi
287 1408 466 1476 mammeam,
487 1409 599 1462 interim
625 1409 766 1477 subjectae
791 1417 831 1462 eet
848 1408 974 1474 vanitati,
1001 1408 1156 1477 cleemptio
1183 1411 1287 1461 addita
1314 1408 1544 1478 significationem
1567 1408 1642 1462 illam
1666 1407 1733 1462 satie
1756 1407 1836 1462 lucu·

138 1493 165 1548 b.
195 1509 217 1548 e.
246 1495 330 1548 rebus
363 1495 561 1564 corporalibus
592 1503 618 1549 u
645 1495 825 1548 mutabilitate
858 1502 975 1565 propter
1000 1492 1075 1548 lente
1109 1494 1291 1548 demonstrat.
1339 1495 1436 1550 Creati
1463 1513 1559 1547 summ
1589 1496 1619 1548 in
1650 1494 1763 1548 Obrieto
1795 1494 1837 1545 ad

141 1579 315 1632 necessitates
330 1581 489 1648 praesentio
506 1581 582 1634 vitae
600 1582 679 1634 circa
698 1597 746 1633 cae
759 1587 910 1649 occupatae
923 1584 975 1633 otc.
1002 1596 1091 1649 opero
1109 1581 1189 1648 bona,
1207 1581 1303 1648 penuit
1321 1599 1372 1635 noe
1391 1581 1619 1636 verbovcritatie.
1650 1578 1836 1634 Posteriorem

141 1663 259 1719 Socinue
276 1664 304 1718 in
324 1682 395 1736 resp.
415 1667 450 1722 ad
472 1668 592 1722 defense.
620 1666 759 1722 Francisc.
785 1666 883 1720 Puccii
903 1683 925 1720 c.
952 1673 976 1721 6·
1000 1666 1256 1736 interpretationem
1273 1667 1374 1722 recitet
1394 1665 1568 1737 Augustinus
1587 1666 1613 1720 d.
1634 1664 1666 1719 l.:
1687 1666 1835 1724 &cetura

139 1766 166 1818 p.
200 1755 257 1805 uo.
286 1767 337 1820 pro
372 1752 541 1807 abnuenda
576 1754 646 1808 istac
680 1752 906 1822 interpretatione
933 1768 975 1805 se·
1001 1752 1068 1808 lte.
1089 1752 1319 1821 tomoinfidetis,
1338 1753 1541 1806 liberabitura
1568 1751 1700 1804 cervitate
1720 1765 1836 1818 corrup-

144 1835 259 1905 quentia
276 1843 358 1907 urget
370 1836 563 1893 fundamenta:
587 1845 610 1893 l.
627 1838 765 1891 articulus
779 1839 897 1890 additae
914 1839 977 1891 voci
1001 1838 1093 1907 tionie,
1114 1840 1138 1894 b.
1152 1855 1174 1891 e.
1193 1857 1211 1890 a
1226 1845 1352 1907 peccato,
1371 1839 1439 1907 quia
1456 1837 1601 1891 vocabitur
1617 1839 1658 1890 ad
1678 1838 1762 1899 fidem
1775 1838 1835 1901 fiet·

139 1926 250 1982 κιίσεως
266 1938 293 1977 v.
315 1928 354 1978 19.
377 1933 492 1992 practer
516 1941 661 1977 numerum
686 1924 859 1992 einputarem
878 1932 976 1991 aperte
1001 1940 1054 1993 que
1075 1925 1173 1993 filine,
1201 1931 1232 1975 ut
1255 1931 1358 1993 postea
1383 1924 1541 1976 libertatem
1568 1923 1679 1990 pieriae
1708 1921 1834 1986 filiorum

139 2005 321 2071 demonstrat,
340 2009 375 2062 de
392 2009 499 2077 ineipni
516 2011 615 2080 aliqua
642 2017 772 2063 uentura
791 2009 876 2062 verba
903 2009 975 2075 teri,
1004 2009 1062 2063 Dei
1091 2016 1283 2076 conceptatur.
1333 2009 1369 2060 ln
1399 2009 1440 2061 eis
1467 2008 1597 2079 (inquit),
1624 2009 1674 2076 qui
1698 2007 1837 2061 credituri

145 2093 180 2143 de
200 2093 362 2163 cenatica,
382 2096 464 2164 cujus
480 2096 510 2147 in
526 2095 763 2164 praecedentibue
777 2097 886 2160 fecerat
903 2111 975 2146 men·
1002 2102 1092 2162 erant,
1112 2095 1224 2147 videbat
1251 2095 1405 2163 apostalae,
1430 2096 1507 2162 quod
1531 2093 1739 2161 dicebat„auia
1757 2107 1837 2146 erea-

139 2177 255 2247 ιίοπσσι,
277 2180 408 2234 videlieet
433 2182 468 2234 cie
494 2181 650 2234 bominibus
674 2196 727 2247 per
753 2179 893 2249 Spiritum
919 2179 978 2231 Dei
1002 2188 1075 2247 tara,
1094 2182 1120 2235 lt.
1142 2196 1165 2235 e.
1184 2188 1288 2234 natura
1306 2181 1434 2244 taminia,
1455 2195 1527 2249 queo
1545 2182 1737 2234 tantummodo
1756 2193 1837 2232 crea·
1851 2181 1896 2222 ¹¹·
1910 2183 1943 2223 ⁸⁰·

138 2264 283 2332 reponitis.
321 2268 347 2320 2.
379 2267 446 2318 Non
474 2274 581 2320 tantum
609 2267 639 2318 in
663 2265 768 2334 primis
796 2264 856 2318 illie
885 2265 976 2317 verbie
1001 2278 1066 2322 tura
1099 2276 1153 2335 cet,
1183 2271 1307 2321 nonullam
1320 2306 1321 2309 ,
1334 2285 1386 2335 per
1416 2269 1501 2331 fidem
1535 2272 1693 2335 apprepata
1723 2281 1837 2320 numero

140 2350 280 2404 artimino
304 2357 360 2417 eet,
383 2354 435 2405 sed
460 2353 489 2406 in
513 2352 690 2422 sequentibus
714 2368 822 2422 semper
839 2351 976 2419 repetitur
1000 2356 1124 2420 fitiorum
1150 2356 1224 2422 Dei,
1249 2354 1413 2407 tueantur
1435 2371 1454 2406 c
1479 2354 1611 2406 servitute
1637 2350 1782 2420 interitura,
1805 2356 1837 2402 ut

140 2442 166 2487 a
179 2443 326 2506 postremo
350 2454 382 2492 eo
409 2440 439 2491 in
460 2439 524 2493 loeo
538 2438 664 2507 ponitur,
684 2437 733 2490 ubi
760 2451 870 2490 vetulo
887 2435 932 2499 til,
950 2437 977 2489 εἰ
1000 2441 1128 2494 interitui
1146 2458 1202 2494 non
1221 2441 1336 2503 serviat,
1353 2440 1534 2494 cuieerviunt
1556 2455 1650 2494 omnes
1661 2445 1834 2507 peccatoree.

139 2528 212 2575 recte
237 2522 339 2577 Latiae
359 2524 545 2593 interpretari
566 2524 652 2585 σσὶὶσ,
683 2525 792 2576 addere
815 2538 975 2591 pronomen
1000 2528 1152 2580 Peccatori
1176 2527 1249 2580 enim
1276 2527 1381 2580 dictem
1408 2533 1464 2595 ert,
1491 2534 1578 2579 morte
1607 2525 1746 2579 neomenia.
1786 2523 1834 2578 Li·

140 2607 208 2660 im
224 2615 274 2661 Μ
290 2608 353 2672 illa·
376 2626 403 2665 V·
422 2613 463 2665 22·
489 2607 708 2677 minurientem
732 2609 821 2661 omnia
844 2607 899 2661 illa
918 2608 975 2660 tivss
1001 2614 1142 2667 berabitur
1160 2619 1249 2667 autem
1269 2613 1299 2665 in
1315 2613 1473 2665 libertatem
1493 2612 1604 2680 ploriae
1626 2610 1751 2674 filiorum
1768 2609 1835 2674 Dei,

139 2692 209 2746 baec
229 2703 368 2750 creatura.
404 2696 440 2750 Si
456 2697 567 2751 Paulus
585 2697 620 2749 de
646 2695 724 2748 omni
743 2702 877 2748 uectura
894 2710 975 2763 pene·
1001 2700 1034 2753 id
1054 2707 1094 2752 oet
1117 2707 1148 2753 nt
1173 2707 1199 2752 oe
1223 2700 1288 2768 ipsa
1311 2698 1458 2767 perveniat
1480 2701 1521 2750 aet
1544 2698 1706 2751 libertatem.
1723 2696 1836 2764 plor-iae

139 2779 225 2834 ratim
244 2781 325 2850 toqui
340 2782 480 2851 votaueet,
497 2800 553 2837 non
571 2785 648 2838 πᾶσα
669 2779 685 2850 ἡ
703 2789 798 2849 κτίσις,
824 2782 877 2834 red
894 2783 974 2835 πᾶσα
1001 2786 1124 2850 tiliorum
1141 2786 1200 2839 Dei
1213 2801 1270 2854 per
1283 2785 1382 2853 fidem,
1400 2803 1473 2854 quac
1484 2781 1562 2849 tideo
1587 2801 1650 2838 cum
1673 2782 1703 2836 in
1723 2798 1760 2836 ea
1778 2800 1835 2837 non

140 2873 228 2928 κτίσις
252 2867 383 2937 daura,
417 2886 451 2922 ac
479 2870 509 2922 in
536 2868 744 2937 superioribus,
773 2868 822 2920 nbi
848 2884 904 2921 non
935 2875 976 2921 eet
1001 2880 1070 2934 erat,
1090 2879 1224 2925 creatma
1241 2880 1335 2925 tamen
1352 2873 1436 2925 modo
1455 2871 1609 2939 dicebatur,
1632 2877 1659 2923 et
1677 2870 1718 2924 ad
1741 2868 1835 2940 ipram

140 2967 240 3006 eramen
260 2952 357 3021 omnia,
375 2971 429 3008 non
448 2955 477 3007 in
494 2953 644 3023 einpulari,
667 2956 720 3008 eed
743 2955 774 3007 in
793 2953 910 3025 plurali
925 2969 974 3004 nu·
1000 2961 1135 3027 refertur,
1155 2959 1233 3028 quod
1243 2958 1377 3026 requitur,
1391 2958 1504 3023 scimur,
1519 2956 1588 3025 quia
1599 2955 1688 3009 omnir
1702 2962 1835 3010 aeorum

140 3055 217 3093 moro
235 3038 344 3093 20de
361 3039 470 3106 saintet.
502 3043 529 3096 3.
558 3040 592 3093 Si
616 3041 652 3093 de
675 3046 733 3094 tola
755 3056 849 3092 rtrum
872 3046 974 3092 natura
1001 3043 1176 3110 conpemiecit
1202 3047 1254 3097 etc.
1280 3051 1361 3097 mant
1390 3043 1463 3096 enim
1488 3042 1582 3096 adbuc
1607 3041 1758 3112 credituri,
1785 3042 1838 3111 qui

140 3125 285 3194 apostolia
301 3126 385 3179 verba
403 3127 500 3188 facere
520 3126 660 3195 voluntat,
678 3143 735 3179 non
751 3126 869 3178 dicaret
888 3128 975 3194 πᾶσα,
1000 3129 1104 3198 epim'tu
1126 3129 1310 3197 eubjocebant
1335 3128 1486 3184 lavatoria
1512 3129 1649 3198 operibus.
1693 3127 1749 3183 Sed
1766 3143 1834 3199 apo·

140 3211 192 3264 red
208 3210 257 3278 bin
275 3216 371 3272 κτίσις.
408 3215 431 3264 t.
461 3213 519 3266 Iice
546 3211 622 3280 epra,
652 3213 688 3264 de
713 3227 769 3280 aaa
795 3211 906 3266 Paulae
930 3209 975 3264 bic
1001 3213 1089 3270 stolus
1109 3214 1240 3270 hocloco
1259 3230 1315 3270 non
1335 3213 1396 3285 agit
1419 3216 1454 3268 de
1478 3213 1646 3268 liberatione
1669 3233 1688 3269 c
1705 3214 1837 3268 aarum

140 3296 274 3366 loquitw,
292 3298 327 3350 de
346 3297 408 3351 alia
428 3306 522 3351 creata
541 3313 572 3351 re
584 3304 789 3366 praeterquam
815 3297 850 3350 de
865 3297 975 3350 bomine
999 3301 1122 3371 peccati,
1149 3315 1221 3370 quae
1249 3299 1283 3353 fit
1309 3317 1359 3370 per
1384 3299 1466 3354 fidem
1493 3300 1522 3354 iu
1545 3301 1599 3355 hec
1627 3300 1697 3364 vita,
1721 3298 1771 3355 sed
1799 3301 1835 3353 de

136 3398 191 3452 per
212 3381 349 3451 διασεῖσαι
369 3383 429 3438 Dei
443 3385 568 3452 reponito
580 3384 665 3436 verba
681 3382 884 3451 baecintellipi
894 3389 974 3436 vetat.
1002 3387 1167 3440 liberatione
1188 3403 1206 3439 a
1228 3387 1361 3440 caedue
1386 3388 1586 3456 corruptionis,
1611 3402 1683 3456 quae
1706 3402 1762 3442 non
1782 3384 1836 3440 nisi

144 3468 288 3531 Quaenam
320 3477 455 3524 creatnra
492 3470 714 3538 patefactionem
747 3469 877 3536 filiorum
917 3471 976 3523 Dei
1000 3473 1029 3527 in
1052 3477 1141 3527 merto
1164 3487 1197 3527 ac
1220 3488 1270 3542 per
1294 3476 1411 3528 mertem
1432 3473 1561 3544 obtingit,
1586 3472 1661 3542 quod
1688 3471 1780 3542 ipsum
1800 3488 1835 3526 ox

141 3561 281 3625 eeepeetat
294 3563 414 3625 praeter
431 3556 497 3611 illos
509 3555 642 3624 leminea,
662 3556 712 3624 qui
729 3555 865 3608 divinitae
882 3555 976 3609 edocti
1000 3576 1026 3612 v.
1044 3563 1087 3614 23.
1109 3557 1285 3629 Augustinus
1297 3556 1365 3613 ibid.
1384 3564 1459 3613 recte
1473 3557 1587 3628 colligit.
1617 3559 1697 3611 Haec
1709 3558 1835 3626 adoptio,

140 3641 273 3712 spiritum
293 3642 391 3696 meum
408 3659 477 3697 euae
502 3643 632 3697 renovati
655 3643 740 3696 eunti
764 3639 974 3716 ἀποκαραδοκία
1000 3644 1099 3715 inquit,
1119 3660 1190 3712 quae
1208 3644 1269 3709 jam
1283 3646 1371 3712 sacta
1390 3651 1431 3697 eet
1454 3644 1484 3696 in
1505 3645 1550 3712 iie,
1577 3645 1627 3713 qui
1645 3643 1835 3707 crediderunt,

140 3727 233 3796 iprum
261 3735 354 3782 acuam
380 3736 406 3782 et
433 3736 541 3796 paetum
572 3728 756 3796 enepeetandi
789 3735 854 3782 ante
881 3727 975 3782 oculm
1001 3732 1031 3785 in
1059 3731 1177 3800 spiritu,
1206 3747 1264 3784 non
1289 3731 1319 3784 in
1351 3747 1470 3800 corpore
1501 3733 1584 3795 facta
1610 3737 1658 3784 eet.
1701 3731 1836 3784 Nondum

136 3813 227 3881 ponit,
252 3814 392 3882 eipniticat
418 3814 488 3868 enim
513 3821 620 3867 eceerto
643 3814 737 3883 capite
760 3821 928 3883 exspectare,
946 3822 975 3867 at
1001 3817 1073 3871 enim
1101 3832 1204 3886 corpus
1234 3817 1423 3880 reformatum
1452 3824 1494 3870 eet
1520 3819 1550 3870 in
1579 3815 1721 3870 coelestem
1753 3814 1837 3871 mam

140 3898 186 3952 bie
212 3906 291 3953 actae
319 3900 475 3953 bominibue
508 3908 616 3955 tantum
645 3900 784 3969 competit.
831 3899 975 3961 Quaado
1000 3903 1190 3972 mammonam,
1215 3903 1289 3957 meru
1316 3903 1436 3972 epiritm
1454 3904 1517 3971 jam
1540 3910 1664 3956 mutatur
1683 3910 1726 3955 eet
1740 3917 1835 3957 recon-

141 3985 267 4040 omnibue
295 3987 433 4040 creaturie
459 4003 582 4055 nuptam
611 3986 869 4040 accommodabitur
900 3986 976 4041 illud
1001 3990 1143 4044 vitiatione
1155 3991 1230 4057 fidei
1248 3991 1285 4042 ab
1297 3991 1442 4045 error-ibae
1458 4006 1608 4044 conversus
1619 3990 1661 4043 ad
1676 3992 1765 4042 Deum
1783 3991 1834 4044 etc.

141 4087 196 4124 non
214 4070 318 4140 velena
336 4073 389 4125 red
404 4089 457 4125 aaa
475 4074 593 4141 sponte?
611 4074 751 4140 mornado
766 4071 843 4126 eliud
859 4072 888 4124 in
905 4072 976 4140 epe!
1002 4075 1092 4145 Adde,
1111 4075 1185 4146 quod
1204 4074 1283 4146 impii
1300 4082 1329 4131 et
1346 4076 1442 4146 injusti
1469 4081 1605 4147 quatenus
1623 4073 1691 4130 teies
1710 4072 1836 4130 servituti

141 4158 279 4225 quomodo
297 4157 374 4211 itlad
390 4158 548 4227 inpemiecit
567 4167 594 4211 et
608 4158 737 4227 parturit
755 4173 843 4226 usque
862 4158 975 4211 adbuc!
1000 4162 1107 4233 pcccati
1133 4166 1233 4232 sponte
1256 4161 1312 4217 sint
1334 4162 1466 4232 subjecti,
1491 4179 1543 4216 nec
1571 4161 1728 4216 desiderent
1747 4158 1784 4213 ab
1803 4174 1837 4214 ea

141 4260 207 4296 uum
222 4243 375 4313 plusquam
388 4243 501 4312 poitice
520 4251 546 4297 et
560 4260 615 4312 per
628 4245 867 4313 prosopopoeiam
886 4260 975 4313 ouon
998 4247 1118 4303 liberari.
1154 4248 1209 4312 Qui
1227 4249 1263 4303 dc
1277 4247 1421 4318 spiritibus
1445 4247 1639 4302 defunctorum
1661 4250 1771 4301 textum
1788 4260 1836 4299 cx·

142 4329 208 4383 dum
229 4345 352 4397 proteat
379 4329 541 4383 inauditam
566 4329 636 4382 batt
662 4330 757 4383 omnia
783 4330 861 4382 dicta
879 4328 975 4395 stim
999 4339 1117 4404 ponunt,
1141 4334 1182 4388 illi
1207 4350 1269 4388 enm
1287 4334 1427 4403 accipiunt
1456 4338 1491 4387 dc
1509 4332 1657 4386 animabar
1675 4338 1836 4385 sanctorem

141 4416 383 4469 meaverubimuei
420 4418 459 4470 At
476 4417 711 4486 quaemadmodum
738 4433 793 4469 non
808 4431 860 4484 per
876 4431 974 4484 proto·
1000 4427 1065 4473 ante
1096 4418 1238 4473 Obrietum
1266 4420 1479 4487 defunctorum,
1507 4420 1554 4490 qui
1581 4417 1774 4473 liberationem
1802 4432 1836 4472 ox

137 4501 290 4570 popoeiom
308 4503 344 4555 de
362 4502 407 4567 iie,
433 4505 484 4572 pai
502 4504 651 4573 primitiae
678 4502 804 4570 Spiritae
828 4501 974 4567 latebant,
999 4504 1084 4561 limbo
1105 4505 1206 4575 cupide
1229 4505 1455 4575 exspectaverint
1499 4503 1688 4575 Hieronymus
1713 4503 1742 4557 in
1761 4517 1835 4557 oem-

140 4589 192 4641 eed
214 4588 365 4641 teutardum
392 4588 562 4657 optationem
584 4589 730 4642 veritatem
756 4587 877 4650 dicitur,
899 4588 976 4654 quod
1001 4595 1099 4645 ment:
1138 4592 1252 4644 Omnem
1277 4598 1436 4644 creaturam
1458 4591 1555 4644 dicunt
1579 4608 1652 4656 aee,
1679 4591 1835 4661 animmque

140 4671 217 4726 iutra
236 4688 265 4726 tc
285 4681 425 4742 penetrent
443 4681 632 4744 caepectantee
652 4672 832 4743 adoptionem
850 4672 975 4735 filiorum
1000 4693 1086 4745 utque
1109 4679 1152 4730 ad
1172 4679 1322 4730 adventum
1347 4676 1452 4733 Otr-reti
1481 4677 1552 4743 quati
1572 4678 1699 4746 fecerunt,
1724 4676 1793 4746 quoia
1810 4682 1837 4729 et

141 4760 217 4829 Dei,·
241 4759 283 4813 eie
307 4761 344 4813 de
368 4760 446 4814 omni
469 4760 525 4814 illa
549 4769 683 4815 creatura
706 4776 772 4814 vere
795 4766 820 4811 et
840 4775 895 4812 non
914 4760 975 4823 tete
1001 4761 1058 4830 ipsi
1075 4764 1201 4817 nondum
1220 4763 1389 4831 arcipiratae
1409 4770 1578 4831 euepectant,
1598 4764 1661 4818 Deo
1683 4779 1738 4832 pro
1756 4761 1836 4816 nobie

141 4845 247 4898 dictum
259 4845 331 4915 suit,
349 4846 427 4914 quod
441 4845 631 4913 inpems'eceret
650 4863 684 4901 ac
698 4845 868 4915 parturiret.
896 4851 920 4903 b.
938 4847 975 4899 In
1000 4848 1113 4918 aliquid
1132 4849 1232 4903 melitae
1250 4851 1422 4919 providente.
1459 4849 1496 4905 Et
1512 4857 1624 4921 postea:
1659 4849 1836 4904 Communem

141 4931 209 4985 aliie
229 4931 312 4984 etiam
336 4931 503 5001 Scripturae
522 4933 594 4987 lacre
611 4934 722 4986 vebum
738 4948 836 4986 meare
858 4949 915 5001 pro
931 4949 974 4986 re·
1001 4942 1162 4990 creaturam
1182 4937 1309 4990 nominat
1330 4944 1396 5007 poet
1418 4939 1561 4991 Adamum
1586 4945 1613 4990 et
1630 4938 1721 4989 Evam
1733 4936 1836 5004 justos,

141 5018 255 5085 pipnere
283 5024 310 5070 ct
326 5018 410 5086 quari
426 5018 528 5071 iterum
546 5034 645 5071 creare
661 5035 695 5071 ac
712 5034 812 5072 nomen
827 5026 975 5074 uvaurae
1001 5022 1051 5091 qui
1059 5024 1183 5090 fuerisne
1198 5039 1286 5091 aeque
1304 5026 1346 5076 od
1364 5032 1470 5092 ternpus
1490 5022 1597 5076 Cbrieti
1614 5028 1666 5078 etc.
1692 5019 1748 5075 Sed
1766 5019 1836 5074 hacc

139 5121 193 5172 pro
216 5103 325 5158 bomine
350 5105 477 5173 ponitur.
514 5104 569 5159 Sed
598 5103 666 5175 quid
690 5104 726 5159 do
755 5106 796 5159 hie
822 5104 975 5162 rationibus
1001 5107 1137 5164 renuntia
1164 5111 1188 5175 1)
1216 5107 1315 5162 nititur
1341 5107 1412 5162 falsa
1438 5108 1603 5179 hypotheca
1633 5111 1661 5174 2)
1688 5121 1740 5160 nec
1767 5105 1836 5161 eatis

141 5189 321 5245 statuendum
346 5191 394 5260 sit,
418 5191 520 5260 partim
545 5208 577 5245 ex
608 5191 838 5257 praecedentibus
856 5191 975 5264 intelligi
1001 5194 1145 5251 commode
1162 5195 1197 5249 de
1217 5193 1362 5249 animabus
1383 5194 1412 5247 in
1431 5192 1515 5248 limbo
1529 5194 1645 5262 dicetur,
1661 5194 1736 5264 qued
1756 5194 1834 5248 vani·

142 5281 248 5345 petest,
281 5278 384 5347 partim
418 5295 452 5331 ex
486 5276 664 5349 sequentibus
704 5277 881 5332 manifestum
915 5280 974 5334 erit.
1001 5284 1056 5335 tati
1075 5290 1100 5335 et
1118 5281 1247 5336 servituti
1266 5280 1458 5351 corruptionie
1476 5279 1580 5334 tuerint
1597 5279 1750 5349 subjectae,
1770 5279 1836 5352 quin

143 5361 321 5420 Ostendimus
337 5368 399 5437 jem
416 5372 489 5435 ante,
511 5365 571 5436 pios
598 5363 634 5417 ab
658 5364 708 5419 illa
730 5369 858 5420 creatura
882 5381 975 5420 secum
1002 5384 1121 5438 poenam
1150 5370 1284 5423 duntaxat
1314 5366 1427 5429 domm,
1451 5381 1508 5420 nou
1535 5369 1628 5419 autem
1656 5382 1754 5420 reneca
1781 5365 1836 5421 illie

145 5450 345 5520 ingemiscente
369 5451 511 5522 distingui.
555 5451 632 5505 busti
662 5456 728 5504 sunt
755 5449 808 5520 ipsi
834 5449 884 5504 filii
913 5451 974 5517 Dei,
1000 5455 1069 5508 alies
1087 5455 1221 5513 tribuunt.
1251 5457 1276 5523 3)
1298 5453 1451 5525 Apostolus
1468 5452 1545 5521 dicit,
1563 5458 1724 5506 menarum
1741 5453 1836 5506 adbuc

144 5552 261 5606 qnorum
292 5536 490 5592 revelationem
520 5545 652 5593 nectura
684 5535 794 5590 solicite
824 5543 975 5605 eaepectat,
1000 5541 1182 5608 inpemircere
1198 5548 1225 5595 et
1246 5549 1416 5610 eerpectare.
1454 5537 1540 5610 Atqui
1564 5551 1598 5594 eo
1620 5543 1754 5610 tempore,
1780 5554 1835 5609 qno

143 5621 241 5694 utique
268 5638 335 5693 ergo
362 5639 412 5693 per
438 5628 595 5680 ereaturam
621 5639 679 5680 uon
706 5625 824 5694 potsunt
850 5622 976 5694 pmocise
1001 5625 1145 5696 apostolus
1164 5624 1233 5680 hacc
1251 5625 1401 5696 scribebat,
1420 5624 1524 5682 limbus
1540 5623 1673 5694 temdum
1693 5629 1763 5675 anx
1778 5637 1847 5671 exa-
