4050 6014
721 278 775 337 DE
792 280 886 338 VITA
902 280 1090 338 AE'I'ERNA.
1725 283 1786 344 229

90 433 150 488 bus.
169 433 272 488 Psalm.
294 440 352 501 144,
369 453 394 488 v.
419 439 462 490 lb:
488 435 609 488 Beatum
631 437 925 506 11111111111111111,
952 442 1046 506 potest
1059 435 1183 491 deficere.
1205 434 1380 507 Augustinus
1393 434 1421 487 in
1432 439 1579 488 comment.
1598 439 1686 500 notat,
1704 430 1788 486 verbo

90 521 139 573 eui
151 521 220 574 baec
234 528 315 585 runa·
334 522 431 573 beatus
449 523 579 590 populas,
601 523 682 591 enjus
695 524 836 578 Dominus
847 526 927 578 Deus
953 523 1116 576 inebriandi
1135 521 1285 592 significari
1304 538 1438 576 summam
1457 520 1513 574 vim
1532 519 1606 574 illius
1625 518 1787 574 dulcedinis.

90 608 171 675 ejus,·
204 605 230 672 3)
260 623 293 659 ea
322 607 556 677 promissionibus
587 616 643 664 tam
664 609 810 681 tapetibus,
843 629 926 680 quarn
953 608 1191 672 Quemadmodum
1220 608 1293 663 enim
1316 607 1454 675 homines,
1482 623 1544 661 eum
1573 605 1666 660 vinum
1692 605 1787 658 immo·

89 693 267 762 enarrpetiris,
279 692 412 763 quaepiis
426 693 629 748 etinllessiam
640 694 816 750 erodentibus
827 695 927 762 iactae,
953 696 1048 750 derata
1065 694 1173 760 bibunt,
1199 696 1233 750 de
1253 700 1389 764 potestate
1407 693 1507 748 mentis
1528 693 1724 758 deturbantur3
1748 692 1808 773 1111

91 788 225 850 utraeque
244 780 317 834 enim
338 779 539 834 beatitudinem
551 786 690 835 aeternam
706 784 927 852 complectuntur
953 798 1015 835 cum
1032 786 1149 852 accepta
1177 781 1261 835 suerit
1286 780 1334 834 ills
1355 778 1505 835 ineffabilis
1528 778 1649 846 laetitia,
1671 778 1792 833 humana

94 874 113 922 Ι.
133 866 205 920 Tim.
226 873 249 935 4,
263 884 288 917 v.
300 872 328 936 85
347 867 375 927 41
394 882 427 919 eu
440 868 621 920 beatitudinis
635 866 715 920 itlius
728 869 925 937 descriptione.
953 884 1029 921 mens
1047 885 1065 920 1
1081 867 1194 923 11111111
1214 866 1361 922 dulcedine
1380 865 1519 920 inebriata
1537 871 1565 918 et
1582 865 1714 934 absorpta
1723 881 1791 935 quo·

91 951 229 1008 Statuitur
249 951 321 1006 enim
349 951 397 1007 illa
423 951 567 1006 beatitudo
592 952 619 1005 in
639 961 814 1022 peccatorum
834 956 926 1010 remis·
953 954 1098 1009 dammodo
1115 953 1233 1009 deficere
1252 953 1367 1007 videtur.
1404 951 1493 1020 (Sicut
1509 951 1627 1007 ebrietas
1645 951 1724 1021 ponit
1741 950 1907 1005 111-111101.
1970 950 1971 954 ’

90 1038 176 1105 aione,
196 1037 223 1092 in
244 1054 294 1107 epe
311 1044 339 1091 et
355 1035 457 1090 fiducia
475 1043 526 1090 etc.
545 1038 623 1107 atqui
636 1039 743 1093 fruetus
761 1040 926 1094 remissionis
953 1039 1054 1093 minem
1080 1045 1158 1094 extra
1179 1054 1223 1106 se,
1255 1038 1295 1092 its
1320 1037 1429 1092 divinus
1458 1054 1535 1092 amor
1563 1037 1683 1092 ecstasin
1708 1036 1790 1106 facit3

90 1130 267 1193 peecatorum
287 1130 314 1176 et
334 1122 396 1176 linis
416 1123 480 1177 fidei
501 1131 544 1177 est
561 1125 620 1179 vita
632 1131 753 1191 aeterna,
772 1128 871 1182 Psalm.
885 1133 926 1189 31,
952 1125 1164 1182 inebriabuntur
1193 1124 1278 1196 igitur
1312 1124 1387 1179 beati
1420 1124 1582 1192 dilectione,
1615 1132 1644 1179 et
1672 1123 1725 1179 hoe
1755 1140 1788 1177 er

90 1228 116 1265 v.
137 1216 166 1264 2:
183 1211 220 1263 In
237 1219 270 1278 te,
290 1210 419 1275 Domine,
438 1211 559 1278 speravi,
579 1229 634 1264 111
651 1214 814 1279 confundar
833 1215 862 1266 in
881 1230 927 1266 ae·
954 1211 1126 1266 abundantia
1141 1211 1284 1275 bonorum,
1305 1210 1503 1282 quassantia
1523 1211 1604 1264 domo
1617 1210 1737 1266 Domini.
1755 1211 1788 1264 ln

91 1305 208 1352 terarum.
239 1296 341 1365 Atqui
360 1312 413 1349 non
432 1295 514 1351 debet
532 1296 664 1355 confundi
684 1299 713 1352 in
732 1304 884 1367 aeternum,
902 1300 925 1352 is
954 1298 1057 1352 lumine
1074 1298 1179 1369 gloriae
1197 1297 1332 1353 videbunt
1349 1298 1443 1352 lumen
1462 1296 1623 1354 divinitatis.
1657 1296 1788 1351 Weidne-

91 1391 185 1454 sperat
202 1390 343 1437 aeternam
363 1382 571 1437 beatitudinem.
591 1383 648 1440 Ubi
663 1389 756 1439 tamen
766 1386 927 1454 notandum,
954 1402 1001 1439 rus
1022 1385 1057 1438 de
1074 1384 1125 1438 loc.
1144 1382 1190 1437 fid.
1209 1383 1331 1455 praeeip.
1351 1389 1428 1439 treet
1446 1389 1470 1439 2.
1490 1403 1517 1454 p.
1536 1382 1607 1450 662.)
1626 1383 1727 1437 Psalm.
1746 1389 1788 1446 31,

92 1471 168 1524 dicta
185 1470 248 1535 illa,
272 1469 301 1522 in
328 1468 430 1538 quibus
457 1469 625 1537 subjeetum,
648 1471 678 1525 id
703 1478 744 1525 est
763 1472 883 1542 qualitas
902 1482 928 1527 et
954 1488 980 1525 v.
999 1476 1028 1527 6:
1056 1473 1166 1524 Educet
1191 1472 1275 1540 quast
1298 1472 1392 1526 lamen
1408 1472 1552 1540 justitiam
1569 1479 1645 1524 taam
1665 1480 1692 1523 et
1706 1470 1788 1539 jaas·-

91 1556 215 1611 setiones
242 1555 387 1610 beatorum
410 1554 619 1622 describuntur,
652 1557 804 1626 prudenter
833 1559 928 1613 distin-
955 1557 1028 1610 cium
1046 1564 1122 1610 tuum
1143 1566 1277 1626 tanquam
1298 1559 1444 1612 meridiem
1463 1561 1530 1624 (1111
1550 1559 1626 1613 elars
1640 1557 1687 1611 lux
1701 1573 1789 1611 erum·

92 1643 204 1713 gueuda
230 1660 290 1697 esse
318 1642 353 1696 ab
381 1641 436 1695 illis
465 1641 560 1711 1111111,
587 1643 615 1696 in
643 1643 744 1713 quibus
768 1647 871 1712 forma
904 1655 928 1698 et
955 1643 1047 1711 pentir
1075 1643 1201 1714 justitiae
1233 1645 1262 1699 in
1294 1645 1340 1698 die
1372 1645 1521 1699 novissimo
1553 1651 1683 1698 aeternae
1714 1643 1791 1697 vitae

92 1733 192 1783 urendas
214 1728 392 1783 beatitudinis
418 1729 607 1798 impetrandae
634 1729 812 1798 describitur,
839 1749 928 1802 neque
955 1729 1066 1785 exordio
1084 1730 1194 1786 demum
1212 1731 1333 1797 orietur).
1372 1731 1474 1786 Psalm.
1491 1737 1533 1786 45.
1559 1730 1709 1785 introducit
1726 1747 1788 1799 pro·

92 1819 164 1870 enim
185 1816 290 1878 omisis,
314 1833 386 1885 quae
406 1816 620 1884 descriptionem
640 1816 760 1886 subjecti
779 1818 928 1885 continent,
955 1815 1040 1888 pheta
1057 1816 1150 1887 regius
1177 1818 1320 1872 eeclesiam
1345 1824 1377 1872 ut
1402 1835 1531 1888 sponsam
1553 1817 1662 1872 Christo
1688 1833 1790 1884 sponse

92 1904 128 1958 ad
148 1903 260 1957 modum
279 1910 307 1957 et
324 1903 439 1957 formam
464 1902 645 1957 beatitudinis
669 1903 763 1957 statim
780 1905 927 1973 pertinent.
955 1921 973 1955 a
991 1904 1097 1956 destris
1109 1905 1275 1970 adstantem,
1295 1905 1446 1973 splendide
1463 1913 1603 1972 11111111,
1621 1906 1662 1957 ad
1676 1904 1790 1973 nuptias

92 1986 194 2047 Psalm.
220 1998 256 2056 16,
284 2009 308 2045 v.
328 1999 356 2045 5:
389 1992 530 2044 Dominus
550 2009 622 2059 pars
650 1992 815 2046 hereditatis
844 2009 928 2046 meae.
954 1990 1029 2057 repis
1047 1990 1173 2044 coelestis
1199 1993 1408 2059 deducendam,
1435 1992 1625 2046 communione
1655 1991 1790 2045 bonoram

92 2077 928 2147 ν.6,1111111“11111·1111111111111111611111111
955 2074 1114 2129 coelestium
1133 2078 1313 2140 donandam,
1337 2077 1450 2132 chorum
1477 2077 1615 2147 virginum
1644 2083 1672 2130 et
1689 2077 1789 2131 amica·

92 2166 226 2218 laetatum
250 2172 288 2217 eat
313 2182 363 2217 eor
382 2180 486 2231 meum·
523 2181 547 2216 v.
575 2169 613 2220 11.
646 2171 727 2219 notas
746 2165 815 2218 mibi
837 2165 928 2230 facies
955 2179 1031 2230 rum,
1060 2162 1089 2215 id
1120 2168 1163 2217 est
1187 2163 1311 2218 fidelium
1344 2164 1514 2231 animarum,
1547 2163 1634 2218 instar
1664 2162 1790 2216 eoelestis

92 2251 153 2307 ias
172 2253 253 2317 uitae,
273 2251 449 2303 retundentia
466 2250 637 2319 prandiorum
655 2259 695 2305 est
713 2270 775 2304 eum
784 2251 927 2314 mdtutno,
955 2248 1088 2320 gynaecei
1119 2264 1213 2303 secum
1244 2250 1443 2314 adducentem,
1476 2250 1585 2304 laetitia
1614 2248 1790 2303 inenarrabili

94 2338 295 2391 delectationes
332 2338 361 2388 in
393 2339 493 2391 ‹leatra
525 2344 574 2389 tua
602 2356 689 2406 nepae
717 2338 747 2390 in
777 2346 926 2392 aeternnm.
954 2336 1138 2391 exsultantem
1157 2343 1208 2390 etc.
1240 2336 1341 2391 Psalm.
1361 2342 1402 2407 68,
1421 2355 1445 2391 v.
1461 2344 1490 2395 41
1508 2337 1587 2390 Justi
1603 2338 1746 2406 pendeant
1765 2342 1790 2388 et

92 2425 196 2479 Psalm.
225 2429 263 2489 l'l,
288 2441 311 2475 v.
342 2429 385 2478 15:
420 2424 482 2487 Epo
506 2425 536 2476 in
559 2424 679 2492 justitia
702 2424 800 2477 oislebo
818 2425 928 2489 faeiem
956 2422 1091 2477 exsultent
1109 2424 1138 2475 in
1156 2431 1303 2493 conspecta
1322 2424 1382 2476 Dei
1400 2433 1426 2477 et
1444 2425 1617 2478 delectentur
1628 2424 1658 2476 in
1671 2422 1790 2476 laetitia.

60 2534 71 2551 ·
93 2521 184 2575 taam,
210 2509 350 2572 satiabor,
379 2527 441 2561 11111
466 2511 601 2563 aseddus
619 2514 701 2574 saera
720 2512 761 2563 ad
780 2511 927 2577 inopinam
958 2511 1058 2565 Psalm.
1081 2515 1121 2577 64,
1139 2528 1165 2563 v.
1186 2517 1212 2564 5:
1243 2510 1342 2578 Beati,
1366 2512 1415 2578 qui
1434 2510 1560 2562 habitant
1582 2511 1612 2562 in
1630 2512 1713 2564 domo
1733 2516 1792 2572 tua,

92 2606 178 2651 tuam.
206 2596 309 2650 Psalm.
329 2601 370 2663 22,
389 2611 413 2648 v.
435 2600 483 2649 271
506 2597 600 2648 Edant
613 2613 757 2667 pauperes
775 2605 801 2650 et
819 2605 929 2649 satura·
959 2598 1086 2664 Domine,
1109 2597 1140 2650 in
1160 2598 1256 2652 seeala
1273 2598 1433 2652 seetslorum
1451 2597 1609 2652 laudabant
1630 2604 1657 2649 te
1681 2597 1791 2666 (prima-

95 2686 197 2737 bantur
216 2691 241 2737 11
260 2683 416 2735 laudabunt
437 2684 597 2746 Dominum,
623 2683 672 2750 pai
694 2684 843 2751 requirunt
860 2700 929 2746 eum,
957 2684 996 2739 rio
1014 2691 1043 2740 et
1060 2684 1251 2754 principaliter
1270 2684 1330 2754 agit
1347 2684 1450 2754 psaltes
1470 2683 1504 2738 de
1525 2689 1599 2738 statu
1613 2682 1746 2738 ecelesiae
1758 2699 1792 2738 ae

95 2772 184 2824 rriuent
204 2771 293 2822 corda
312 2787 407 2823 eorum
433 2769 606 2821 1111111111
629 2768 725 2824 seculi.
764 2768 866 2827 Psalm.
888 2774 929 2836 27,
957 2787 1021 2826 vere
1041 2771 1149 2840 piorum
1167 2771 1196 2824 in
1209 2771 1262 2824 hac
1281 2771 1347 2837 vita,
1366 2770 1415 2824 sed
1432 2775 1524 2839 potest
1543 2768 1594 2823 boe
1613 2769 1703 2837 ipsum
1717 2774 1791 2823 reete

94 2875 119 2909 v.
142 2860 185 2909 131
206 2856 297 2908 Credo
319 2855 413 2907 sidere
432 2855 505 2907 bona
517 2854 638 2907 Domini
655 2855 684 2907 in
693 2863 771 2908 terra
782 2858 928 2909 viventium
956 2856 1156 2913 accommodari
1184 2856 1221 2909 ad
1250 2861 1352 2910 statum
1385 2855 1519 2911 eeclesiae
1546 2855 1574 2909 in
1601 2854 1660 2908 vita
1688 2854 1791 2921 futura,

94 2941 279 3011 (Augustinus
316 2946 394 2994 tract.
425 2946 481 2996 124.
512 2939 540 2992 in
571 2940 648 2996 tohu
688 2943 745 2996 Hie
777 2942 931 2996 tolerantur
958 2943 1022 3014 quia
1050 2941 1168 2998 felicitas
1196 2942 1244 2995 illa
1272 2943 1301 2996 in
1326 2942 1456 2995 haesita
1477 2941 1613 2996 duntaxat
1636 2940 1735 3010 incipit
1759 2957 1792 2994 sc

94 3031 172 3083 atala
190 3030 273 3097 bajus
292 3029 390 3082 mandi
415 3030 445 3080 in
470 3036 548 3082 terra
573 3030 762 3096 morientium,
789 3029 830 3083 ibi
855 3030 930 3083 vide·
957 3029 1050 3084 multis
1066 3028 1280 3083 adversitatibus
1298 3029 1411 3084 obtecta
1436 3029 1517 3093 latet,
1545 3028 1594 3082 sed
1616 3028 1645 3080 in
1669 3027 1728 3080 vita
1746 3043 1790 3080 ae·

95 3119 197 3169 buntur
223 3117 295 3169 bona
321 3116 441 3169 Domini
466 3116 496 3168 in
518 3125 597 3168 terro
622 3116 792 3183 uiuentium).
827 3116 930 3169 Psalm.
957 3124 1036 3172 terna
1057 3116 1166 3170 demum
1186 3115 1239 3170 erit
1264 3121 1468 3182 consummata,
1496 3114 1583 3178 unde)
1607 3131 1633 3168 1.
1663 3118 1700 3168 12.
1727 3112 1791 3166 sub-

95 3210 136 3273 36,
157 3222 184 3257 v.
205 3209 232 3257 8:
253 3203 340 3264 tinam
357 3202 482 3271 pretiosa
501 3209 540 3254 est
554 3202 753 3254 misericordia
765 3211 822 3270 tua,
840 3204 930 3267 Deus,
953 3203 1091 3273 jungitur,
1109 3203 1234 3271 pretium
1254 3210 1280 3255 11
1297 3201 1420 3269 pluriam
1434 3200 1514 3255 dabit
1527 3200 1668 3253 Dominus
1687 3199 1725 3266 (in
1739 3199 1793 3253 hae

88 3291 307 3359 pitinanatium
328 3292 356 3342 in
378 3289 494 3358 tepmine
512 3289 624 3342 alonim
643 3298 756 3342 tuarum
772 3290 930 3358 sperabunt.
959 3289 1015 3342 sits
1032 3295 1074 3343 est
1093 3305 1209 3360 regnum
1228 3288 1342 3359 gratiae,
1366 3287 1395 3340 in
1419 3287 1513 3341 futura
1535 3302 1600 3340 vero
1617 3285 1740 3356 gloriae),
1766 3302 1791 3337 v.

95 3396 120 3430 v.
139 3384 163 3431 9.
182 3377 393 3429 inebriabuntur
411 3393 430 3427 1
447 3375 619 3444 pinpaedine
633 3378 731 3429 domus
748 3384 813 3428 tane
831 3384 857 3430 et
874 3385 931 3430 tor·
962 3379 998 3431 13,
1016 3394 1073 3428 non
1094 3375 1221 3443 privabit
1244 3375 1304 3429 utto
1324 3375 1393 3428 bono
1421 3391 1484 3435 eos,
1513 3373 1562 3442 pai
1591 3373 1734 3426 ambulant
1762 3373 1792 3425 in

96 3471 170 3515 rente
190 3463 343 3530 uoluptatis
368 3470 432 3514 tuae
450 3462 565 3530 potabis
595 3479 655 3524 eos,
684 3481 709 3515 v.
733 3469 769 3519 10.
800 3462 930 3530 paeoniam
958 3462 1131 3527 innocentia,·
1161 3461 1284 3515 Domine
1303 3462 1487 3527 exercitatam,
1511 3460 1607 3513 beatas
1627 3459 1721 3522 bomo,
1744 3458 1795 3526 qui

95 3551 175 3617 apud
193 3557 219 3601 11
237 3556 276 3602 111
298 3549 365 3611 sons
390 3548 464 3600 uitae
490 3555 515 3599 et
540 3547 569 3599 in
588 3548 692 3601 terniue
711 3556 759 3602 tao
778 3548 931 3601 uidebimus
957 3545 1793 3619 1111111111.Ρ111111.116,ν.91Α16111161111111121·

96 3637 197 3691 111111.
232 3635 332 3688 Petms
357 3633 549 3688 Cluniacensis
573 3633 619 3687 lib.
639 3640 663 3689 6.
681 3635 760 3703 epist.
782 3642 829 3692 461
854 3635 931 3696 Quae
958 3634 1080 3688 minoia
1099 3635 1211 3701 repione
1235 3633 1391 3687 visentium.
1432 3631 1535 3686 Psalm.
1557 3637 1614 3696 125,
1634 3647 1658 3684 v.
1680 3636 1708 3687 3:
1728 3632 1793 3685 Non

94 3721 257 3789 irrsurrditas
277 3721 331 3772 illa
350 3720 460 3773 11111νί1
480 3721 646 3773 mortalibus
663 3721 778 3789 ipnota!
797 3739 854 3790 pua
871 3729 930 3774 tor·
958 3723 1095 3790 relinquet
1114 3722 1255 3775 Dominus
1271 3722 1382 3791 oirpam
1396 3727 1577 3788 peecatorum
1590 3737 1675 3787 saper
1691 3726 1793 3772 sortem

95 3815 172 3862 rents
195 3806 345 3876 voluptatis
366 3806 456 3874 ipsius
480 3813 595 3876 potatae
620 3806 778 3860 insatiabili
802 3808 931 3860 satietate
951 3810 1092 3876 justarum
1121 3807 1258 3874 (liberatio
1278 3807 1328 3862 illa
1351 3807 1532 3877 styrannide
1551 3805 1672 3861 hostium
1695 3805 1792 3874 incipit

96 3895 207 3956 abillo,
227 3895 396 3962 apudpnsm
410 3900 448 3946 est
463 3893 630 3961 fonsvitae,
643 3901 709 3962 poet
726 3896 777 3948 bas
792 3904 849 3948 tam
864 3898 929 3948 den·
957 3896 986 3948 in
1005 3892 1146 3957 haesita,
1170 3893 1244 3948 unde
1271 3894 1396 3961 additur,
1424 3902 1529 3948 utnon
1557 3895 1707 3949 1111111111
1718 3892 1795 3960 justi

96 4000 152 4043 sas,
171 3988 228 4033 tam
247 3979 366 4032 odibiles
383 3978 508 4047 Aepppti
533 3980 661 4033 tenebras
687 3981 716 4032 in
742 3980 846 4034 lamine
869 3983 931 4049 ejas
958 3983 998 4034 od
1016 3981 1192 4049 iniquitatem
1213 3998 1312 4034 mantis
1331 3999 1414 4047 snas,
1440 3980 1489 4035 sed
1508 3979 1666 4050 perficietur
1683 3979 1792 4034 demum

96 4065 226 4119 ridebitis
237 4066 338 4118 111111,
356 4064 586 4120 Theodoretusin
597 4073 740 4121 comment
755 4068 840 4122 refert
858 4068 932 4123 huuc
958 4069 986 4122 in
1003 4067 1062 4120 vita
1078 4066 1191 4131 sutura).
1211 4067 1313 4121 Psalm.
1337 4072 1392 4132 122,
1411 4084 1437 4121 v.
1457 4073 1484 4121 ’11
1508 4067 1553 4120 Sit
1566 4067 1745 4137 prosperitas
1763 4066 1793 4116 in

95 4151 185 4207 laeum
204 4151 240 4204 ad
259 4150 444 4220 praesentium
467 4151 651 4220 spiritualium
668 4152 799 4207 bonorum
818 4154 942 4208 estinan-³
960 4155 1045 4208 muris
1062 4154 1118 4206 tais
1130 4161 1157 4206 et
1175 4154 1349 4207 abundantia
1367 4155 1396 4207 in
1414 4153 1538 4207 turribus
1552 4154 1616 4205 tais.
1634 4150 1792 4206 Hebraeum

96 4238 178 4300 tiam,
209 4253 292 4308 quam
317 4254 334 4289 a
352 4236 413 4290 Deo
432 4237 519 4291 sancti
540 4236 690 4306 recipiunt,
720 4257 791 4309 quae
819 4241 931 4293 torrenti
958 4242 993 4293 sit
1012 4240 1090 4294 salas
1105 4239 1135 4294 in
1149 4240 1271 4308 palatiis
1289 4240 1354 4295 tuis.
1386 4238 1575 4305 (Bernhardus
1594 4254 1672 4293 serm.
1693 4238 1729 4291 de
1745 4237 1792 4290 tri·

97 4330 284 4394 eomparatur,
312 4341 343 4375 eo
368 4322 442 4393 quod
470 4325 556 4377 instar
576 4325 705 4378 torrentis
724 4325 751 4378 in
772 4333 878 4381 aestate
896 4326 930 4379 ad
958 4327 1022 4396 plici
1043 4325 1176 4397 genbon.
1190 4327 1242 4381 hoe
1257 4327 1342 4381 refert
1356 4323 1790 4396 adHierosolymamcoelestem.

97 4420 205 4482 tempus
224 4411 292 4463 fluat
313 4418 341 4464 et
361 4427 456 4480 parum
482 4411 576 4479 duret,
601 4410 730 4466 videlieet
754 4411 831 4467 brevi
850 4412 932 4480 hujus
963 4415 1039 4476 Fiat,
1069 4412 1172 4482 inquit,
1200 4413 1376 4465 abnndantia
1404 4412 1434 4464 in
1462 4411 1522 4464 illis
1552 4410 1689 4477 turribus,
1719 4427 1791 4478 puae

97 4498 220 4552 mortalis
244 4497 316 4550 vitae
340 4497 473 4566 decursu;
501 4498 549 4552 sed
578 4497 679 4551 rectius
707 4498 741 4551 de
767 4498 933 4568 sempiterna
954 4502 1039 4566 ,turta
1055 4498 1226 4567 proplietam
1245 4497 1335 4550 aliam
1352 4498 1466 4563 pemmis
1485 4496 1723 4563 aedificabuntur,
1746 4496 1794 4549 nbi

96 4585 204 4654 piorum
240 4582 373 4637 felicitate
406 4583 554 4652 accipitur,
589 4599 661 4654 quae
689 4583 794 4653 duplici
824 4584 1044 4676 uomineiadipe
1062 4584 1211 4648 frumenti,
1228 4601 1284 4636 non
1304 4585 1405 4636 cortice
1423 4583 1595 4637 samamenti
1608 4583 1724 4637 satiabit
1742 4601 1794 4636 nos

98 4679 205 4724 torreris
225 4668 333 4738 dicitur,
351 4674 408 4721 tum
423 4674 536 4738 propter
549 4671 681 4739 impetum
699 4676 727 4722 et
739 4667 856 4737 copiam,
875 4676 931 4722 tum
945 4674 1058 4738 ,Densi
1079 4669 1180 4723 Psalm.
1203 4674 1259 4736 126,
1276 4686 1301 4722 v.
1320 4676 1352 4723 51
1375 4669 1431 4730 Qut
1446 4670 1585 4722 seminant
1598 4669 1632 4729 ,in
1652 4665 1793 4736 lamponis,

99 4756 164 4827 quia
181 4754 255 4809 sieut
275 4761 382 4808 torrens
402 4771 537 4824 aquarum
557 4756 583 4808 vi
604 4760 632 4808 et
651 4754 753 4823 impetu
774 4753 1020 4819 1111111111-,1111
1040 4754 1223 4808 assultatione
1241 4762 1356 4823 metent;
1390 4772 1415 4809 v.
1435 4760 1463 4810 61
1493 4764 1587 4810 euntes
1605 4755 1681 4809 ibant
1700 4763 1727 4808 et
1744 4757 1792 4819 fle·

99 4841 206 4896 1111111
221 4858 313 4894 seeum
334 4840 468 4908 devolvit,
495 4842 534 4894 ita
558 4857 679 4910 superus
698 4839 824 4909 voluptas
842 4841 1025 4912 otnrsia.[bant
1045 4849 1196 4910 portantes
1220 4840 1372 4910 pretiosum
1398 4858 1507 4908 111111,
1535 4842 1673 4895 venientes
1701 4849 1793 4894 antem

98 4928 275 4984 delectationi
297 4927 434 4982 contraria
454 4927 481 4980 in
502 4934 644 4983 aeternum
665 4928 737 4981 tollit
755 4943 789 4982 ee
808 4926 932 4981 destruit.
945 4963 947 4971 ι
961 4929 1066 4982 vestient
1090 4946 1150 4982 eum
1178 4927 1362 4981 assultatione
1377 4935 1525 4995 portantes
1550 4928 1709 4994 manipnlos
1727 4946 1793 4981 suos

98 5015 234 5080 Quoniam
259 5033 323 5069 vere
348 5015 500 5068 similitudo
528 5015 671 5082 torrentis,
691 5013 738 5084 qui
757 5013 810 5068 eito
829 5013 1068 5085 defluit‚;tllatth.
1093 5021 1132 5080 13,
1158 5032 1184 5069 v.
1205 5018 1251 5068 39:
1279 5014 1382 5067 Messis
1407 5021 1448 5066 est
1471 5014 1672 5067 consummatio
1697 5012 1787 5065 secali

97 5101 243 5155 videbatur
261 5101 470 5153 diuturnitatem
489 5117 522 5152 ae
544 5101 735 5154 aeternitatem
755 5099 933 5153 beatitudinis
960 5101 1051 5158 Galat.
1072 5107 1096 5169 6,
1117 5119 1142 5154 r.
1163 5106 1191 5156 91
1222 5101 1333 5154 Bonum
1360 5107 1509 5168 operantes
1537 5117 1593 5154 non
1621 5100 1793 5167 deficiamus,

98 5193 235 5253 evertere,
263 5187 324 5240 ideo
343 5186 423 5239 addit
442 5185 580 5256 propheta
598 5185 705 5255 regius,
723 5186 790 5257 quia
810 5188 890 5256 apud
909 5195 934 5239 11
945 5197 1081 5281 *tempore
1101 5189 1173 5242 enim
1191 5206 1242 5241 ruo
1259 5195 1389 5242 1111111111
1406 5204 1463 5240 111
1480 5187 1658 5255 deficientes).
1693 5185 1793 5240 Psalm.

98 5283 137 5329 est
149 5276 223 5340 sons
234 5274 315 5340 11111,
336 5290 390 5342 quo
409 5272 519 5336 dieitur,
533 5289 612 5326 nemo
629 5271 774 5341 existimet,
792 5272 948 5338 beatorum}
963 5280 1018 5341 147,
1045 5293 1071 5329 v.
1092 5279 1242 5331 1311141
1272 5274 1329 5336 Qui
1346 5274 1444 5343 pontit
1469 5275 1538 5337 fines
1561 5280 1623 5326 tuos
1642 5289 1743 5341 paoem
1768 5280 1794 5327 et

98 5360 259 5415 felicitatem
285 5359 434 5430 aliquando
463 5358 627 5422 desituram,
655 5375 686 5412 eo
711 5358 784 5429 quod
806 5359 933 5413 torrentis
960 5361 1131 5428 confortavit
1156 5377 1237 5413 seras
1254 5368 1404 5430 portarum
1423 5367 1542 5413 tuarum.
1567 5359 1640 5428 (Hoe
1659 5358 1794 5414 Bernhar-

98 5447 277 5503 similitudine
299 5445 416 5502 eandem
443 5443 591 5516 expressit,
617 5444 684 5514 quia
703 5443 748 5499 hie
771 5451 877 5500 torrens
893 5448 1012 5524 orgdus
1039 5447 1114 5501 dieto
1139 5448 1200 5502 loco
1223 5446 1318 5502 itidem
1341 5446 1376 5501 nd
1400 5445 1546 5501 coelestem
1572 5445 1794 5515 Hierosolymam

98 5540 156 5588 tum
172 5533 257 5589 habet
273 5551 306 5588 ex
333 5532 409 5587 tonte
429 5532 549 5603 quodam
567 5530 695 5602 perenni,
720 5531 933 5604 quifflnunquam
946 5539 948 5551 .
960 5532 1158 5602 accommodat,
1176 5549 1248 5602 quae
1267 5540 1322 5586 tarn
1332 5531 1448 5586 tirmiter
1466 5531 1518 5587 erit
1529 5531 1644 5601 munita,
1661 5530 1795 5587 utnullus
