4050 6014
254 180 308 240 84,
893 172 1127 235 TRAC'I'A'I'US
1149 177 1311 235 TERTIUS

254 328 371 384 maxime
390 344 457 384 vero
476 327 641 393 novissimis,
666 325 750 383 finem
766 327 863 383 mundi
879 329 1088 401 antegressus-is.
1115 336 1223 401 spectat
1248 332 1388 386 malorum
1417 349 1534 402 operum
1568 333 1778 400 incrementum,
1807 331 1875 404 quie
1903 348 1951 404 per

254 416 297 470 De
315 413 481 471 Antichristi
504 414 577 470 enim
606 412 791 468 occidentalis
819 419 884 468 ante
910 413 1089 470 novissimum
1116 414 1247 492 ἀνομίαν,
1261 435 1332 489 quae
1345 418 1522 487 praedicitur,
1540 419 1749 489 multiplicanda
1762 436 1795 474 ac
1807 419 1952 475 dilatanda

256 500 329 558 diem
345 501 430 573 longe
445 501 556 572 lateque
571 499 739 557 dominaturi
754 501 903 571 tyrannide
915 501 1087 571 praedictum
1116 505 1203 558 omnis
1221 506 1330 575 generis
1351 507 1456 560 atrocia
1474 506 1588 576 delicta,
1614 515 1712 562 contra
1732 505 1848 576 primam
1866 511 1895 559 et
1913 521 1952 559 11

254 588 326 643 Dan.
345 594 385 654 11,
406 605 431 643 r.
446 593 492 645 111
522 587 616 640 Veniet
634 604 696 640 cum
715 586 911 654 indipnutiane
929 605 1042 657 1111911,
1059 597 1089 640 ut
1116 591 1235 645 cundem
1261 592 1388 663 decalogi
1413 592 1538 646 tabulam
1568 595 1728 661 commissa,
1758 592 1952 662 intelliguntur

254 673 348 729 dalem
368 681 393 727 et
411 673 564 738 interficiet
579 672 730 740 plurimos·
765 673 855 743 Apoc.
881 674 1088 740 11111131-
1119 682 1140 732 1.
1159 676 1223 732 loir.
1245 682 1268 739 3,
1288 695 1312 731 v.
1334 684 1359 733 1.
1395 677 1537 733 Posterius
1563 678 1706 733 concernit
1729 679 1864 731 bessorum
1889 694 1952 745 ope·

253 761 309 814 stia
327 777 399 828 qssae
418 760 568 813 urbeendit
588 761 624 811 de
644 759 753 827 abpsso,
770 759 861 824 faciet
875 760 1012 813 edemus
1023 776 1088 827 pro·
1115 781 1178 815 rum
1204 772 1229 816 et
1254 765 1343 817 omnis
1365 766 1482 835 pietatis
1508 767 1723 828 decrementum,
1752 763 1819 835 quia
1842 762 1952 822 1111111.

248 847 353 916 pletas
377 846 479 900 bellum
504 854 530 898 et
556 846 645 899 uincet
668 863 714 899 eos
739 853 765 898 et
784 847 891 899 occidet
909 861 963 898 eos.
1000 828 1160 914 Apoc'eui
1178 848 1266 918 frigus
1282 850 1465 905 obventurum
1484 851 1661 919 praedicitur,
1677 857 1718 904 est
1738 850 1808 921 legis
1826 847 1953 919 impletio

255 937 412 1002 11,1.1.11
430 937 469 988 13.
494 930 586 986 Draco
607 936 767 1000 persecutus
789 937 831 985 eet
849 930 999 999 mulierem,
1018 947 1089 1000 quae
1115 931 1215 988 Matth.
1238 940 1279 1004 11,
1304 942 1389 991 119.
1427 936 1506 1005 Rom.
1526 941 1566 1001 13,
1589 953 1614 988 v.
1635 940 1658 992 8.
1697 941 1719 989 1.
1738 935 1810 989 Tim.
1830 941 1853 1001 1,
1877 952 1904 987 v.
1929 939 1953 989 5.

252 1018 385 1073 ecclesiae
405 1024 504 1089 typum
530 1017 609 1088 gerit.
644 1016 732 1087 Apoc.
755 1021 793 1081 13,
812 1033 837 1070 v.
855 1021 883 1072 t:
913 1018 1022 1069 Datum
1049 1024 1089 1068 est
1115 1020 1239 1073 caritatis
1258 1037 1324 1091 ergo
1343 1022 1431 1092 frigus
1452 1029 1494 1075 est
1512 1023 1624 1091 pietatis
1645 1030 1673 1075 et
1687 1022 1823 1076 bonorum
1837 1037 1953 1091 operum

252 1105 356 1158 1111111
381 1105 483 1158 bellurn
511 1103 612 1168 facere
635 1120 697 1157 cum
720 1102 827 1155 sanctis
852 1110 878 1155 et
901 1102 1010 1155 cincus
1034 1118 1081 1155 eos
1115 1103 1271 1161 diminutio.
1307 1107 1413 1161 Similia
1430 1108 1564 1161 vaticinia
1582 1108 1616 1161 de
1635 1106 1777 1176 impietate
1802 1114 1830 1160 et
1848 1106 1952 1161 securi-

251 1190 341 1261 Apes.
361 1194 401 1255 11,
419 1207 447 1245 v.
464 1195 494 1245 6:
525 1189 592 1243 Vidi
609 1189 753 1243 mulierem
771 1187 877 1240 ebriam
895 1188 931 1241 de
949 1188 1088 1255 sanpuiue
1115 1196 1173 1245 1111
1202 1194 1466 1247 consummationem
1493 1194 1579 1247 seculi
1605 1201 1802 1263 antegressnra
1833 1192 1864 1246 in
1892 1192 1952 1246 aliis

251 1285 411 1331 sanderum
436 1283 461 1329 et
487 1278 522 1328 de
545 1275 681 1343 sanquine
707 1281 863 1342 martyrum
883 1274 961 1326 Jesu.
997 1273 1087 1342 Apoc,
1114 1275 1218 1330 Christi
1226 1278 1448 1348 etapostolorum
1456 1277 1636 1332 concionibus
1644 1285 1799 1333 occurrunt
1818 1277 1950 1343 1111111111.

254 1367 393 1433 18,1.211
414 1361 538 1432 Sanpeus
556 1361 760 1431 prophetarum
777 1368 803 1413 11
817 1368 977 1414 sanctorum
994 1361 1088 1414 inuen—
1115 1366 1158 1428 21,
1178 1379 1203 1419 v.
1223 1367 1270 1418 37:
1299 1364 1379 1418 Sicut
1399 1367 1509 1417 eratin
1528 1366 1626 1418 diebus
1646 1367 1742 1431 Noae,
1772 1367 1814 1418 ita
1843 1371 1870 1417 et
1896 1365 1951 1419 erit

251 1458 296 1504 tus
313 1458 353 1503 est
371 1449 402 1502 in
422 1449 534 1502 ciuitate
552 1432 606 1502 iila
623 1463 736 1515 mapne.
761 1446 849 1516 Apoc.
870 1451 910 1515 19,
929 1464 954 1500 v.
967 1451 996 1501 2:
1020 1446 1088 1500 Ven-
1115 1450 1251 1503 aduentus
1269 1450 1344 1503 Filii
1359 1450 1488 1505 bominis.
1523 1466 1548 1503 v.
1568 1455 1610 1507 38.
1632 1451 1711 1505 Sicut
1728 1452 1800 1504 enim
1820 1460 1904 1505 erant
1921 1452 1950 1504 in

252 1536 359 1590 dicauit
383 1536 462 1588 Deus
486 1535 651 1602 sanquinem
675 1549 818 1586 seruorum
836 1550 951 1585 errorum
977 1534 1012 1584 de
1029 1549 1086 1584 mu·
1116 1536 1214 1588 diebus
1232 1544 1296 1589 urite
1324 1536 1462 1590 diluuium
1487 1539 1661 1591 comedentes
1690 1547 1715 1591 et
1740 1539 1876 1602 bibentes,
1902 1555 1951 1590 nst·

251 1622 333 1675 nibus
369 1621 431 1691 ejus
469 1618 630 1688 [meretricis
662 1615 734 1672 illius
762 1617 903 1689 magnaei.
936 1619 1026 1686 Apoc.
1046 1622 1087 1673 19.
1116 1622 1206 1676 tentes
1224 1631 1386 1692 etnuptum
1403 1625 1502 1677 slantes
1519 1626 1560 1677 ud
1579 1641 1639 1677 eum
1669 1641 1756 1694 usque
1780 1624 1872 1688 diem,
1897 1640 1950 1695 qua

251 1725 278 1763 r.
293 1713 322 1764 4:
346 1706 413 1760 Vidi
426 1707 538 1762 animas
550 1704 753 1759 decollatorum
768 1702 1087 1774 proptertestirnonium
1115 1708 1259 1776 inpressas
1275 1717 1315 1764 est
1335 1711 1402 1763 Noa
1424 1712 1454 1763 in
1475 1727 1586 1775 areum,
1612 1728 1637 1765 v.
1658 1715 1697 1766 39.
1722 1718 1747 1763 et
1770 1728 1827 1765 non
1851 1728 1949 1778 capno·

250 1794 322 1847 Jesu
344 1800 371 1846 et
393 1800 512 1862 propter
536 1792 647 1846 uerbum
671 1791 738 1844 Dei.
773 1788 817 1844 De
841 1788 989 1843 orientalis
1008 1786 1088 1842 Anti·
1114 1803 1219 1858 verunt,
1245 1798 1333 1849 donec
1351 1797 1426 1849 uenit
1447 1796 1583 1850 dilnvium
1602 1805 1627 1848 et
1648 1797 1712 1849 tulit
1732 1813 1844 1864 omnes,·
1865 1797 1907 1849 ita
1924 1802 1951 1848 et

251 1877 345 1933 christi
364 1877 514 1950 tyrannide
531 1884 560 1933 et
577 1876 769 1948 persecutione
783 1874 835 1930 sub
855 1875 967 1931 nomine
980 1874 1046 1945 Gcg
1060 1880 1088 1927 et
1114 1881 1169 1933 erit
1189 1883 1325 1935 aduentus
1339 1883 1413 1936 Filii
1429 1883 1556 1937 11111111.
1592 1880 1696 1937 Confer
1712 1880 1781 1935 Luc.
1805 1887 1847 1951 11,
1864 1899 1891 1937 v.
1909 1885 1950 1943 16,

250 1963 356 2035 Magog
384 1963 552 2019 vaticinatur
577 1964 715 2035 propheta
741 1961 869 2016 Ezechiel
895 1978 919 2016 c.
938 1966 979 2016 39.
999 1968 1028 2013 et
1045 1964 1087 2015 39.
1114 1971 1143 2019 11
1174 1971 1215 2020 11.
1262 1965 1398 2022 Nimirum
1430 1968 1502 2022 sicut
1531 1967 1608 2022 Deus
1644 1968 1794 2039 flagrantes
1826 1966 1949 2021 libidinis

251 2048 389 2105 Nimirum
406 2048 536 2106 diabolus
553 2054 596 2105 111
615 2051 735 2102 menduc
762 2056 787 2102 et
807 2048 950 2101 homicida
977 2045 1041 2101 Joh.
1062 2050 1086 2112 8,
1114 2049 1238 2104 flammas
1256 2051 1351 2106 diluvii
1379 2053 1460 2123 aquis
1486 2054 1631 2120 exstinxit,
1658 2053 1697 2106 sic
1723 2051 1949 2124 refrigescentem

251 2152 277 2190 r.
298 2141 339 2192 11.
359 2135 424 2191 ideo
446 2135 530 2191 etiam
547 2134 621 2189 circa
640 2133 724 2189 finem
745 2133 841 2187 mundi
855 2150 961 2201 purum
981 2139 1087 2201 tempe·
1113 2141 1142 2190 et
1167 2153 1256 2208 paene
1280 2138 1441 2193 exstinctam
1468 2139 1543 2193 circa
1571 2139 1654 2193 finem
1681 2138 1777 2193 mundi
1804 2140 1947 2193 1111111111

250 2221 293 2275 ris
317 2221 411 2274 adbuc
434 2237 581 2290 superesse
605 2221 696 2275 sciens
721 2222 806 2290 Apoc.
830 2224 869 2288 12,
887 2234 912 2271 v.
932 2221 970 2272 12.
996 2215 1086 2271 multi·
1113 2222 1172 2294 igni
1200 2223 1313 2277 coelesti
1339 2224 1490 2279 succendet
1516 2230 1539 2281 2.
1560 2225 1635 2281 Ρ111.
1653 2230 1678 2294 3,
1701 2243 1727 2282 v.
1747 2229 1788 2280 19.
1824 2224 1853 2294 2)
1880 2222 1948 2279 Luc.

250 2306 981 2380 911111111111111111119111111111111,1119111
1008 2301 1085 2356 blan·
1116 2313 1199 2370 1¹1‚v‚
1222 2314 1268 2364 28:
1302 2308 1382 2363 Sicut
1402 2318 1464 2364 erut
1493 2311 1521 2362 tn
1547 2311 1644 2363 auem
1663 2310 1751 2378 Lori,
1778 2312 1899 2364 edebam
1922 2318 1947 2363 ss

251 2397 328 2452 ditiis
343 2395 499 2451 haeresium
516 2396 641 2450 inescare
657 2399 792 2465 nequeat,
820 2408 867 2446 eos
895 2395 1000 2445 terrore
1025 2403 1085 2456 per·
1113 2394 1246 2458 bibebant,
1265 2396 1390 2449 emebant
1409 2395 1616 2460 attendebant,
1636 2396 1813 2469 plantabunt.
1826 2404 1852 2449 et
1869 2396 1947 2449 aedi·
2010 2408 2017 2419 ·

251 2483 423 2539 secutionem
443 2481 563 2553 franget.
598 2479 772 2552 Augustinus
792 2479 821 2532 in
839 2481 958 2532 enarrat.
983 2473 1085 2528 Psalm.
1107 2481 1252 2550 fluebant,-
1278 2499 1304 2537 v.
1323 2486 1363 2536 19.
1383 2499 1439 2550 qua
1457 2482 1504 2534 die
1522 2489 1615 2534 autem
1639 2482 1706 2534 sciit
1723 2482 1794 2534 Lotis
1820 2497 1835 2534 e
1857 2481 1946 2536 Soda-

252 2574 280 2626 9:
308 2570 410 2625 Prima
431 2569 590 2638 persecutia
617 2567 750 2621 ecelesiae
777 2565 902 2619 riolsrdu
928 2562 999 2629 fuit,
1025 2577 1086 2613 cum
1112 2566 1174 2628 mis,
1187 2566 1267 2635 pluit
1284 2567 1375 2637 ipnem
1394 2573 1421 2620 et
1440 2567 1538 2630 sulfur
1557 2568 1592 2620 de
1610 2567 1687 2621 coele
1706 2574 1732 2619 et
1746 2568 1879 2638 perdidit
1892 2585 1947 2620 om·

247 2655 511 2725 proscriptionibus,
534 2653 686 2720 tormentis,
710 2651 843 2706 caedibus
863 2647 1022 2705 Christiani
1046 2647 1087 2698 ad
1112 2667 1170 2705 nes.
1206 2670 1232 2707 v.
1251 2657 1292 2708 39.
1323 2654 1482 2707 Secundum
1507 2654 1577 2706 buce
1606 2655 1674 2721 erit,
1701 2670 1758 2720 qua
1782 2654 1829 2706 die
1854 2653 1948 2708 itlius

250 2741 421 2805 σοον-11111111
449 2747 629 2809 caperentur;
658 2739 752 2792 111111
776 2738 933 2807 persecutio
963 2734 1086 2800 frundu-
1111 2737 1231 2791 bominis
1246 2739 1426 2792 revelabitur.
1461 2738 1495 2792 ln
1516 2740 1623 2793 Graeco
1643 2737 1729 2792 verba
1748 2732 1859 2807 ἤσθιον,
1886 2740 1948 2796 ἔπι·

251 2827 328 2881 lsnta
345 2834 401 2894 est,
426 2843 589 2897 91111111
610 2841 666 2894 per
684 2825 839 2878 temelicos
858 2830 884 2875 et
904 2821 999 2885 falsos
1017 2820 1086 2886 sra-
1112 2844 1170 2890 νον,
1185 2821 1319 2897 ἐγάμουν,
1337 2827 1539 2899 ἐξεγαμίζοντο,
1560 2822 1703 2899 ἠγόραζον,
1718 2820 1856 2891 ἐπώλουν,
1876 2824 1946 2898 1φῦ-

251 2919 439 2982 1111199119
465 2913 552 2966 tertie
570 2918 698 2983 msperest
718 2927 771 2979 per
793 2908 998 2962 Antichristum
1022 2921 1085 2959 uen-
1112 2931 1201 2979 nvos,
1227 2907 1406 2986 ᾠκοδόμουν,
1433 2910 1590 2972 incultius
1610 2910 1701 2980 posita
1718 2916 1797 2976 sunt,
1821 2918 1853 2965 ut
1872 2910 1947 2981 supi·

251 3004 326 3066 tura,
345 3014 401 3068 911
418 2998 490 3052 uuit
503 2999 702 3068 perniciosius,
727 2995 858 3066 quantam
876 3002 902 3047 et
920 2993 1045 3047 uiolenta
1060 2999 1086 3044 et
1111 3013 1176 3050 nam
1197 2995 1340 3051 hominum
1367 3003 1432 3050 ante
1460 2996 1660 3051 diluvianorum
1687 3003 1715 3051 et
1740 2996 1947 3052 Sodomitarum

242 3084 438 3153 fraudulenta
457 3085 521 3147 trit·
538 3084 596 3140 uim
613 3083 724 3137 babebit
743 3083 773 3137 in
795 3080 923 3150 imperio,
943 3079 1040 3132 dolum
1055 3078 1086 3130 iu
1111 3083 1285 3137 securitatem
1306 3083 1428 3152 pressius
1447 3088 1573 3152 arguant.
1602 3082 1632 3152 3)
1650 3081 1717 3139 Luc.
1740 3088 1780 3146 18,
1798 3100 1825 3137 v.
1844 3088 1876 3139 8:
1899 3084 1947 3139 Ve-

250 3169 404 3223 ms'raculs's.
1110 3177 1257 3222 runtamen
1283 3169 1378 3221 Filius
1404 3169 1525 3221 bominis
1551 3169 1663 3220 venium
1694 3186 1757 3220 num
1785 3176 1876 3236 putas
1905 3170 1946 3223 in·

125 3266 147 3309 1.
173 3264 239 3316 enut-
286 3259 326 3310 88.
364 3261 388 3309 1.
408 3255 534 3323 Supince
550 3255 711 3309 securitatis
730 3262 756 3308 et
773 3254 918 3327 prejectus
930 3251 1084 3320 impietatis
1110 3256 1200 3309 ueniet
1225 3256 1309 3318 fidem
1331 3256 1361 3307 in
1385 3256 1485 3307 terrui
1520 3253 1658 3323 Loquitur
1682 3252 1823 3322 Salvator,
1848 3261 1881 3309 ut
1903 3273 1946 3310 su·
2010 3299 2013 3305 .

109 3328 239 3411 ,will
251 3340 401 3394 inundatio
416 3349 500 3412 atque
516 3350 754 3396 murmuriosum
767 3339 969 3394 consceleratis
985 3335 1083 3390 Metth.
1111 3342 1204 3412 purius
1225 3341 1390 3407 monuimus,
1411 3339 1445 3392 de
1464 3356 1529 3393 vera
1547 3348 1575 3394 et
1589 3338 1711 3393 salvifica
1723 3339 1786 3406 fide,
1805 3357 1879 3410 quac
1898 3340 1946 3396 ob·

121 3420 222 3464 ‘'¹⁸2¹0·
252 3434 336 3494 111.
362 3433 407 3484 12:
429 3428 564 3490 Quoniam
583 3427 738 3482 abundabit
758 3425 900 3494 iniquitas,
917 3425 1086 3491 resripescet
1111 3427 1168 3482 lata
1187 3427 1216 3480 in
1234 3426 1318 3481 verbo
1340 3425 1476 3495 evangelii
1490 3424 1625 3480 beneficia
1642 3423 1808 3479 fiducialiter
1820 3427 1947 3496 amplexu

229 3517 357 3568 scuritas
381 3515 539 3568 msrdorum.
576 3512 695 3578 Quidam
714 3510 871 3582 specialiter
889 3510 1030 3579 accipiunt
1049 3511 1083 3562 de
1111 3531 1161 3583 per
1180 3513 1280 3567 seriam
1298 3512 1460 3576 orationem,
1487 3511 1618 3565 sinceram
1640 3509 1783 3564 caritatem
1809 3517 1838 3567 et
1858 3512 1945 3566 omnis

248 3600 374 3670 caritate,
392 3600 502 3670 quaein
518 3598 609 3655 Deum
623 3597 720 3667 fertur,
739 3605 771 3651 ut
786 3595 964 3667 significetur,
978 3595 1081 3665 pleros·
1110 3601 1219 3671 generis
1238 3600 1311 3655 bona
1332 3615 1418 3667 opera
1441 3613 1501 3652 sese
1527 3597 1628 3650 exserit
1651 3595 1713 3650 Gal.
1734 3602 1758 3663 b,
1778 3614 1803 3650 v.
1824 3603 1849 3653 6.
1885 3598 1944 3653 111.

249 3702 304 3759 qne
335 3693 450 3756 propter
476 3685 688 3740 invalescentem
717 3682 1023 3753 pseudoprophetarum
1055 3687 1084 3734 et
1111 3691 1134 3755 2,
1153 3704 1180 3738 v.
1198 3689 1236 3740 18.
1258 3686 1318 3755 ejus
1335 3685 1409 3739 eirca
1428 3683 1510 3737 finem
1528 3682 1623 3737 mundi
1642 3689 1706 3735 ante
1724 3682 1854 3736 ultimum
1866 3700 1944 3738 suum

248 3778 455 3843 persecutorum
496 3771 670 3841 iniquitatem
712 3768 869 3823 defecturos
912 3784 930 3821 a
968 3768 1083 3821 caritate
1110 3772 1260 3826 adventum
1277 3786 1405 3840 magnam
1425 3769 1453 3822 in
1473 3769 1553 3823 terris
1571 3767 1707 3838 praedicit
1720 3767 1780 3823 fore
1793 3770 1944 3839 penuriam,

248 3860 316 3927 Dei,
343 3875 425 3929 quem
453 3874 503 3929 per
526 3856 609 3910 fidem
636 3855 753 3926 diligere
779 3861 943 3924 coeperant,
971 3853 1083 3908 additur
1109 3875 1142 3911 ac
1164 3857 1281 3926 proinde
1308 3857 1391 3911 etiam
1418 3856 1530 3926 pietatis
1557 3855 1680 3909 studium
1710 3853 1877 3910 diminutum
1902 3854 1943 3917 iri,

248 3945 335 4008 enlm,
368 3945 417 4013 111
442 3952 534 3997 aulem
561 3939 784 4011 permutaverit
811 3957 897 4008 1111116
923 3941 965 3992 ad
993 3942 1082 4003 finem,
1110 3943 1176 4009 cuia
1199 3942 1344 3996 deficiente
1366 3943 1442 3996 fonte
1470 3941 1552 3994 rivuli
1576 3940 1667 3995 solent
1691 3939 1832 3995 exsiccari.
1869 3940 1895 4008 1)
1919 3945 1968 3995 2.·

248 4031 344 4085 salmis
364 4031 425 4084 erit.
452 4028 508 4084 Sed
528 4034 620 4099 potest
636 4027 666 4080 in
685 4042 786 4099 genere
804 4027 893 4097 accipi
912 4027 947 4080 de
966 4027 1082 4080 caritate
1109 4028 1207 4085 Thess.
1230 4035 1252 4092 1,
1272 4046 1296 4084 v.
1316 4033 1338 4082 1.
1365 4025 1506 4096 apostolus
1526 4025 1698 4081 Antichristo
1722 4043 1771 4095 per
1792 4026 1943 4096 apparitio·

248 4116 303 4171 Dei
322 4122 350 4170 et
368 4115 493 4187 proximi,
514 4130 584 4186 quae
599 4113 773 4182 refripescet,
798 4112 851 4167 hoc
869 4119 910 4166 est
929 4112 1081 4178 exstingue·
1109 4132 1172 4169 nem
1191 4114 1326 4168 adventus
1345 4112 1445 4168 Christi
1466 4111 1633 4166 destruendo
1654 4112 1760 4182 tribuit,
1787 4112 1864 4183 quod
1882 4129 1942 4181 ope-

250 4208 296 4257 tur
315 4203 359 4256 rel
375 4209 449 4256 certe
469 4201 647 4267 diminuetur,
672 4199 738 4270 quia
756 4199 858 4253 caritas
876 4203 918 4251 est
937 4197 1010 4267 ignis
1028 4198 1080 4267 spi·
1109 4210 1188 4253 retur
1206 4200 1367 4267 mysterium
1388 4200 1435 4268 τῆς
1453 4196 1587 4272 ἀνομίας,
1613 4212 1646 4250 11
1663 4215 1689 4252 v.
1709 4202 1733 4252 8.
1751 4197 1843 4266 ipsum
1864 4202 1944 4254 vocat

249 4286 357 4342 ritualis
382 4286 514 4340 divinitus
540 4285 568 4341 in
592 4285 675 4340 corde
698 4301 844 4348 accensus,
872 4285 984 4355 quando
1010 4284 1083 4338 illius
1110 4284 1231 4359 ἀνομον,
1255 4302 1311 4340 non
1331 4285 1472 4339 doctrinae
1492 4289 1614 4351 tantum,
1637 4282 1789 4337 sedetiam
1806 4283 1881 4339 vitae
1904 4300 1943 4338 re·

250 4373 326 4429 calor
350 4372 517 4444 refrigescit,
540 4377 607 4426 tunc
634 4371 735 4426 caritas
761 4371 959 4441 exstinguitur,
986 4379 1084 4426 contra
1110 4379 1222 4442 speetu,
1243 4379 1301 4425 tum
1321 4372 1385 4441 quia
1403 4370 1462 4438 ipse
1483 4384 1593 4435 prorsus
1614 4369 1691 4422 exlex
1706 4385 1766 4423 esse
1780 4368 1857 4424 volet
1874 4369 1944 4425 Dan.

122 4476 315 4521 1111191111
334 4456 440 4534 ἀνομία
460 4456 549 4513 eidem
573 4459 715 4527 opposita,
740 4456 769 4510 id
792 4462 834 4510 est
861 4457 949 4511 omnis
975 4457 1084 4526 generis
1110 4466 1135 4521 9,
1154 4477 1178 4511 v.
1193 4463 1233 4513 33.
1254 4457 1343 4512 omnis
1363 4454 1482 4528 ἀνομίας
1502 4461 1529 4508 11
1548 4453 1659 4516 ἀταξίας
1676 4455 1705 4508 in
1725 4455 1829 4509 mundo
1848 4463 1943 4510 auctor

250 4544 355 4600 delicta
371 4544 476 4612 ubique
495 4542 673 4598 invalescent,
708 4541 745 4595 Et
762 4557 830 4596 sane
850 4541 877 4594 in
894 4541 1025 4609 ludaeis,
1050 4542 1084 4595 de
1112 4545 1170 4598 erit.
1197 4545 1223 4610 b)
1244 4549 1267 4597 1.
1288 4543 1358 4595 Tim.
1380 4548 1402 4594 3.
1421 4558 1447 4596 v.
1470 4546 1490 4594 1.
1509 4540 1633 4594 homines
1652 4540 1726 4593 circa
1746 4538 1830 4594 finem
1849 4539 1943 4595 mundi

251 4628 352 4701 quibus
370 4629 548 4702 peculiariter
563 4633 592 4682 11
613 4624 803 4696 principaliter
824 4624 949 4679 Christus
976 4625 1021 4681 hic
1046 4628 1085 4683 lo·
1111 4631 1140 4684 in
1166 4628 1245 4683 terris
1275 4627 1375 4681 victuri
1405 4625 1545 4696 graphicis
1572 4625 1710 4680 coloribus
1745 4624 1942 4696 depinguntur.

253 4716 355 4787 quitur,
375 4713 487 4769 abunde
505 4712 574 4767 illud
590 4711 644 4766 fnit
661 4712 838 4782 completum,
857 4711 922 4783 quia
940 4711 974 4766 de
987 4711 1085 4767 Hiero·
1113 4716 1200 4779 Scito,
1220 4715 1297 4781 quod
1318 4715 1347 4764 in
1365 4712 1522 4765 nouissimis
1542 4712 1712 4783 temporibus
1725 4709 1868 4763 instabunt
1880 4720 1943 4766 tem·

253 4802 360 4873 solyma
380 4800 538 4871 Egesippue
556 4807 585 4852 et
603 4796 739 4852 Eusebius
758 4803 903 4862 testantur,
925 4798 1000 4866 quod
1021 4804 1085 4852 ante
1109 4818 1185 4869 pora
1200 4799 1379 4867 periculosa,
1403 4815 1427 4851 v.
1450 4798 1664 4851 uernularum
1689 4797 1814 4849 homines
1843 4802 1943 4870 ‹plicu-

252 4886 471 4941 devastationem
502 4884 587 4939 fuerit
613 4884 722 4938 sentina
751 4883 872 4936 omnium
898 4881 1826 4981 ,11191111111111119ι1ἀργυροι,ρνομνὶἰλιοηονὶε1111ίυὶ11111
1840 4883 1943 4953 cupidi,

254 4971 291 5026 Ut
314 4977 407 5027 1111111
434 4971 576 5040 superiora
605 4968 727 5023 vaticinii
761 4966 885 5022 membra
916 4969 952 5022 ad
983 4975 1084 5023 statum
1111 4972 1284 5040 jactabundi,
1304 4970 1426 5039 superbi,
1447 4971 1610 5038 blasphemi,
1632 4969 1801 5039 perentibus
1820 4969 1942 5025 inobedi-

252 5056 466 5111 uorissimorum
485 5061 639 5125 temporum
658 5053 821 5108 secundario
840 5060 869 5107 ct
885 5064 1086 5125 consequenter
1113 5065 1202 5116 entes,
1227 5055 1348 5122 inpruti,
1373 5055 1497 5125 scelesti,
1525 5072 1549 5110 v.
1575 5060 1599 5109 3.
1624 5049 1771 5131 ἄστοργοι,
1796 5048 1944 5123 teresse,

253 5141 456 5197 accommodari
474 5145 606 5211 possunt,
631 5139 671 5193 ita
689 5156 799 5211 quoque
819 5138 853 5193 de
872 5137 926 5194 hoc
945 5139 1006 5208 ipso
1026 5157 1086 5195 ora·
1113 5140 1337 5207 eulunrniutorcs,
1362 5141 1576 5208 incontinentes,
1599 5141 1733 5205 imeritus,
1758 5136 1943 5213 ἀφιλάγαθοι,

252 5227 316 5283 culo
335 5227 520 5282 statuendum.
553 5224 618 5282 Duo
638 5225 725 5297 igitur
742 5224 897 5281 novissimis
915 5225 1086 5294 temporibus
1112 5245 1138 5280 v.
1158 5231 1182 5282 1.
1199 5226 1371 5294 proditores,
1386 5226 1523 5294 protervi,
1549 5226 1649 5293 inflati,
1669 5221 1820 5298 malitiosos
1836 5223 2017 5300 pertmuss

253 5320 389 5368 eventura
408 5312 544 5383 praedicit
564 5310 700 5381 Salvator,
718 5328 790 5382 quae
811 5311 928 5366 invicem
949 5326 983 5365 1ο
1003 5311 1086 5366 modo
1112 5310 1129 5380 ἢ
1148 5308 1286 5383 φιλόθεοι,
1306 5319 1370 5367 15.
1389 5312 1519 5365 lubentes
1536 5312 1661 5373 formam
1678 5311 1804 5380 aliquam
1820 5312 1944 5383 pietatis,

252 5411 379 5452 connexa
396 5405 469 5466 sunt,
486 5404 519 5452 ut
535 5397 672 5467 posterius
685 5415 718 5452 ex
731 5399 823 5468 priore
836 5402 977 5468 sequatur.
1003 5395 1086 5450 Prius
1112 5400 1164 5451 sed
1181 5399 1311 5452 uirtutem
1326 5399 1388 5466 ejus
1408 5401 1583 5467 strepentes.
1607 5398 1683 5454 Dicti
1703 5397 1787 5468 hujus
1800 5395 1944 5469 apostolici
