4012 6022
684 262 1088 336 DERCONSUMMATIONE
1108 263 1252 322 sucum.
1761 277 1817 333 tea

121 416 201 487 paulo
223 415 307 474 aliter
324 416 445 489 legitur).
480 423 505 472 ·3.
525 419 573 472 Ee
587 418 717 488 psalmis.
742 416 842 473 Psalm
863 426 905 484 16,
929 437 955 472 v.
985 418 1020 473 de
1038 416 1195 473 omnimoda
1213 420 1251 473 rei
1273 419 1427 490 perditione
1451 429 1614 492 usurpatum
1639 422 1752 489 21553
1779 424 1819 475 e'n·

121 503 147 556 3':
174 504 242 558 Non
264 503 430 572 timebimus,
453 504 482 558 si
503 510 583 558 terra
600 505 662 559 loco
680 521 731 559 saw
755 511 912 559 moventes
932 512 957 558 et
983 512 1123 559 veteratur
1141 512 1189 571 cst,
1209 513 1343 560 uetustate
1360 507 1452 570 truso,
1476 508 1591 561 aurita
1611 515 1637 560 ct
1661 491 1820 562 coninnstue
1881 568 1886 575 ¹

122 595 225 645 tomes
242 591 273 645 in
294 591 416 645 medium
433 607 510 644 mare
526 589 799 661 praecipitarentur.
824 589 954 659 (Quidam
967 578 970 646 i
983 597 1024 645 est
1046 590 1135 645 instar
1158 591 1316 646 vestimenti
1346 593 1483 647 vetustate
1514 576 1622 662 attriti,¹
1645 591 1766 649 Thomas
1789 594 1818 649 in

120 674 259 748 accipiunt
287 681 319 731 ut
347 676 534 730 conditionem
553 676 769 747 impossibilem,
796 676 819 731 si
835 675 879 732 vel
898 692 955 732 ma·
982 681 1128 734 comment.
1148 677 1183 733 ad
1200 677 1286 735 Hebe.
1309 682 1336 734 1:
1357 678 1437 732 Sient
1455 676 1646 733 restituentem
1665 680 1832 734 assandas*

121 761 193 819 dms
215 761 309 819 omnia
333 761 361 816 in
385 761 490 817 mundo
513 761 553 818 ita
574 763 767 832 turbarentur,
790 769 822 818 ut
850 765 1025 819 montesaet
1040 781 1129 827 mam,
1148 770 1417 817 ceramussense
1436 765 1603 834 deponitur,
1621 766 1737 820 siccum
1755 770 1818 830 fae·

120 850 145 902 in
164 864 215 903 cor
233 846 318 902 maria
337 847 593 919 praecipitarentur,
613 847 687 918 quod
712 866 855 920 nunquam
880 848 954 903 futu·
967 814 969 930 i
982 849 1021 902 rit
1039 850 1194 918 completas
1214 851 1365 905 electorum
1382 867 1522 917 numerus,
1540 853 1693 907 mutabitur
1713 853 1819 908 coelum

119 951 178 990 rum
199 939 249 999 est,
270 937 363 988 tamen
389 950 443 989 uon
466 935 640 1002 timeremus,
665 935 714 989 sed
738 934 846 1006 reliqua
872 931 969 1002 dicta‚i
983 936 1068 1003 prensi
1087 936 1287 1006 uestimentum,
1306 937 1451 1006 quiajam
1468 937 1590 1007 amplisu
1608 941 1754 993 adrerum
1791 955 1817 994 e-

119 1035 190 1092 quae
208 1018 245 1076 de
265 1018 362 1074 mundi
380 1019 499 1075 bansitu
514 1020 666 1091 loquuntur
683 1037 717 1075 ac
735 1020 905 1091 subsequens
929 1002 1155 1074 vincentianam
1179 1029 1205 1075 et
1222 1010 1440 1091 sumptionem
1455 1041 1511 1076 non
1534 1024 1659 1080 insessit.
1703 1027 1729 1092 3)
1756 958 1814 1101 lig¹

119 1113 141 1162 t.
160 1111 296 1162 tutatum
314 1104 443 1172 reddunt,
457 1105 530 1161 hanc
545 1104 731 1161 conditionem
747 1106 883 1177 adjectam
900 1123 954 1160 non
979 1108 1136 1177 praerniit,
1161 1110 1281 1173 transiit,
1306 1110 1415 1163 interiit
1436 1108 1528 1165 Cant:
1541 1116 1564 1179 2,
1584 1128 1610 1164 v.
1637 1118 1677 1167 11.
1702 1111 1775 1167 Esai.
1795 1120 1818 1181 2,

119 1194 248 1263 esse'pro
265 1190 431 1263 impossibili
443 1191 606 1248 habendam.
626 1191 801 1263 Augustinus
814 1193 843 1246 in
857 1207 954 1247 comm.
982 1211 1006 1246 v.
1025 1198 1062 1249 18.
1084 1195 1155 1250 Dan.
1174 1203 1198 1264 4,
1216 1212 1241 1247 v.
1261 1199 1301 1250 23.
1323 1199 1363 1250 25.
1383 1200 1422 1250 32.
1454 1202 1476 1250 3.
1497 1198 1659 1262 Antithesis,
1678 1206 1709 1252 tu
1727 1197 1819 1252 auten

118 1278 223 1350 accipit
251 1279 287 1333 de
305 1278 484 1333 conseruere
504 1279 625 1348 pentr'rnn
654 1295 705 1349 per
723 1277 955 1348 praedicationem
977 1296 1128 1350 permanes
1145 1298 1171 1335 v.
1183 1287 1224 1337 27,
1243 1289 1272 1334 ta
1293 1280 1368 1333 idem
1382 1281 1444 1352 ipse
1457 1297 1486 1335 es
1498 1289 1525 1335 et
1543 1285 1613 1337 anni
1628 1286 1672 1339 tui
1682 1289 1737 1339 non
1750 1287 1818 1350 defi-

121 1363 267 1436 erangeli'a
301 1363 422 1429 Quidam
443 1363 619 1436 allegoricam
637 1369 780 1418 sectantur
794 1363 955 1433 interpreta-
982 1367 1145 1422 recurvae.
1177 1364 1335 1420 Praetixum
1348 1366 1377 1419 in
1390 1383 1458 1422 voce
1479 1368 1564 1445 tuph]
1584 1373 1659 1424 recte
1671 1355 1818 1439 exponitur

117 1451 228 1520 tionem
248 1466 301 1520 per
319 1456 420 1504 terram
447 1449 605 1521 intelligunt
629 1450 750 1520 imperia
773 1449 857 1517 breina
879 1467 954 1503 mun·
982 1451 1166 1517 adversative,
1185 1451 1305 1506 ostendit
1322 1452 1395 1507 enim
1415 1454 1620 1520 senes'tertns,
1639 1455 1746 1510 institui
1769 1473 1817 1528 op-

117 1539 156 1605 ἀπ’,
172 1551 246 1608 quas
273 1533 376 1592 diaboli
396 1534 518 1605 impulsu
536 1534 623 1589 veluti
641 1539 732 1590 terrac
753 1535 873 1606 quadam
890 1553 952 1590 con·
966 1560 969 1574 =
981 1536 1146 1609 positionem
1166 1537 1237 1590 inter
1257 1537 1327 1593 coeli
1348 1544 1495 1612 anaeque
1513 1541 1661 1610 interitum,
1680 1547 1708 1596 et
1732 1541 1818 1596 stabi·

116 1623 244 1679 cessione
260 1621 395 1678 acerrime
413 1621 589 1688 colliduntur,
610 1627 779 1691 permontes
802 1638 868 1675 rere
892 1622 953 1674 dio·
981 1623 1035 1678 lom
1065 1639 1098 1678 ac
1115 1621 1198 1677 fixum
1220 1623 1331 1680 divinae
1351 1628 1488 1682 essentiae
1505 1633 1616 1683 statum.
1636 1628 1716 1682 Anni
1731 1635 1816 1685 meta·

117 1709 203 1778 bolos,
221 1706 271 1781 qui
290 1708 318 1762 in
339 1724 387 1762 cor
404 1706 463 1762 sire
488 1707 609 1762 medium
632 1706 716 1761 maris
740 1714 824 1762 nsunt
848 1707 952 1778 praeci·
981 1709 1094 1780 phoricc
1119 1708 1180 1764 Deo
1213 1710 1375 1767 tribuuntur
1403 1713 1576 1769 durationem
1602 1714 1762 1769 continuam
1790 1721 1818 1769 et

115 1795 196 1867 pisse,
213 1793 245 1849 id
265 1799 307 1851 est
323 1792 493 1850 insanientes
513 1793 652 1865 principes
672 1809 705 1848 ac
730 1794 850 1865 populos
873 1793 1135 1866 bellielsimplicem
1167 1794 1345 1860 denotantes,
1377 1799 1443 1869 quia
1470 1799 1660 1855 aeternitatem
1685 1800 1816 1855 nonnisi

115 1882 237 1938 invicem
254 1880 437 1944 committunt,
452 1880 570 1936 ecclesia
580 1881 668 1935 instar
683 1879 754 1934 arcis
769 1880 882 1951 scopulo
904 1881 952 1935 im·
980 1895 1031 1950 per
1048 1880 1188 1951 quandam
1202 1882 1334 1952 temporis
1350 1885 1551 1940 successionem
1569 1886 1703 1956 perpetuo
1716 1885 1815 1940 duran·

114 1967 225 2039 positae
236 1966 279 2022 *in
292 1966 390 2022 mediis
403 1967 579 2037 imperiorum
592 1966 679 2021 ruinis
693 1965 824 2021 incolumi
840 1966 952 2021 interim
981 1972 1037 2020 tem
1055 1966 1200 2036 concipere
1225 1984 1378 2038 possumus,
1402 1969 1532 2023 dicuntur
1557 1977 1649 2025 antem
1673 1971 1739 2026 anni
1762 1971 1817 2028 Dei

113 2067 261 2110 manentes
286 2052 324 2106 les
341 2068 408 2107 sane
424 2050 556 2122 congruit
572 2053 641 2108 hacc
660 2052 852 2121 interpretatio
871 2052 951 2122 phra-
981 2068 1037 2104 non
1055 2053 1184 2120 deficere,
1202 2071 1258 2106 non
1279 2056 1413 2122 consumi,
1431 2053 1503 2109 sicut
1521 2054 1579 2110 dies
1596 2061 1625 2110 ct
1642 2057 1708 2111 anni
1725 2058 1813 2112 nostri

66 2161 101 2204 ιε,
113 2141 191 2196 sibus
205 2139 338 2211 loquendi
357 2139 386 2193 in
411 2139 554 2208 Scriptura
572 2140 682 2194 usitatis
706 2139 807 2194 Psalm.
824 2145 864 2203 33,
883 2156 909 2192 v.
928 2146 952 2195 3.
982 2137 1082 2191 Psalm.
1104 2145 1146 2204 30,
1167 2155 1193 2197 v.
1213 2146 1237 2194 9.
1256 2141 1323 2211 quia
1342 2145 1408 2194 urnt
1428 2141 1489 2194 dies
1506 2148 1532 2194 et
1550 2141 1621 2194 anni
1643 2144 1817 2197 cambutis

112 2225 313 2291 psalmone.
332 2229 373 2281 33.
391 2223 451 2281 Jer.
472 2231 513 2292 51,
531 2243 558 2279 v.
578 2231 619 2280 25.
640 2225 723 2280 Zaeh.
741 2231 766 2289 4,
783 2233 845 2281 Η.
865 2225 953 2294 Apoc.
983 2231 1005 2278 2.
1022 2224 1094 2278 Petr.
1113 2229 1229 2293 3,7.13.
1259 2233 1282 2281 1.
1303 2229 1349 2280 Eu·
1362 2228 1519 2298 prophetis,
1539 2227 1743 2292 hissenus:-
1762 2230 1948 2303 Tamum.

116 2321 138 2383 3,
157 2330 185 2367 v.
205 2316 230 2368 3.
254 2311 365 2366 interim
390 2326 452 2366 cum
473 2327 573 2366 ⁴seruans
596 2311 710 2367 literalis
733 2312 838 2366 nnllam
862 2328 954 2367 secum
983 2310 1069 2363 bescet
1090 2311 1180 2363 omnes
1200 2312 1304 2365 militia
1319 2312 1459 2367 coetorum
1473 2321 1497 2368 et
1509 2314 1751 2381 complicabuntur
1764 2316 1818 2370 sic·
1832 2304 1916 2354 Μ’·

114 2398 207 2454 trabat
223 2397 426 2453 absurditatem
455 2397 602 2471 analogiae
623 2398 688 2452 fidei
712 2397 866 2469 adversm
891 2399 955 2454 ideo
982 2403 1012 2448 ot
1036 2396 1106 2450 liber
1132 2396 1211 2464 coeti,
1235 2405 1261 2451 et
1279 2399 1367 2452 omnis
1382 2399 1487 2453 melina
1505 2416 1601 2455 eorum
1622 2403 1734 2472 defluet,
1749 2389 1821 2457 secta

115 2501 171 2541 una
191 2502 256 2541 cum
280 2484 508 2556 interpretatione
530 2484 681 2556 allegorica
704 2484 818 2541 retineri
843 2489 956 2556 potest.)
984 2483 1083 2550 defluit
1099 2482 1201 2544 folium
1221 2485 1256 2536 dv
1273 2484 1355 2539 vieta
1375 2492 1401 2539 ti
1419 2489 1453 2539 dt
1478 2487 1541 2549 iim·
1578 2487 1697 2550 Quidem
1716 2488 1820 2560 aecipi-

114 2571 218 2631 Ρηιιῃ,
238 2576 280 2640 72,
301 2587 327 2623 v.
348 2577 377 2625 τε
395 2570 524 2624 Flos-ebir
541 2570 573 2624 ia
588 2588 675 2640 rapae
692 2571 817 2625 Messias
833 2572 956 2625 mutua·
982 2572 1034 2620 unt
1057 2567 1086 2621 in
1110 2584 1192 2622 sensu
1214 2569 1419 2638 metaphorice,
1447 2575 1479 2624 ut
1500 2571 1654 2627 animorum
1681 2590 1769 2644 angor
1793 2578 1822 2628 et

115 2660 150 2712 de
173 2657 268 2727 pacis,
288 2658 352 2730 m)
370 2640 491 2731 757172,
520 2660 608 2710 etonec
637 2674 693 2710 non
719 2657 843 2726 amplias
874 2659 952 2711 lana.
984 2652 1155 2720 perturbatio
1176 2655 1204 2707 in
1223 2655 1337 2708 summis
1350 2655 1555 2711 calamitatibus
1571 2656 1752 2728 significetur,
1771 2660 1820 2731 qui

118 2741 308 2813 (Describitur
325 2742 475 2797 aeternitas
494 2742 575 2813 regni
594 2741 705 2809 Christi,
719 2741 956 2813 quoddestructis
983 2754 1103 2809 namque
1131 2740 1160 2793 in
1186 2756 1310 2795 moerore
1332 2756 1366 2794 ac
1392 2740 1468 2797 luctu
1494 2742 1636 2798 constituti
1659 2750 1731 2812 sunt,
1758 2746 1819 2800 silis

116 2829 243 2886 omnibus
270 2826 354 2900 hujus
377 2828 473 2882 mundi
495 2829 590 2899 regnis
618 2829 647 2881 in
671 2827 726 2881 tine
756 2828 842 2884 seculi
864 2829 956 2899 ipsum
982 2827 1033 2879 tac
1049 2844 1104 2880 non
1121 2828 1232 2881 uidetur
1251 2829 1453 2893 cassinense
1474 2830 1536 2883 ctiee
1551 2831 1735 2886 videturesse
1748 2833 1818 2901 dies,

115 2923 206 2972 umen
225 2915 440 2985 inperpetuum
460 2914 497 2968 sit
516 2917 745 2985 permansurum.)
784 2915 887 2970 Psalm.
914 2921 955 2979 37,
983 2929 1033 2965 nec
1051 2914 1149 2967 dudda
1166 2913 1269 2967 habere
1286 2915 1473 2983 dtdcedinern,
1491 2917 1543 2970 sed
1562 2917 1657 2972 omnic
1674 2923 1874 2981 mutantem
1888 2937 1921 2981 1³.

115 3021 136 3060 r.
158 3008 187 3059 lt
209 3001 353 3056 Dominus
372 3000 648 3070 repastinatum
668 3008 753 3063 terra,
772 3019 797 3055 v.
819 3007 842 3057 2.
871 3003 955 3055 nubes
981 2999 1025 3051 eie
1043 2998 1075 3052 in
1094 3000 1278 3069 contrarium,
1299 3003 1372 3054 odeo
1385 3001 1458 3055 enim
1478 3002 1588 3056 doloris
1607 3005 1736 3058 uncinos
1754 3022 1818 3059 ocri·

115 3087 251 3157 accuso
270 3089 300 3141 in
320 3088 439 3141 circuitu
458 3087 529 3155 ejus,
544 3086 658 3153 justitia
678 3087 860 3153 diudicium
878 3087 955 3140 basse
981 3082 1024 3139 los
1042 3084 1194 3155 obnubsiat,
1212 3094 1244 3139 nt
1267 3103 1393 3141 sermore
1417 3087 1525 3142 coelum
1551 3089 1674 3143 tenebris
1698 3092 1817 3160 efficerem

114 3176 188 3231 sedis
208 3175 279 3244 ejus,
291 3187 317 3227 v.
329 3179 353 3229 3.
372 3173 446 3241 ipnis
466 3180 531 3226 ante
546 3173 639 3241 ipsane
651 3173 784 3241 moreau
803 3181 829 3228 et
843 3173 952 3242 inflam·
979 3172 1112 3224 uideatur
1130 3189 1165 3225 ac
1182 3171 1297 3227 etobsies
1312 3180 1417 3228 montes
1435 3174 1575 3244 collaque
1600 3176 1711 3243 moueri,
1728 3183 1761 3231 ut
1778 3177 1816 3231 lo-

114 3261 200 3316 nabit
219 3261 250 3314 in
269 3259 391 3314 circuita
411 3259 539 3313 inimicos
558 3260 628 3327 ejas,
654 3276 678 3314 v.
701 3266 724 3315 5.
749 3267 857 3314 montes
882 3261 954 3314 sient
980 3254 1076 3326 quitur
1091 3255 1228 3312 Theodor.
1249 3258 1278 3312 in
1295 3266 1440 3314 comment
1460 3260 1563 3315 lenem.
1583 3267 1608 3316 1.
1629 3261 1730 3316 Confer
1742 3262 1815 3316 dmi-

115 3363 179 3403 cers
195 3347 340 3415 meunt
363 3363 382 3398 a
401 3346 479 3412 faeie
500 3345 562 3413 eins
580 3349 632 3400 etc.
668 3344 797 3415 (Proprie
826 3349 855 3400 et
877 3344 952 3415 prin·
980 3341 1020 3396 les
1038 3343 1241 3412 metaphoricae
1255 3343 1454 3414 descriptiones
1472 3346 1546 3401 Esai.
1568 3352 1608 3413 13,
1621 3365 1646 3400 v.
1662 3353 1686 3402 3.
1713 3347 1828 3403 ,laroma

115 3432 239 3504 cipaliter
254 3431 377 3503 loquitur
402 3431 506 3502 psaltes
534 3433 569 3484 de
591 3431 733 3485 occasions
760 3432 881 3500 pastione
906 3448 954 3499 per
980 3434 1005 3493 4,
1024 3445 1050 3481 s.
1072 3433 1113 3483 23.
1150 3446 1172 3482 c.
1194 3434 1233 3493 15,
1253 3445 1280 3485 r.
1296 3435 1320 3484 9.
1344 3430 1445 3485 Erech.
1471 3437 1512 3498 32,
1530 3449 1555 3487 v.
1576 3439 1600 3489 7.
1635 3433 1721 3488 Amos
1749 3438 1774 3501 3,
1792 3451 1816 3487 v.

115 3518 252 3592 mgshi
275 3518 510 3590 praedicationem
534 3534 567 3572 ac
590 3533 678 3589 regno
708 3517 813 3573 Christi
839 3519 867 3572 in
900 3518 953 3573 hac
980 3519 1005 3567 3.
1041 3513 1123 3569 Mich.
1144 3520 1167 3583 3,
1187 3532 1210 3567 r.
1230 3520 1254 3570 6.
1272 3522 1302 3570 et
1318 3532 1360 3583 ea,
1377 3532 1449 3587 qnae
1468 3518 1496 3572 in
1515 3521 1644 3589 praeced.
1659 3525 1769 3575 tractat.
1787 3520 1817 3573 in

116 3606 181 3674 rite,
202 3604 313 3678 interim
331 3604 416 3659 etiam
433 3602 530 3658 referri
548 3608 640 3673 potest
658 3604 695 3659 ad
712 3619 830 3674 regnum
849 3606 954 3675 gloriae
981 3616 1005 3653 c.
1024 3600 1059 3655 de
1078 3600 1166 3672 signis
1181 3600 1282 3671 judicii
1302 3602 1326 3670 5.
1345 3608 1387 3661 94.
1404 3604 1532 3660 diximus.
1567 3605 1714 3662 Rationm
1733 3607 1815 3663 inter-

117 3691 142 3745 in
168 3690 225 3747 fine
252 3690 341 3746 seculi
370 3689 570 3755 inchoandum,
605 3689 716 3761 quando
741 3706 837 3745 omnes
861 3691 954 3746 hostes
981 3685 1145 3756 pretationis
1155 3686 1274 3742 afferunt
1287 3703 1355 3756 earn
1364 3689 1432 3759 quia
1447 3690 1474 3744 in
1482 3691 1713 3761 praecedentibus
1725 3693 1816 3748 verbis

117 3776 195 3846 piene
220 3774 274 3830 sibi
296 3774 425 3847 subjiciet
447 3780 476 3830 et
500 3778 632 3847 majestas
651 3776 729 3845 regni
752 3776 814 3846 ejus
840 3776 953 3847 publice
981 3772 1074 3842 agitur
1099 3776 1134 3826 de
1152 3773 1331 3841 particulari
1351 3775 1412 3828 Dei
1429 3777 1555 3848 jndicio,
1579 3779 1655 3849 qnod
1678 3778 1818 3834 exercebit

117 3860 319 3933 conspicietur.)
338 3859 440 3915 Psalm.
464 3865 521 3927 132,
533 3876 560 3917 v.
588 3868 635 3916 26:
659 3862 749 3917 Initio
774 3869 806 3916 tu
831 3864 954 3916 Domine
981 3857 1115 3912 adversus
1135 3863 1241 3939 gentes,
1261 3873 1333 3929 quae
1351 3861 1528 3932 Assyriorum
1547 3862 1649 3918 fastum
1676 3880 1709 3918 ac
1727 3880 1816 3920 mores

119 3948 374 4015 terramssndcsti,
387 3955 414 4000 et
425 3963 514 4016 opera
526 3965 658 4002 manum
668 3956 782 4003 tuarum
793 3956 859 4003 uent
870 3950 955 4017 coeli‚·
982 3945 1139 4014 imitantem
1161 3943 1210 4000 sed
1229 3944 1399 4000 ostendimus
1417 3964 1467 4002 suo
1479 3948 1548 4018 loco,
1560 3949 1738 4021 prophetase
1750 3967 1817 4022 par-

117 4049 139 4091 r.
155 4041 197 4090 27.
215 4034 276 4104 ipsi
285 4034 434 4102 peribunt,
459 4039 489 4087 tu
516 4041 609 4089 autem
626 4052 787 4105 permanes,
812 4043 837 4090 et
862 4053 956 4090 omnes
982 4029 1145 4085 titularibus
1166 4030 1281 4101 judiciis
1304 4032 1415 4101 saepius
1439 4034 1571 4105 progredi
1600 4036 1636 4090 ed
1660 4037 1828 4092 universale

117 4122 186 4176 aene
203 4119 394 4174 „sufflantem
411 4126 591 4187 puerascens,
616 4129 644 4175 se
668 4123 742 4176 sisae
764 4123 955 4177 tedmarum
978 4115 1116 4184 judicium
1134 4115 1267 4171 adserens
1281 4133 1376 4172 ornnes
1396 4124 1501 4189 gentes,
1517 4121 1677 4191 cumprimis
1691 4138 1755 4177 vero
1772 4139 1816 4178 cc·

117 4207 235 4263 medab
251 4219 299 4260 eos
311 4211 338 4259 et
350 4208 545 4272 muamus,-
559 4224 585 4261 v.
601 4212 642 4264 23.
662 4215 691 4261 ta
704 4208 880 4263 antesistens
895 4211 955 4279 ipa
982 4200 1082 4255 clesiae
1105 4201 1198 4255 hostes
1223 4202 1253 4256 in
1276 4203 1321 4256 dic
1345 4206 1495 4259 nouissimo
1518 4206 1709 4271 exercendum,
1735 4208 1816 4277 cujus

117 4309 143 4348 es
161 4301 189 4349 et
206 4291 336 4347 monitui
354 4309 411 4346 non
426 4294 564 4360 dejicient.
586 4292 675 4348 Locm
693 4295 740 4348 hic
760 4294 898 4365 allegatur
918 4295 953 4346 ab
982 4286 1158 4357 praeludium
1182 4286 1210 4340 in
1235 4288 1449 4357 particularibus
1473 4291 1528 4345 illis
1550 4290 1664 4363 judiciis
1686 4294 1814 4362 proponi-

116 4384 229 4436 suctors
247 4375 383 4448 epistolae
400 4378 435 4432 ad
465 4377 607 4434 Hebraeos
633 4396 657 4434 c.
686 4386 709 4446 1,
732 4398 758 4434 r.
786 4387 824 4436 11.
851 4382 879 4434 in
899 4399 954 4452 quo
983 4382 1037 4442 tur,
1054 4374 1083 4427 in
1102 4389 1157 4443 qno
1174 4373 1282 4427 coelum
1302 4381 1331 4429 et
1355 4381 1430 4430 terra
1454 4377 1619 4432 destruetur.
1656 4376 1814 4433 absurdum

116 4464 211 4521 mnndi
231 4462 360 4518 interitus
382 4463 475 4517 verbis
495 4480 630 4536 perquam
648 4466 810 4536 emphaticie
823 4467 955 4521 describi·
981 4460 1067 4531 igitur
1092 4476 1125 4514 8⁰
1147 4465 1357 4532 Pmpmoewm
1384 4469 1560 4532 nequaquam
1587 4463 1770 4531 ⁰ffl⁸⁸¹¹d¹¹mr
1791 4464 1814 4517 Εἰ

116 4557 166 4606 tur.
222 4554 245 4604 1.
265 4550 427 4618 sabinum
445 4555 488 4605 est
509 4552 616 4605 eostam
641 4559 667 4605 ee
688 4559 781 4618 urea,
805 4553 953 4608 relativum
979 4547 1026 4600 hic
1042 4546 1119 4601 locus
1137 4546 1317 4618 propheticus
1335 4547 1370 4602 de
1394 4549 1508 4603 interitu
1532 4550 1628 4604 mundi
1653 4552 1814 4622 accipiatur,

115 4638 187 4694 arim
202 4635 327 4710 1773317.
348 4642 389 4692 27.
409 4636 443 4690 ad
465 4640 614 4707 utrumque
635 4637 760 4705 retertm,
781 4652 846 4692 cum
864 4657 889 4695 v.
912 4645 952 4696 26.
981 4648 1063 4703 quam
1077 4632 1333 4703 interpretationem
1346 4635 1493 4691 verborum
1506 4637 1646 4707 emphasis
1660 4637 1814 4694 confirmat.

119 4724 267 4792 „uimque
278 4721 354 4777 teste
367 4721 452 4776 fuerit
462 4725 574 4789 mentio,
587 4723 659 4780 adde
672 4725 756 4795 quod,
771 4725 795 4779 ,i
808 4724 880 4781 coefi
892 4743 953 4797 per.
981 4719 1024 4773 De
1042 4718 1164 4773 exercitu
1181 4719 1328 4784 coelorum,
1346 4719 1376 4774 id
1393 4727 1435 4775 est
1452 4722 1519 4791 sole,
1538 4721 1605 4778 luna
1623 4728 1653 4779 et
1670 4723 1756 4780 stellis
1773 4723 1813 4777 in-

115 4809 205 4874 ibme,
226 4807 313 4863 mults
331 4810 420 4880 magis
438 4809 586 4867 verisimile
604 4813 647 4877 sit,
667 4811 751 4866 etiam
768 4818 872 4867 tanam
889 4829 953 4884 per.
981 4805 1117 4859 aterensi
1128 4806 1274 4876 cujusdam
1295 4807 1432 4862 acoslesti
1446 4808 1613 4880 imperatore
1627 4816 1703 4866 certo
1719 4810 1814 4865 ordine

114 4896 232 4962 iuram,
255 4910 317 4949 cum
331 4895 450 4949 coelum
468 4895 583 4950 solidius
601 4913 634 4952 ac
651 4897 757 4952 firmim
770 4904 844 4953 terra
860 4899 954 4953 videa·
980 4891 1123 4962 dispositis
1148 4897 1177 4947 et
1199 4894 1319 4961 speciem
1343 4910 1477 4965 perquam
1495 4896 1630 4951 illustrem
1652 4895 1739 4951 oculis
1766 4896 1814 4953 bo·

112 4985 165 5035 tur.
216 4978 295 5035 Neve
322 4981 386 5052 quis
419 4981 536 5053 cogitet,
564 4984 656 5038 coelos
685 4987 784 5039 abens
811 4985 953 5054 duntaxat,
980 4978 1084 5031 minum
1103 4977 1297 5035 exhibentibus
1317 4979 1391 5039 een.
1410 4985 1434 5045 2,
1452 4999 1478 5035 v·
1498 4988 1521 5040 1.
1550 4980 1620 5038 Neb.
1639 4986 1663 5046 9,
1683 4998 1709 5037 v·
1729 4987 1754 5038 θ.
1774 4981 1815 5036 di·

113 5080 169 5120 non
205 5072 302 5121 autern
324 5068 484 5138 aetham,
515 5069 671 5134 {asaiam
703 5072 856 5135 dumanas,
892 5088 948 5126 non
980 5065 1020 5119 cit
1042 5062 1192 5134 propbeta,
1217 5068 1295 5133 quod
1318 5067 1502 5135 colliquescat.
1546 5069 1579 5125 In
1612 5067 1743 5123 Hebraeo
1774 5074 1817 5123 est

112 5158 208 5206 summ
225 5152 386 5222 superiores
403 5169 464 5209 asse
482 5154 630 5225 perituros,
649 5155 713 5211 ideo
729 5173 755 5213 r.
781 5160 823 5212 27.
842 5156 954 5212 additur
980 5151 1040 5223 Pii?
1059 5149 1088 5202 in
1118 5149 1213 5220 niphal
1243 5169 1261 5207 a
1288 5153 1348 5211 rad.
1368 5157 1435 5228 iii-⁷?
1458 5156 1638 5225 lipsesactus,
1659 5153 1815 5207 ausonias

111 5235 253 5308 ραι-1331111
270 5239 434 5295 universalis
451 5226 517 5313 17231
532 5249 813 5311 omnnuderaecent
823 5242 953 5298 videlicet
979 5237 1046 5303 fuit
1056 5250 1089 5289 ω
1103 5251 1153 5306 per
1166 5238 1355 5309 metaphoram
1367 5248 1526 5311 coemptus,
1538 5240 1728 5310 petrosam,
1740 5239 1815 5294 Μ

114 5328 254 5395 quotquot
270 5333 336 5381 sunt
352 5342 438 5398 opera
455 5342 587 5381 manuum
607 5326 802 5396 divinarurni
826 5344 849 5383 e:
875 5334 952 5399 quot·
979 5327 1106 5391 fedane
1127 5324 1190 5394 fuit
1216 5324 1316 5380 Erech.
1340 5332 1381 5391 21,
1404 5344 1430 5383 v.
1454 5331 1497 5383 23.
1545 5325 1634 5381 Lavit
1654 5331 1696 5394 23,
1719 5342 1745 5379 v.
1771 5331 1813 5382 33.

114 5411 185 5481 quot
210 5415 278 5465 sent
301 5428 320 5467 a
342 5412 404 5470 Deo
429 5413 544 5482 conditi,
565 5419 597 5468 ut
619 5421 737 5485 apparet
761 5429 795 5470 er
816 5433 842 5472 v.
867 5421 907 5470 23,
929 5421 954 5473 2,
980 5410 1082 5465 Psalm.
1107 5415 1148 5480 33,
1172 5429 1197 5464 v.
1223 5419 1247 5468 3.
1286 5412 1452 5468 Benedictis
1475 5412 1557 5467 Arias
1579 5411 1702 5469 reddidit
1725 5430 1814 5467 mace·

114 5493 322 5551 Pmds'cntetn
338 5499 394 5554 tria
410 5499 497 5555 rerba
504 5500 622 5555 mamare
639 5500 799 5572 emphatica
816 5500 910 5568 habet,
931 5505 955 5568 1)
980 5503 1064 5567 ssent,
1085 5513 1158 5569 quae
1174 5496 1248 5552 enirn
1270 5499 1410 5569 putredini
1434 5504 1463 5555 et
1487 5497 1657 5569 corruptioni
1680 5500 1813 5569 proxime,

115 5580 181 5657 ’1311
193 5580 295 5651 periit,
312 5578 430 5648 ieme,
444 5583 523 5654 qnod
540 5587 655 5639 notente
674 5582 837 5641 Schindlaro
855 5583 885 5638 in
900 5583 952 5642 les.
980 5598 1120 5640 mucorem
1138 5581 1215 5655 prius
1232 5584 1406 5643 conhahnnt.
1442 5584 1487 5640 De
1504 5584 1590 5643 coelis
1609 5584 1719 5651 dicitur,
1737 5587 1811 5658 qnod
