4050 6014
161 337 223 394 410
817 325 1048 384 mactatus
1065 325 1213 385 SEXTUS

161 480 284 537 ihomas
304 487 328 537 3.
354 487 422 537 sent
442 481 504 535 dist.
529 486 569 537 13.
588 484 638 537 art
660 486 680 536 1.
705 481 741 534 ad
761 488 786 538 4.
812 481 913 536 rectius
930 499 996 537 con·
1025 483 1174 549 subjectas,
1194 490 1224 535 at
1237 483 1324 550 jueta
1342 482 1405 550 ejas
1421 482 1572 551 imperium
1591 483 1635 537 441
1657 483 1796 539 ademar.
1817 482 1866 537 441

162 567 279 622 tretium
299 567 406 621 statuit.
451 566 582 621 Gloriari
601 568 729 635 corporis
748 567 881 634 44411144,
901 566 999 637 inquit,
1026 586 1082 621 soa
1102 570 1241 623 sirleutar.
1277 565 1449 636 Responderi
1472 571 1578 637 potest}
1598 566 1651 622 hoc
1667 565 1729 621 fieri
1743 582 1794 637 per
1811 565 1865 621 sli-

161 654 251 706 uisam
270 670 326 704 444
344 653 505 720 corrumpat,
523 652 732 714 4444444144,
751 652 998 721 41144444114911,
1027 671 1111 724 quam
1142 658 1308 724 potestatem
1341 653 1580 723 supernaturalem
1615 652 1697 708 beato
1727 653 1864 707 divinitus

54 806 59 815 Ι
162 739 294 807 quiesse
317 739 438 791 alterius
463 740 574 806 4444414
597 756 682 808 mrem
706 737 825 793 rlers'tes
849 739 999 792 naturalis.
1026 755 1201 808 concessam,
1224 744 1257 793 ut
1279 745 1398 808 apparet
1419 755 1453 792 er
1472 753 1577 803 eorum,
1597 737 1646 810 qui
1665 753 1730 792 cum
1749 737 1864 793 Christe

162 822 301 877 Probatur
330 822 399 877 haee
424 823 563 878 sententia
592 823 643 878 tali
670 829 846 894 argumento:
881 822 999 877 Claritas
1026 831 1242 892 resurrexerant,
1253 824 1440 895 exemplo‚qui
1455 825 1594 878 civitatem
1602 832 1730 878 44441444
1741 823 1868 891 inpressi

161 908 305 962 aemralis
335 916 362 960 et
386 910 630 978 supernaturalis,
665 917 779 962 terreae
811 917 838 964 41
871 909 1000 962 castatis
1027 927 1082 965 non
1105 910 1233 965 omnibus
1259 910 1415 980 promiscue
1429 909 1479 965 sed
1500 910 1611 977 multis,
1636 909 1737 980 quibus
1755 911 1866 966 scilicet

162 999 222 1048 toto
240 1008 342 1064 genere
360 992 499 1050 differunt.
534 994 598 1050 iam
620 1011 685 1051 rere
706 992 921 1064 glorificatorum
940 1010 1000 1048 cor·
1026 997 1183 1064 voluerunt,
1203 995 1335 1050 dicuntur
1354 997 1524 1068 apparuisse
1545 995 1642 1050 Matth.
1664 1000 1706 1060 21,
1726 1012 1752 1049 r.
1770 1001 1812 1052 53.

163 1096 262 1150 pamm
281 1080 392 1134 claritas
408 1080 461 1135 erit
475 1082 693 1151 supernaturalis
708 1089 736 1135 41
754 1080 889 1136 coelestis.
924 1080 999 1152 Ergo
1063 1086 1120 1138 152.
1162 1088 1184 1137 2.
1212 1081 1256 1136 De
1279 1083 1508 1152 impatibilitate
1536 1081 1692 1153 quaeritur,
1726 1089 1750 1139 1.
1774 1100 1814 1134 44
1832 1083 1863 1135 ia
1876 1083 1898 1124 2
1919 1082 1954 1124 D·
1967 1083 2012 1124 ¹·-

41 1174 87 1218 xx.
103 1175 182 1220 teas
207 1165 328 1219 naturali
357 1174 386 1221 et
415 1173 526 1221 terrene
552 1167 642 1236 gloria
669 1171 729 1220 toto
754 1182 855 1236 genere
884 1165 1000 1220 distans.
1026 1183 1144 1236 torpore
1162 1168 1393 1236 plorifiaatosiat
1407 1169 1560 1236 qualitates
1579 1174 1700 1238 4441444
1717 1168 1862 1221 414444414-
1876 1135 1999 1226 {ciffum

165 1250 263 1314 Qualis
281 1268 427 1321 corporum
438 1251 656 1323 glorificatorum
668 1258 710 1308 est
723 1257 812 1306 status
826 1258 855 1306 et
869 1252 999 1315 conditio,
1025 1256 1109 1306 rarat
1143 1253 1368 1324 Respondemus:
1393 1254 1513 1309 11411444
1537 1254 1673 1308 assutiae
1693 1261 1777 1308 erunt
1796 1270 1862 1308 vera
1875 1237 1896 1278 L
1911 1248 1942 1277 ⁸¹¹
1956 1237 1980 1278 ¹³

165 1336 227 1391 talis
245 1337 328 1391 etism
351 1337 471 1392 claritas.
506 1337 571 1392 ism
591 1353 656 1391 vero
674 1343 765 1391 status
785 1335 1000 1406 glorificatorum
1026 1354 1157 1407 corpora,
1181 1339 1300 1410 ideoque
1318 1339 1400 1394 etiam
1420 1339 1507 1393 mixta
1525 1346 1554 1394 et
1571 1338 1754 1393 elementares
1772 1339 1861 1409 quali·
1875 1298 2006 1388 111411ῗοῖ1·

163 1439 308 1493 corporum
332 1440 388 1478 non
406 1429 448 1478 est
466 1422 599 1494 physicus
616 1429 645 1478 et
663 1430 801 1485 terrenus,
828 1422 877 1476 sed
898 1423 1000 1492 hyper·
1026 1430 1098 1477 tates
1110 1424 1249 1490 habentia,
1269 1424 1380 1479 interim
1391 1424 1429 1479 sd
1446 1424 1673 1494 perfectissimam
1689 1424 1862 1479 harmoniam
1875 1389 2017 1493 ffiffl

164 1507 297 1579 physicus
320 1513 348 1563 et
372 1509 506 1564 eoelestis.
546 1509 619 1579 Ergo
643 1509 727 1563 etism
750 1507 813 1562 talis
838 1508 891 1563 erit
906 1525 998 1563 eorum
1026 1509 1159 1563 reductae
1188 1526 1243 1564 non
1261 1509 1428 1580 pugnabunt
1455 1509 1572 1565 invicem
1597 1525 1649 1564 nee
1673 1509 1799 1579 subjecto
1821 1510 1861 1564 in·
1875 1494 2010 1584 2225ss

165 1593 286 1657 claritas,
305 1610 377 1664 quse
397 1594 485 1664 Apoc
506 1600 546 1663 21,
566 1611 590 1648 r.
606 1600 648 1651 23.
666 1601 781 1648 vocatur
799 1595 919 1648 claritas
939 1596 999 1648 Do·
1027 1595 1136 1647 teritum
1165 1595 1320 1650 molientur.
1362 1594 1466 1658 Quodsi
1492 1595 1566 1649 enim
1593 1595 1756 1664 incorpore
1781 1594 1925 1664 primifl·
1939 1593 1986 1638 ⁶⁰&
2011 1572 2017 1588 ⁸

165 1681 244 1747 asiai,
266 1687 286 1735 1.
300 1680 372 1734 Tim.
386 1687 411 1743 6.
430 1698 456 1733 r.
474 1686 513 1737 lb.
531 1680 581 1734 144
598 1683 751 1735 inaccessa.
786 1679 1000 1750 chrysostomus
1026 1678 1146 1734 hominis
1169 1686 1226 1734 tam
1245 1686 1370 1735 excomm
1390 1679 1556 1750 qualitatum
1576 1678 1747 1734 harmoniam
1767 1680 1865 1733 divina

164 1765 244 1835 epist
276 1773 301 1822 5.
328 1766 365 1820 ad
393 1765 531 1821 Theodor.
560 1767 682 1836 lapsum:
730 1767 833 1820 Omnia
858 1767 898 1819 ibi
930 1767 1000 1829 41144,
1027 1764 1152 1832 potentia
1175 1782 1209 1820 ae
1229 1765 1367 1836 sapientis
1392 1765 1560 1819 constituere
1582 1765 1687 1834 potuit,
1705 1772 1737 1819 ut
1756 1765 1864 1820 nullum

163 1853 344 1921 splenderet
362 1854 411 1905 144
429 1861 523 1920 44441,
547 1854 597 1906 lua
616 1871 670 1906 444
690 1869 761 1921 meae
779 1870 852 1905 ausc
872 1859 927 1918 est,
949 1854 1001 1906 seri
1028 1849 1161 1905 moriendi
1181 1851 1333 1920 periculum
1351 1851 1377 1904 ei
1389 1849 1552 1918 immineret,
1570 1850 1593 1903 si
1610 1851 1640 1904 in
1658 1858 1806 1906 concreata
1822 1850 1865 1905 in·

160 1938 250 2009 pleae
268 1939 338 2003 alie,
356 1956 426 2007 4444
444 1940 640 1993 1444144144
654 1939 897 2007 4444411419444,
912 1957 1000 2006 qrtaa·
1028 1938 1158 2005 tegritate
1172 1937 1382 2006 permansisset3
1401 1945 1505 2007 quanto
1523 1936 1613 2007 magis
1632 1936 1790 2007 incorpore
1808 1936 1865 2006 spi-

164 2031 222 2078 tum
241 2042 274 2079 44
292 2025 385 2077 lumea
401 2025 503 2091 lychai.
542 2024 647 2078 Ocules
664 2024 810 2091 aoavidt't,
830 2024 900 2092 quta
912 2040 999 2091 prae·
1027 2021 1122 2074 rituali
1136 2027 1164 2075 41
1174 2019 1330 2091 glorificato
1347 2022 1422 2076 idem
1437 2022 1528 2076 locum
1542 2021 1676 2076 habebit?
1698 2022 1756 2078 Neo
1768 2028 1863 2076 141444

164 2111 311 2181 paraverit
333 2112 412 2163 Deus
428 2127 458 2162 se
478 2110 660 2178 diligentibus
676 2109 741 2163 Esa.
753 2113 796 2177 54,
813 2127 839 2165 v.
855 2115 880 2166 4.
901 2116 922 2164 1.
937 2109 1000 2163 Cor.
1028 2105 1161 2174 sequitur,
1181 2108 1334 2176 qualitates
1354 2109 1422 2162 11144
1435 2111 1499 2172 fore
1512 2109 1624 2175 otiosas,
1644 2107 1711 2179 quia
1728 2107 1780 2162 etsi
1794 2107 1864 2162 nihil

164 2200 190 2263 2,
207 2213 233 2249 r.
253 2202 277 2250 9.
300 2195 361 2264 jam
380 2212 444 2249 sero
462 2194 617 2249 naturalem
636 2199 665 2249 et
683 2200 822 2248 terrenam
845 2194 1000 2248 claritatem
1027 2196 1142 2245 acturae
1159 2192 1216 2246 sint
1235 2195 1264 2247 ia
1283 2210 1384 2262 qaaere
1399 2211 1505 2248 444444
1523 2195 1685 2262 efficientis,
1701 2200 1864 2247 nontamen

166 2280 264 2336 oculus
281 2280 359 2336 vidit.
395 2279 492 2345 Qualis
514 2280 604 2351 gloria
623 2279 753 2349 angelum
771 2279 924 2333 nativitatis
943 2279 1000 2333 Do·
1028 2275 1163 2331 carebunt
1183 2279 1286 2347 effeett's
1304 2281 1365 2333 suis
1374 2279 1562 2345 formalibus.
1596 2277 1671 2333 Illud
1689 2278 1804 2349 quidam
1822 2277 1865 2332 sie

166 2365 288 2419 minicae
302 2381 467 2434 praeconem
486 2364 672 2418 circumfulsit
691 2364 759 2419 Luc.
775 2370 798 2429 2,
816 2382 840 2417 r.
854 2370 878 2420 9.
899 2365 927 2418 in
946 2381 1002 2435 qus
1029 2361 1156 2419 efferunt.
1191 2365 1347 2430 Qualitates
1372 2367 1554 2420 elementares
1578 2365 1788 2419 considerentur
1812 2364 1865 2417 du·

165 2450 291 2505 claritate
309 2450 386 2505 Elias
406 2456 435 2504 et
452 2449 564 2520 Moyses
589 2451 618 2504 in
638 2448 881 2521 transfiguratione
899 2450 1002 2505 Christi
1027 2447 1151 2517 pliciter,
1178 2452 1202 2517 1)
1228 2451 1340 2506 ratiost
1360 2459 1440 2506 aetus
1454 2452 1559 2520 primi,
1584 2450 1659 2504 unde
1677 2449 1782 2505 habent
1800 2449 1865 2513 hoc,

166 2542 356 2607 apparuerunt
382 2534 480 2590 Matth.
509 2541 550 2601 11,
577 2555 603 2589 4.
627 2541 651 2590 2.
679 2536 747 2591 Luc.
772 2541 797 2605 9,
819 2553 845 2591 v.
871 2541 912 2592 31.
937 2536 1002 2590 14114
1029 2535 1105 2604 qnod
1123 2542 1235 2590 suntet
1254 2553 1317 2591 ase
1334 2535 1453 2591 invicem
1466 2536 1588 2603 rathnt3
1609 2538 1639 2601 2)
1654 2537 1766 2590 ratione
1784 2544 1867 2589 oetas

166 2622 250 2677 etiam
275 2620 419 2676 beatorum
440 2622 493 2676 erit
517 2622 639 2677 claritas.
676 2622 764 2691 Atqui
796 2623 844 2677 illa
866 2639 922 2678 non
949 2622 1002 2676 fuit
1028 2622 1154 2686 secandi,
1172 2637 1228 2691 quo
1249 2637 1279 2675 se
1299 2628 1395 2676 mutuo
1410 2621 1546 2676 invadunt
1560 2628 1589 2676 et
1600 2622 1739 2677 hostiliter
1756 2621 1867 2692 impug-

166 2708 301 2763 naturslis
317 2708 488 2779 etrulgaris,
507 2708 555 2764 sed
571 2715 744 2780 totagenere
762 2708 879 2762 diversa.
900 2707 1002 2761 Christi
1028 2712 1105 2760 4441.
1142 2706 1231 2760 Priori
1255 2706 1336 2760 modo
1359 2712 1441 2761 erunt
1460 2707 1490 2761 in
1515 2706 1677 2777 corporibus
1695 2706 1866 2778 glorificatis,

166 2793 253 2849 facies
272 2793 301 2846 in
318 2793 563 2864 transfiguratione
582 2794 684 2848 dicitur
699 2794 810 2849 fulsisse
828 2796 918 2848 instar
932 2793 1001 2846 solis
1028 2791 1174 2861 posteriori
1197 2807 1263 2846 vero
1286 2792 1405 2849 minime.
1442 2797 1466 2848 2.
1493 2793 1540 2847 Aa
1564 2794 1645 2847 44144
1662 2796 1775 2847 autimas
1794 2796 2017 2863 apetfflwlet

165 2879 265 2934 Matth.
287 2885 326 2946 11,
352 2897 378 2933 v.
403 2885 428 2934 2.
458 2896 524 2948 crgo
549 2879 603 2932 1411
628 2884 736 2933 tantum
765 2874 863 2934 similis
888 2879 1001 2934 claritas
1028 2879 1058 2930 ia
1080 2878 1226 2932 brimicium
1250 2878 1403 2932 raclt'ealef
1437 2877 1550 2932 Minime
1566 2895 1640 2946 vero,
1666 2878 1734 2949 quia
1752 2876 1816 2932 cibo
1835 2849 2017 2940 etffiffiiffl

166 2964 1001 3036 4414414444ἀί4,444441444144444444443444414.
1028 2969 1096 3032 potu
1126 2962 1215 3017 beatis
1234 2979 1289 3016 non
1309 2963 1362 3018 erit
1380 2980 1464 3033 opus,
1489 2980 1523 3018 ae
1545 2964 1568 3017 si
1592 2965 1657 3018 talis
1677 2963 1864 3033 Ι4411414444

166 3049 231 3105 Jam
255 3066 319 3104 vero
344 3067 462 3120 corpora
487 3049 644 3120 glorificata
666 3055 748 3104 cmnt
766 3049 868 3104 Christi
893 3049 1001 3119 corpori
1028 3047 1150 3117 haberet,
1174 3048 1301 3118 plenaria
1318 3047 1465 3124 14344414
1488 3065 1506 3102 4
1524 3048 1686 3117 corporibus
1703 3047 1865 3116 glorificatis

22 3140 43 3182 1
60 3140 152 3182 tnatn-
167 3134 321 3191 conformis
346 3135 416 3191 Phil.
436 3140 460 3202 3,
478 3153 503 3190 v.
518 3141 559 3191 21.
596 3136 623 3205 3)
641 3135 687 3188 Aa
708 3135 1004 3203 claritas‘plorsfireti
1029 3135 1175 3192 exsularet.
1213 3140 1236 3191 3.
1269 3136 1348 3188 Unde
1371 3134 1426 3189 illu
1448 3137 1578 3203 eorporis
1595 3135 1812 3204 impassibilitas
1832 3136 1896 3188 143·
1926 3137 1995 3179 unus

18 3191 153 3285 wiga-
167 3222 296 3290 corporis
316 3223 412 3275 oeulos
430 3223 752 3291 iatumtiamoffeadett
779 3220 1002 3290 Respondemus:
1029 3220 1137 3273 1441141
1172 3220 1292 3274 Thomas
1311 3220 1443 3275 additam.
1463 3237 1490 3291 q.
1506 3225 1548 3278 82.
1567 3227 1619 3277 art.
1635 3226 1656 3274 1.
1674 3237 1787 3275 eausam
1807 3229 1862 3275 sta·
1876 3190 2017 3289 iss‘ffi'm.

1830 3308 1864 3373 ὼ,
1878 3292 1934 3331 11144
1962 3293 1988 3332 ta

1878 3344 1966 3384 444114.

18 3295 154 3388 fflzffi'
169 3306 271 3362 Oculos
291 3308 414 3360 nundum
433 3305 605 3376 glorificatos
624 3306 749 3369 offendit,
768 3318 799 3360 ut
816 3313 894 3376 patet
910 3323 944 3360 ex
964 3304 1002 3357 vi·
1030 3305 1083 3358 1411
1104 3305 1721 3375 inplenarioauimaeincorpusdominio.
1758 3307 1829 3360 Omra

19 3397 155 3438 alamosen-
171 3392 295 3447 sionibus
332 3393 493 3464 angelorum
532 3400 562 3446 41
594 3391 864 3446 manifestationibus
893 3391 1003 3445 divinis.
1029 3390 1129 3461 inquit,
1142 3393 1241 3460 passio
1261 3393 1356 3461 fitper
1368 3393 1515 3445 victoriam
1527 3393 1636 3459 4444114
1648 3394 1865 3461 superpatiens.

24 3449 71 3490 ω
168 3476 1005 3549 44344444411444444144414441401444441401444
1031 3476 1212 3547 Impossibile
1226 3485 1265 3529 est
1279 3485 1379 3541 autem,
1397 3480 1475 3545 quod
1486 3477 1599 3545 aliquid
1610 3479 1768 3531 (1444144144
1780 3494 1867 3546 stapes·

170 3581 299 3633 4444444,
308 3580 370 3617 eam
376 3568 539 3630 4444444411,
550 3564 682 3618 obaudis
689 3563 896 3631 datatpeloram
906 3565 1003 3633 potius
1028 3563 1150 3630 patieris,
1163 3563 1221 3614 4141
1229 3562 1258 3614 ia
1267 3570 1402 3630 quautam
1412 3562 1576 3614 debilitatur
1589 3564 1743 3615 domirtiam
1754 3563 1868 3624 foratae

169 3651 337 3704 abscondite
356 3652 448 3713 fuisse
469 3668 553 3719 quera
567 3650 693 3713 defuisse
713 3649 856 3702 4444144414
871 3657 925 3713 est,
947 3668 1003 3703 444
1029 3647 1165 3718 propriae
1188 3664 1274 3718 super
1296 3648 1444 3700 mater-tem
1463 3649 1609 3716 petiestt‘s.
1645 3647 1754 3717 Carpsit
1773 3656 1866 3700 441444

171 3737 245 3788 enisa
265 3753 326 3788 eam
340 3737 432 3798 ferret
449 3738 586 3790 humanas
604 3742 687 3802 atque
706 3735 835 3794 infirmas
847 3737 1002 3802 adspectas.
1029 3733 1181 3785 1144444444
1205 3738 1230 3785 41
1251 3735 1392 3802 quidquid
1411 3735 1440 3786 ia
1458 3751 1491 3788 44
1510 3742 1558 3801 441,
1584 3735 1639 3787 erit
1655 3736 1783 3802 perfecte
1802 3735 1865 3786 sub·

168 3819 252 3874 Ratio
273 3820 375 3889 pendet
406 3837 440 3875 ex
467 3819 683 3890 improportione
713 3820 856 3875 oculorum
880 3821 1002 3875 noudum
1023 3819 1131 3886 jectam
1150 3819 1261 3872 eaimee
1278 3820 1431 3888 rationali,
1455 3821 1528 3873 41441
1542 3822 1640 3874 asima
1657 3821 1782 3888 perfecte
1802 3821 1865 3872 sab·

169 3904 384 3976 glorificatorum
398 3912 426 3959 et
437 3905 571 3959 claritatis
584 3905 712 3960 coelestis
730 3923 762 3959 sc
778 3907 1003 3974 supernaturalis,
1024 3904 1104 3972 jecta
1129 3904 1183 3957 erit
1209 3909 1285 3972 Deo,
1313 3914 1339 3957 et
1367 3907 1431 3959 irleo
1456 3907 1487 3958 ia
1514 3922 1632 3973 corpore
1658 3906 1784 3972 aleriam
1809 3922 1866 3956 444

170 3989 291 4060 itemque
317 4006 349 4043 er
371 3991 492 4045 tenebris
511 4000 686 4060 peccatorum
709 3992 872 4060 incorpore
895 3994 1003 4047 mortali
1028 3992 1133 4058 poterit
1162 4007 1221 4045 esse
1248 3992 1349 4058 eliqua
1377 3993 1495 4045 mutatio
1522 4001 1622 4046 444144
1651 3991 1867 4059 dispositionem

173 4083 200 4131 et
225 4075 395 4145 corruptibili
420 4075 511 4130 adhuc
538 4075 721 4131 haerentibus.
757 4075 812 4130 Sed
837 4076 1004 4147 glorificatos
1031 4077 1121 4143 iliam,
1141 4095 1196 4146 qao
1204 4078 1355 4145 perficitur
1368 4077 1403 4128 ab
1419 4079 1524 4145 aaiatu,
1544 4085 1569 4132 st
1588 4079 1629 4131 ite
1645 4095 1768 4148 4444444
1785 4085 1868 4130 eruat

173 4162 268 4216 oeulos
287 4161 399 4216 claritas
415 4162 463 4216 illa
476 4179 532 4216 non
545 4161 632 4215 solum
645 4179 699 4215 444
718 4160 842 4228 offendit,
860 4164 909 4217 sed
921 4165 1004 4218 etiam
1031 4163 1228 4231 impassibilia.
1266 4160 1321 4216 Sed
1340 4162 1443 4217 rectius
1457 4164 1596 4228 statuitur,
1615 4162 1868 4233 impassibilitatem

172 4247 357 4317 maximopere
392 4247 519 4302 delectat.
568 4247 690 4302 Thomas
717 4250 740 4301 3.
769 4254 839 4301 4441.
868 4248 930 4302 dist.
962 4256 1004 4306 16:
1032 4250 1089 4303 fore
1107 4247 1272 4317 peculiarem
1296 4247 1417 4318 aliquam
1435 4254 1464 4302 et
1485 4250 1726 4318 supernaturalem
1744 4250 1868 4318 corporis

170 4330 299 4385 Claritas
326 4335 454 4400 44444414
478 4334 600 4402 91441441
625 4334 749 4401 qrtamsis
777 4335 894 4385 recedet
920 4335 1005 4388 cleri·
1031 4332 1178 4403 glorificati
1192 4333 1388 4402 proprietatem
1401 4333 1534 4387 divinitus
1553 4335 1578 4388 ei
1590 4351 1748 4389 concessam
1763 4343 1792 4388 et
1803 4336 1869 4389 sub·

169 4417 355 4485 1414444114,
379 4426 474 4472 tamea
497 4436 550 4472 sua
568 4427 676 4471 natura
696 4436 751 4470 444
771 4419 889 4488 offendit
908 4421 1005 4488 414444,
1028 4420 1130 4491 jective
1144 4419 1232 4473 eidem
1249 4418 1446 4473 inhaerentem.
1470 4425 1494 4475 4.
1506 4421 1554 4473 Aa
1566 4438 1667 4488 rorproe
1677 4422 1869 4489 plorificetum
1881 4443 1902 4482 4.
1919 4442 1952 4481 an
1965 4448 2008 4482 aar·

25 4530 48 4570 4
60 4525 156 4575 ΑΜ...
169 4504 222 4557 4441
238 4503 379 4558 4144441441.
416 4505 443 4570 4)
469 4504 748 4573 Aspossitcerpus
768 4505 1005 4568 141444714414444
1028 4507 1120 4574 possit
1144 4506 1313 4558 vataerarit
1352 4503 1534 4574 Respondent
1556 4507 1670 4577 quidam
1691 4522 1725 4560 ex
1753 4507 1867 4562 Schola·
1883 4503 1924 4540 ⁹⁰¹
1938 4491 2002 4542 ‘¹⁰¹¹'

26 4581 156 4681 mm?
169 4589 333 4642 subtrahere
356 4607 375 4640 4
401 4598 549 4658 conspectu
574 4590 694 4643 bominis
710 4592 835 4642 44441444
853 4590 1007 4657 9144144414·
1032 4591 1124 4658 411414,
1149 4589 1241 4643 441144
1262 4590 1320 4645 iore
1341 4590 1462 4660 gladios,
1489 4608 1507 4644 4
1524 4594 1625 4661 quibus
1644 4591 1789 4647 beatorum
1808 4610 1869 4647 cor·
1882 4545 2003 4644 1111111111

18 4680 155 4721 tunsurus
171 4681 198 4726 et
222 4674 251 4725 ia
273 4674 391 4727 14441414
415 4675 527 4728 latere!
562 4674 682 4738 Quidam
710 4682 815 4746 negant
841 4682 1005 4747 argumento
1031 4676 1144 4744 poribus
1166 4676 1310 4729 immineat
1337 4675 1496 4745 periculum.
1537 4677 1652 4731 Rectius
1677 4678 1791 4746 dicitur,
1819 4695 1869 4747 per
1882 4644 1968 4688 neraei

33 4732 159 4833 ,⁸2:232ss
173 4774 215 4826 eo,
224 4760 299 4830 quod
309 4758 440 4829 splendor
448 4760 570 4830 eorporis
578 4760 724 4831 glorificati
738 4761 865 4816 tenebras
876 4762 1007 4833 dispellat
1032 4762 1126 4815 dotem
1151 4761 1386 4832 impassibilitatis
1410 4759 1446 4813 ab
1472 4761 1545 4815 omni
1571 4762 1681 4816 interna
1703 4768 1732 4816 et
1754 4771 1869 4818 externa

39 4835 141 4927 ¹22¹?ssss
174 4860 208 4898 ae
227 4844 342 4914 proinde
360 4845 447 4898 latere
470 4850 499 4899 et
522 4846 610 4900 visum
631 4845 754 4916 effugere
780 4847 891 4902 minime
910 4847 1006 4916 possit.
1031 4846 1152 4901 laesione
1166 4847 1262 4899 beatos
1279 4847 1413 4899 immunes
1425 4846 1492 4900 fore.
1517 4845 1547 4898 Si
1560 4847 1676 4913 coelum,
1687 4848 1762 4917 quod
1775 4855 1869 4904 144444

25 4928 228 4987 4141144118εά
254 4928 375 4984 Thomas
402 4930 533 4985 additam.
561 4949 588 5002 q.
612 4937 653 4987 85.
680 4939 732 4991 art.
756 4936 777 4987 2.
800 4932 837 4986 ad
855 4936 879 4988 3.
905 4934 1006 4988 rectius
1032 4949 1133 5002 corpus
1160 4932 1301 5000 naturale,
1331 4931 1368 4985 ab
1395 4932 1515 4987 externis
1542 4933 1718 5002 passionibus
1745 4936 1870 4990 creditur

170 5013 298 5070 affirmat.
334 5016 386 5070 Est
412 5017 486 5071 enim
511 5018 539 5070 in
558 5023 696 5087 potestate
719 5018 841 5088 corporis
859 5019 1006 5088 glorificati
1032 5018 1159 5079 liberum,
1180 5027 1284 5089 quanto
1306 5019 1395 5089 magis
1413 5035 1463 5087 per
1481 5018 1721 5087 supernaturalem
1738 5021 1869 5089 impassi-

169 5100 255 5155 rideri
265 5109 293 5156 et
302 5119 356 5157 non
373 5103 461 5157 rideri
474 5103 510 5157 ab
523 5103 681 5159 hominibus
699 5105 821 5158 nondum
834 5103 1006 5175 glorificatis,
1033 5105 1153 5157 tilitates
1178 5105 1374 5174 proprietatem
1400 5102 1556 5175 glorificato
1582 5106 1692 5174 corpori
1717 5106 1770 5160 hoc
1789 5122 1869 5176 prae·

169 5194 201 5240 ut
224 5194 302 5257 patet
326 5191 451 5259 exemplo
470 5188 570 5244 Christi
596 5197 659 5259 post
683 5190 910 5244 resurrectionem
928 5209 1007 5245 susm
1033 5190 1100 5246 stari
1119 5188 1239 5259 poterit?
1297 5203 1304 5213 ·

173 5263 313 5326 ex'libera
332 5280 481 5348 oixotoptq
500 5274 713 5346 quibuscunque
731 5275 821 5329 voluit
840 5292 900 5331 sese
920 5278 1007 5331 mani·
1073 5278 1128 5334 153.
1163 5279 1187 5330 3.
1208 5275 1252 5329 De
1269 5275 1397 5344 4411111414
1416 5276 1568 5345 quaeritur,
1590 5281 1610 5331 1.
1629 5278 1902 5344 eaaqlerificatot.
1918 5292 1952 5333 ns
1965 5289 2006 5342 set·

172 5356 299 5411 festantis
317 5375 351 5412 sc
367 5358 580 5430 quibuscunque
593 5359 682 5414 voluit
698 5365 876 5429 conspectum
898 5361 941 5416 sui
959 5377 1007 5415 ne·
1033 5377 1152 5431 corpore
1164 5364 1278 5430 4444144
1292 5363 1350 5417 sive
1361 5363 1490 5431 pratitas
1502 5363 1538 5415 sit
1548 5364 1730 5429 asserenda!
1747 5362 1869 5426 Quidam
1882 5345 1976 5435 {stiffi

172 5442 274 5513 gantis.
309 5442 397 5514 Atqui
417 5444 522 5513 inquis,
541 5447 568 5498 si
583 5447 684 5514 falqor
701 5453 742 5498 est
761 5446 921 5500 essentialis
936 5466 1008 5520 pre·
1033 5462 1067 5500 ex
1078 5445 1264 5513 Scholasticis,
1283 5454 1315 5502 ut
1329 5447 1428 5503 Scotus
1439 5456 1468 5503 et
1481 5445 1651 5515 Psludsnus,
1669 5455 1782 5518 negant,
1802 5448 1975 5520 (4414104)οη

169 5529 425 5600 Ρ”’11“001110“’1
444 5532 613 5600 aleritmti,
632 5550 689 5585 404
707 5533 761 5586 erit
777 5531 917 5587 44144144·
934 5534 1011 5587 beati
1034 5532 1143 5603 corpori
1161 5532 1282 5588 humano
1300 5534 1426 5589 naturale
1447 5540 1569 5589 estesse
1589 5534 1783 5604 ponderosum,
1804 5550 1869 5589 cum
1882 5495 2004 5545 ‘mm
