4050 6014
208 299 311 356 XVIII
786 298 842 356 JO.
852 298 954 355 rum.
972 298 1122 354 eot'rstt
1140 297 1361 354 PRAEFATIO

210 453 363 521 Reiserus
372 454 420 535 *1,
442 453 596 523 Melchior
619 452 808 541 Nioolai**),
838 453 962 519 Paulus
987 451 1284 536 Colomesiusffl),
1316 451 1448 518 Samuel
1476 452 1697 539 Stryelrius†),
1731 456 1787 522 Jo.
1812 451 1912 519 Chri-

207 558 314 644 stoph.
350 557 571 642 Ρ101110011),
597 557 765 642 theologus
787 555 1025 642 Tubingensis,
1063 552 1218 621 llrnestus
1246 554 1399 622 Salomon
1426 555 1703 644 Opprianusffi),
1738 558 1910 644 theologus

211 659 391 737 Gothanus,
410 659 537 744 aliique,
558 683 638 743 quos
660 660 826 725 nominare
845 658 1097 744 supersedemus.
1579 700 1587 723 t

339 791 487 861 Tertium
516 816 614 882 opus,
637 818 701 878 quo
723 794 910 861 Gerhardus
939 793 1133 877 theologiam
1154 793 1338 879 cumprimis
1361 794 1557 882 exegeticam
1578 796 1707 882 egregie
1729 796 1910 880 illustravit,

208 909 259 967 est
287 901 482 964 Harmoniae
513 899 702 982 evaupelicae
732 896 1111 980 Chemaitio·Lpsert‘anae
1139 898 1334 962 continuatio.
1386 896 1538 976 Constat,
1578 898 1754 965 Martinum
1793 898 1911 966 Chem-

209 1002 342 1085 nitium,
374 999 558 1087 theologum
586 999 867 1084 incomparabilem
890 1010 985 1082 atque
1007 997 1159 1064 ecclesiae
1185 999 1427 1066 Brunsvicensis
1456 1001 1619 1085 quondam
1649 1002 1910 1095 superintenden-

210 1119 291 1184 tem,
325 1102 550 1188 conscripsisse
578 1101 790 1166 Harmoniam
825 1098 1059 1187 evangelicam,
1095 1101 1151 1165 sed
1189 1113 1290 1165 morte
1319 1115 1528 1188 praeventum
1561 1104 1615 1168 vix
1644 1103 1809 1168 dimidiam
1839 1105 1910 1169 eius

209 1219 333 1294 partem
354 1203 534 1271 absolvisse.
578 1204 666 1269 Hinc
687 1204 866 1291 Polycarpo
887 1203 1024 1288 Lysero,
1046 1202 1103 1287 qui
1127 1200 1308 1268 Chemnitio
1327 1203 1362 1267 in
1382 1226 1513 1269 munere
1536 1227 1628 1270 sacro
1650 1207 1812 1292 successit,
1834 1218 1911 1272 nata

211 1319 260 1375 est
291 1307 434 1391 occasio,
463 1329 544 1392 opus
573 1306 670 1372 hocce
700 1306 853 1370 eximium
882 1305 975 1370 editis
996 1304 1088 1368 annis
1111 1306 1203 1372 1663.
1231 1307 1377 1372 011668.
1407 1304 1529 1391 aliquot
1554 1307 1657 1373 adhuc
1677 1307 1769 1374 libris
1796 1307 1911 1396 ampli·

210 1410 335 1476 ficandi.
378 1409 492 1493 Neque
522 1420 628 1473 tamen
657 1407 800 1472 laborem
828 1407 915 1472 hune
942 1406 983 1471 ad
1010 1407 1106 1470 linem
1128 1407 1302 1493 perducere
1325 1408 1485 1494 integrum
1521 1409 1588 1474 viro
1621 1409 1742 1497 optimo
1764 1411 1911 1498 perlata

210 1513 308 1579 licuit.
341 1513 551 1578 Reservatum
571 1511 604 1575 id
619 1521 685 1576 erat
701 1509 870 1576 Gerhardo
888 1520 1009 1592 nostro,
1031 1509 1088 1593 qui
1108 1508 1172 1572 iam
1194 1532 1279 1574 anno
1301 1511 1392 1577 1617.
1411 1513 1652 1577 Commentarios
1667 1515 1700 1577 10
1715 1515 1911 1578 harmoniam

211 1619 357 1682 historiae
371 1617 557 1700 evaupslicae
568 1617 604 1678 de
612 1616 769 1701 passione,
788 1615 995 1691 0001101000,
1007 1623 1104 1677 morte
1114 1624 1142 1676 01
1155 1615 1312 1697 sepultura
1320 1613 1438 1681 Citati
1450 1625 1506 1679 ete.
1520 1614 1660 1698 itemque
1669 1617 1704 1679 10
1714 1617 1912 1681 lemmatum

213 1721 359 1785 1110100100
378 1719 564 1802 0000901000
584 1720 621 1781 de
639 1718 905 1781 resurrectionem
924 1716 1097 1780 0000001000
1110 1714 1227 1779 Christi
1236 1716 1400 1780 saloamm's
1417 1718 1517 1781 aceri
1535 1728 1593 1782 etc.
1616 1717 1638 1781 1
1640 1739 1718 1783 euae
1732 1715 1796 1783 luci
1807 1718 1916 1804 publi-

210 1842 267 1886 cae
284 1820 438 1905 exposuit.
460 1819 553 1883 Licet
568 1841 643 1884 vero
659 1817 725 1881 bini
741 1817 793 1881 isti
806 1816 882 1881 libri
898 1816 1010 1882 eadem
1024 1815 1184 1899 methodo,
1205 1838 1287 1899 quae
1301 1815 1334 1879 in
1349 1818 1530 1882 Hammaia
1548 1819 1911 1906 6100101110-1310001000

211 1922 474 2008 deprehenditur,
505 1935 611 1985 essent
642 1920 825 1985 concinnati
853 1939 1043 2001 summoque
1074 1918 1143 1981 iure
1173 1938 1289 1981 nomen
1320 1918 1568 1984 continuationis
1606 1919 1700 1984 huius
1727 1922 1911 1988 harmoniae

175 2050 184 2061 ·
213 2039 426 2100 mererentur,
457 2011 646 2088 Gerhardus
669 2034 792 2106 tamen,
819 2043 884 2104 qua
906 2034 973 2085 erat
993 2019 1166 2097 modestia,
1194 2018 1322 2084 titulum
1343 2020 1429 2085 hunc
1450 2021 1600 2086 adhibere
1622 2021 1741 2099 noluit,
1771 2025 1911 2111 ingenue

212 2127 395 2214 protessus,
423 2147 458 2189 se
486 2146 591 2207 neque
615 2148 652 2190 ea
676 2123 797 2208 ingenii
819 2121 1019 2208 praestantia,
1045 2143 1149 2205 neque
1171 2143 1209 2185 ea
1227 2121 1417 2188 eruditionis
1438 2124 1531 2209 copia
1551 2124 1741 2191 instructum
1762 2148 1847 2211 esse,
1876 2142 1910 2193 ut

215 2240 376 2294 tantorum
399 2227 539 2291 virorum
561 2225 686 2289 labores
701 2225 796 2310 plane
814 2224 948 2290 eximios
965 2223 1079 2289 eadem
1095 2223 1285 2288 dexteritate
1307 2225 1485 2310 eodemque
1510 2224 1567 2291 iilo
1584 2249 1622 2292 00
1637 2225 1710 2291 01110
1724 2228 1911 2294 continuare

212 2329 316 2415 possit
324 2329 386 2414 *†).
430 2327 576 2392 Tandem
599 2349 672 2391 vero
703 2325 875 2392 multorum
900 2347 1153 2411 magnorumque
1181 2326 1404 2412 theologorum
1431 2329 1601 2395 auctoritas
1630 2331 1801 2395 commovit
1829 2329 1913 2395 Ger-

212 2432 347 2498 hardum
383 2441 527 2494 nostrum
557 2431 597 2493 ad
626 2428 763 2493 arduum
783 2428 883 2494 hocce
914 2450 995 2513 opus
1019 2429 1301 2513 aggrediendum·
1321 2429 1440 2494 Finitis
1460 2431 1568 2514 itaque
1588 2432 1732 2496 locorum
1753 2432 1913 2518 theologi·

213 2557 323 2599 corum
345 2532 448 2608 tomis,
466 2554 552 2596 anno
579 2532 671 2598 1624.
691 2553 821 2594 manum
842 2531 931 2616 operi
951 2531 1120 2596 admovere
1142 2530 1248 2616 coepit
1268 2531 1366 2614 idque
1386 2531 1471 2596 intra
1484 2532 1613 2597 triennii
1627 2532 1753 2598 circiter
1767 2534 1910 2619 spatium

214 2635 350 2703 absolvit
359 2633 503 2700 feliciter.
519 2632 652 2698 Constat
666 2631 992 2699 verohaeeGerhardi
1002 2633 1208 2717 continuatio,
1218 2655 1284 2717 qua
1293 2633 1476 2699 harmoniae
1487 2633 1690 2720 evangelicae
1701 2634 1913 2721 colophonem

215 2738 382 2824 imposuit,
413 2736 514 2800 tribus
545 2736 709 2820 partibus,
739 2758 874 2819 quarum
905 2735 1007 2821 prima
1035 2737 1235 2803 00001626.
1267 2736 1408 2800 0000060
1427 2750 1459 2802 01
1482 2736 1576 2802 tertis
1594 2759 1669 2802 vero
1692 2739 1785 2804 1627.
1805 2736 1913 2803 lueem

215 2840 361 2926 adspexit
376 2838 545 2925 publicam.
591 2839 701 2921 Atque
730 2836 788 2900 hac
810 2837 931 2900 ratione
948 2836 1183 2901 triumvirorum
1199 2838 1543 2923 praestantissimorum
1558 2837 1683 2904 lalmres
1697 2839 1731 2902 in
1745 2840 1912 2905 historiam

214 2941 433 3027 evangelicam
453 2939 585 3005 insumti
606 2939 744 3024 primum
767 2938 899 3003 seorsim
919 2939 1114 3023 prodierunt,
1138 2937 1242 3003 donec
1263 2940 1392 3005 tandem
1412 2962 1492 3026 opus
1515 2940 1675 3024 integrum
1702 2954 1731 3005 et
1757 2940 1913 3008 Genevae

215 3068 299 3109 anno
322 3044 416 3109 1628.
439 3053 470 3106 01
480 3041 687 3107 Roterodami
709 3041 976 3106 00001646101.
999 3040 1218 3108 excuderetur.
1264 3043 1372 3107 Hasce
1393 3064 1467 3107 vero
1489 3043 1645 3109 editiones
1664 3044 1808 3109 insecuta
1822 3044 1915 3110 dein·

216 3168 291 3233 ceps
311 3161 360 3211 est
375 3144 471 3211 editio
488 3142 752 3228 Hamburgensis‚
774 3165 857 3227 quae
870 3158 955 3206 anno
971 3145 1062 3209 1652.
1079 3143 1196 3228 prodiit
1218 3155 1315 3228 atque
1330 3144 1489 3230 prioribus
1504 3145 1700 3211 editionibus
1716 3168 1774 3213 000
1789 3145 1913 3233 plenior

216 3262 249 3315 et
280 3247 459 3314 accuratior
486 3245 696 3333 praeferenda
722 3256 779 3309 est.
823 3244 1055 3310 Recentissima
1082 3244 1220 3328 denique
1242 3245 1339 3311 editio
1361 3268 1400 3311 es
1419 3258 1484 3326 est,
1515 3269 1598 3331 quae
1620 3249 1804 3334 Hamburgi
1826 3273 1911 3315 anno

218 3353 312 3421 1704.
343 3349 398 3415 tol.
428 3349 461 3413 in
493 3363 555 3413 tres
583 3347 734 3412 distincta
766 3359 869 3410 tomos
900 3346 1152 3432 necessariisque
1177 3348 1332 3414 instructa
1352 3349 1513 3414 indicibus
1543 3350 1628 3435 typis
1656 3352 1717 3416 1011
1743 3353 1913 3437 exscripta.

216 3452 387 3520 Praeclare
409 3465 444 3516 ut
465 3452 505 3516 de
526 3452 651 3537 integro
674 3473 780 3536 opere,
805 3450 849 3514 ita
871 3449 1054 3534 cumprimis
1076 3450 1116 3514 de
1131 3451 1370 3517 continuatione
1384 3449 1546 3518 Gerhardi
1560 3453 1697 3519 sensisse
1710 3454 1913 3520 doctissimos

217 3576 416 3640 magnaeque
439 3552 636 3618 auctoritatis
659 3552 752 3636 viros,
772 3575 813 3616 ex
837 3551 962 3637 elogiis,
983 3573 1065 3635 quae
1086 3554 1253 3637 partimin
1276 3554 1457 3619 novissimis
1474 3554 1579 3640 operis
1598 3555 1692 3619 huius
1708 3554 1913 3634 editionibus,

216 3656 334 3743 partim
362 3678 438 3721 vero
468 3656 501 3721 iu
528 3655 606 3721 Vita
636 3653 795 3721 Gerhardi
825 3678 846 3718 a
866 3653 1017 3720 Fischero
1041 3655 1230 3719 concinnata
1259 3653 1428 3741 leguntur,
1449 3665 1537 3741 patet
1559 3655 1735 3723 luculenter
1744 3657 1826 3742 **†).
1870 3659 1914 3724 Et

221 3846 427 3855 —--——·-—

321 3943 349 4012 *)
375 3942 403 3996 ls
423 3958 551 3997 caussam
559 3939 695 3997 Dorschei
716 3949 814 3996 contra
832 3941 930 3996 Thom.
951 3941 1115 4009 leonhardi,
1134 3943 1297 4012 scriptorem
1319 3943 1501 4016 pontificium,
1519 3952 1629 4000 strenue
1647 3944 1705 4015 egit
1724 3945 1753 3999 in
1774 3946 1914 4001 1100110110

218 4028 624 4097 0000901100110011011010010.
660 4027 731 4084 Ulm.
755 4033 828 4083 1661.
847 4035 871 4082 t.

325 4115 367 4182 **1
387 4114 421 4167 10
439 4114 656 4168 11011000010010
676 4121 739 4166 0010
757 4114 916 4179 Lutlserum,
934 4099 1109 4166 Ι1600001οτ11
1133 4117 1206 4168 1658.
1226 4119 1251 4171 l.

326 4200 383 4269 W)
406 4199 469 4253 Huc
494 4199 615 4269 pertinet
640 4199 699 4253 eius
718 4201 806 4252 Rome
822 4205 1013 4267 protestante,
1036 4216 1073 4251 ou
1096 4199 1283 4268 temot'pnapes
1306 4202 1342 4252 de
1364 4202 1510 4268 plusieurs
1537 4198 1706 4270 catholtques
1724 4202 1861 4255 Romaim
1881 4219 1916 4254 ea

213 4289 322 4354 fovear
342 4287 378 4339 de
395 4286 428 4338 10
445 4287 602 4339 0010110001
619 4288 654 4338 010
673 4285 704 4337 10
718 4285 852 4353 prolique
872 4287 1115 4355 «0001010010010,
1134 4283 1253 4339 Londira
1276 4288 1349 4339 1636.
1369 4290 1392 4340 8.
1419 4285 1542 4339 Insertus
1560 4291 1658 4353 postea
1675 4284 1730 4340 suit
1748 4285 1825 4340 hicce
1845 4285 1916 4340 liber

220 4371 280 4426 eius
300 4372 437 4440 Operibus
454 4388 471 4425 a
487 4370 618 4426 Fabricio
635 4369 791 4440 Hamburgi
812 4375 887 4427 1761.
905 4370 996 4438 061110,
1016 4389 1044 4439 p.
1066 4375 1123 4425 731.

326 4459 353 4529 1)
372 4458 405 4512 10
424 4459 576 4512 Praesidio
594 4458 742 4526 relr'ps'om's
759 4457 935 4525 eucapels'cae
953 4472 986 4509 00
1005 4457 1066 4509 iure
1084 4457 1227 4521 00000100,
1253 4462 1317 4526 post
1334 4461 1449 4511 mortem
1466 4453 1525 4508 eius
1543 4454 1718 4521 Francoiurti
1738 4461 1812 4512 1722.
1832 4457 1915 4512 06110.

324 4546 366 4610 11)
393 4543 422 4597 10
449 4544 553 4597 dudum
578 4550 643 4598 ante
666 4542 826 4614 Stryckium
853 4546 998 4612 Dopmata
1016 4542 1235 4611 protestantium
1269 4561 1301 4598 00
1336 4543 1397 4595 iure
1419 4541 1554 4595 00000100
1578 4551 1604 4595 01
1628 4543 1756 4598 conciliis
1785 4545 1915 4612 deducta,

220 4627 368 4698 'l'ubingae
389 4633 463 4684 1112.
483 4635 508 4683 4.
527 4629 623 4699 edidit,
641 4646 739 4684 recusa
758 4628 861 4683 ibidem
883 4634 955 4684 1722.
973 4635 996 4684 4.
1018 4644 1082 4681 cum
1099 4628 1270 4699 praefatione
1287 4627 1476 4699 christophori
1494 4628 1630 4685 Matthiae
1642 4627 1745 4696 Pfaffii,
1768 4627 1817 4683 ubi
1833 4636 1863 4685 01
1879 4631 1916 4685 60

222 4712 380 4769 auctoribus
403 4713 520 4779 disserit,
539 4715 586 4785 qui
605 4721 689 4770 testes
710 4714 834 4770 veritatis
852 4715 880 4768 in
900 4715 1017 4770 ecclesia
1035 4732 1149 4770 romana
1166 4716 1233 4769 data
1251 4733 1337 4786 opera
1351 4722 1556 4771 recensuerunt.

326 4798 386 4866 †††)
414 4797 540 4852 Pertinet
565 4800 620 4854 huc
643 4808 752 4870 praeter
777 4800 832 4854 alia
854 4801 913 4854 eius
938 4802 1042 4872 scripta
1063 4801 1223 4872 cumprimis
1249 4800 1332 4866 illud,
1359 4799 1434 4870 quod
1458 4800 1576 4868 primum
1593 4801 1721 4855 Hilariis
1746 4801 1915 4870 semipelics‘s

223 4885 359 4953 adiunxit,
378 4882 457 4939 brevi
475 4894 539 4954 post
554 4891 646 4939 autem
661 4885 774 4940 seorsim
788 4885 884 4954 edidit,
904 4886 956 4939 hac
973 4887 1135 4956 insignitum
1151 4887 1342 4957 inscriptione:
1366 4886 1593 4956 Ueberseupeude
1600 4886 1757 4954 Belelsruup
1781 4904 1844 4941 eom
1864 4887 1914 4940 Ur·

221 4991 329 5043 spruap
351 4973 412 5024 arrd
426 4970 603 5025 Wachstlam
619 4975 669 5023 cles
687 4972 869 5039 Papsttlrums
888 4977 939 5026 etc.
972 4971 1083 5026 Gothae
1106 4980 1179 5029 1119.
1205 4973 1316 5044 Lipsiae
1337 4976 1411 5027 1726.
1432 4978 1504 5028 1716.
1541 4972 1649 5027 Prodiit
1666 4987 1777 5042 quoque
1794 4972 1915 5028 Franco-

225 5058 292 5112 turti
311 5073 374 5111 cum
396 5055 601 5111 accessionibus
620 5056 787 5128 quibusdam
808 5063 881 5114 1136.
900 5063 925 5114 8.
946 5063 974 5112 01
990 5057 1097 5129 belgice
1118 5059 1191 5129 Hag.
1209 5057 1307 5112 Comit.
1329 5060 1402 5111 1731.
1422 5062 1446 5113 8.

326 5144 372 5209 111
391 5141 456 5196 Vid.
474 5140 611 5198 Gerhardi
630 5145 846 5199 Dediects'oaem
867 5146 1065 5199 commentario
1081 5145 1112 5198 10
1129 5145 1189 5200 list
1206 5143 1349 5212 passiom's
1364 5144 1551 5212 praemissam,
1570 5140 1622 5196 sub
1639 5141 1731 5197 linem.

328 5231 386 5296 **1)
404 5227 582 5282 Testimoniis
600 5246 618 5283 a
635 5229 766 5284 Fischero
785 5231 914 5285 adductis
932 5231 1107 5301 adiungimus
1134 5230 1246 5283 unicum
1266 5227 1350 5300 idque
1360 5229 1495 5284 Friderici
1515 5227 1773 5300 AdelphiLampii,
1791 5227 1915 5299 theologi

224 5312 366 5368 reformati
393 5315 477 5384 longe
504 5312 664 5383 doctissimi,
704 5316 752 5385 qui
776 5315 805 5369 in
831 5315 1036 5370 Commentario
1057 5317 1087 5370 10
1099 5316 1239 5369 ι10000001
1257 5321 1320 5368 tom.
1343 5319 1365 5371 1.
1384 5333 1415 5383 p.
1436 5318 1497 5371 264.
1525 5331 1595 5383 opus
1623 5312 1847 5369 Gerhardianum
1875 5314 1915 5368 ita

224 5405 387 5470 congestum
413 5418 472 5455 esse
491 5401 603 5469 scribit,
630 5410 660 5454 ut
682 5402 832 5468 sipillatr'm
856 5404 884 5455 10
901 5403 1025 5455 1000010
1048 5401 1222 5469 mespelium
1239 5417 1259 5451 0
1278 5417 1338 5469 cap.
1357 5405 1399 5453 11.
1419 5403 1460 5454 acl
1479 5402 1562 5466 finem
1582 5417 1669 5469 usque
1687 5399 1915 5453 comaseatarsum

119 5514 122 5519 ·
224 5486 410 5555 luculentum,
434 5487 587 5540 litteralem
612 5495 639 5540 et
663 5486 847 5556 tlteolops'cum
866 5487 1048 5556 doctrinaque
1059 5487 1144 5540 saria
1161 5486 1299 5553 refertum
1318 5488 1457 5555 {exhibeat
1490 5488 1630 5554 ansque,
1648 5494 1680 5539 ut
1703 5487 1762 5538 0100
1781 5502 1914 5540 0000000-
