4050 6014
797 240 849 302 Du
868 242 963 305 vius
982 242 1173 307 mussat.
1769 252 1831 314 425

143 403 200 458 ium
218 403 365 474 superbia,
391 423 441 460 nec
468 423 530 459 cum
556 400 689 460 honitatis
718 412 832 459 auctore
858 404 976 474 malitia,
1002 406 1074 461 ralis
1089 405 1147 459 uita
1165 411 1296 460 manae
1309 405 1383 459 vitae
1399 412 1574 475 comparata,
1588 421 1664 459 mors
1683 409 1723 459 ert
1736 403 1832 473 patius

142 508 193 543 nec
212 509 273 544 oum
287 491 372 561 pacis
392 491 483 545 amico
504 491 666 558 discordia,
686 490 743 557 {nec
762 509 823 544 acm
840 491 902 555 filio
922 489 975 544 oir-
1003 493 1126 547 dicenda
1139 509 1222 561 quam
1235 492 1299 545 uita
1330 493 1397 561 Ipse
1418 493 1493 545 enim
1509 492 1690 561 quotidiam
1707 492 1833 559 dejectus

142 577 217 644 pinis
239 577 330 632 libido
353 585 379 631 et
396 578 525 647 luciaria,
555 595 611 630 non
629 577 805 631 adscendunt
826 577 895 630 uitia
909 583 976 647 post
1002 578 1192 647 corruptionis
1223 578 1293 647 quid
1319 585 1360 631 cst
1385 577 1468 631 aliud
1493 595 1576 648 quam
1600 579 1739 645 quaedam
1761 594 1834 646 pro·

142 663 275 717 uirtutum
290 671 438 735 parentem
456 681 505 718 nec
517 672 637 734 peccata
650 671 717 733 post
732 665 850 733 justum.
868 681 918 717 nec
936 663 977 716 in·
1003 664 1098 717 licitas
1110 665 1224 718 mortis!
1238 671 1288 720 etc.
1308 663 1389 718 Bona
1406 663 1490 735 hujus
1509 664 1583 719 vitae
1595 662 1752 718 mentitoris
1769 669 1835 718 sunt

137 749 289 817 firmitates
314 751 357 804 ire
381 758 499 819 possunt
520 759 587 821 post
609 750 763 818 medicum,
780 748 819 804 ait
838 748 976 803 Eusebius
1003 767 1036 804 ac
1052 757 1251 819 momentanea,
1271 749 1381 805 futurae
1400 766 1465 806 sero
1484 757 1611 818 aeterna,
1630 749 1734 820 gandia
1750 747 1833 820 hujus

143 832 303 890 Emisseous
322 835 394 890 hom.
416 836 450 891 dc
464 835 566 891 Christi
585 836 709 891 educens.
1002 836 1075 890 vitae
1089 836 1318 891 amaritudiuibus
1330 834 1560 903 contaminantur,
1578 836 1625 890 sed
1641 834 1753 890 futurae
1769 842 1834 890 sunt
1934 862 1936 865 v

181 926 236 976 175.
273 921 349 978 Usus
373 919 568 998 παραινετικός
587 922 616 976 iu
633 940 665 977 eo
685 920 820 991 consistit,
844 928 876 977 ut
894 920 977 974 bono·
1004 922 1099 991 plena,
1124 922 1249 992 perfecta
1274 932 1302 978 et
1326 923 1550 978 incontaminata.
1590 921 1723 992 Quisquis
1749 921 1835 992 igitur

50 914 127 951 Exhor-

50 967 113 1005 irtus.

144 1025 204 1060 sum
229 1013 257 1062 et
283 1008 448 1080 gaudiorum
477 1017 651 1064 aeternorum
676 1008 818 1063 meditatio
847 1007 874 1061 iu
898 1005 977 1061 nobis
1003 1008 1113 1062 suturae
1138 1009 1212 1063 vitae
1229 1008 1300 1063 bone
1320 1017 1349 1064 ot
1368 1009 1473 1080 gaudia
1489 1009 1561 1062 serio
1580 1007 1667 1063 credit
1685 1013 1712 1062 et
1731 1014 1835 1077 sperat,

144 1095 245 1149 excitet
270 1101 290 1152 t.
317 1098 417 1150 mundi
439 1104 465 1151 ct
487 1106 659 1151 terrenorum
684 1104 857 1150 contemtum.
899 1092 978 1158 Quis·
1004 1096 1159 1165 praesentia
1170 1095 1253 1152 facile
1264 1097 1402 1167 repudiat.
1433 1101 1456 1151 2.
1473 1096 1639 1159 Caelestium
1652 1091 1832 1148 desiderium.

144 1181 206 1251 quis
227 1182 300 1236 euim
324 1181 420 1238 futura
444 1183 518 1238 bona
543 1189 653 1253 eperat,
687 1180 874 1252 praesentium
899 1177 979 1234 facile
1005 1180 1136 1252 Quisquis
1153 1199 1287 1236 summam
1305 1183 1378 1236 vitae
1390 1189 1519 1237 aeternae
1531 1181 1691 1236 felicitatem
1708 1186 1737 1235 et
1746 1179 1835 1235 felici·

145 1266 330 1335 obliviscitum
356 1270 403 1342 qui
424 1269 553 1327 coelestia
571 1275 661 1335 amat„
679 1274 850 1322 terrenorum
867 1266 978 1322 fastidio
1004 1267 1070 1322 tatis
1086 1267 1159 1322 illius
1183 1272 1375 1325 aeternitatem
1396 1270 1568 1337 considerat,
1596 1268 1623 1321 iu
1651 1267 1725 1322 illius
1752 1265 1836 1322 corde

144 1353 227 1407 facile
250 1355 405 1426 corripitur.
443 1355 513 1410 Phil.
538 1361 564 1424 3,
588 1373 613 1408 v.
641 1359 687 1410 14:
715 1353 792 1416 Quae
814 1361 891 1407 retro
915 1361 979 1405 sunt
1005 1353 1169 1409 desiderium
1182 1356 1306 1425 ejusdem
1317 1371 1368 1424 per
1379 1355 1512 1425 Spiritum
1529 1360 1655 1408 sanctum
1667 1353 1834 1408 accenditur.

145 1439 310 1494 obliviscens
330 1443 371 1494 ad
388 1458 430 1508 ea,
449 1458 520 1510 qaae
538 1449 697 1510 anteeant,
715 1457 757 1493 me
777 1441 867 1510 ipsum
887 1447 977 1492 eaten—
1006 1439 1076 1510 Eph.
1097 1446 1121 1508 1,
1140 1456 1165 1494 t.
1189 1445 1227 1496 18.
1248 1448 1310 1496 orat
1328 1442 1477 1512 apostolus,
1495 1447 1527 1496 ut
1546 1441 1622 1495 Deus
1640 1440 1693 1511 piis
1711 1441 1759 1493 det
1772 1439 1835 1508 Spi-

145 1527 215 1578 ‹tens
225 1529 384 1595 praefixum
393 1545 549 1596 pes-eequor
561 1546 673 1598 scopum
688 1529 729 1581 ad
740 1527 870 1581 balaeum
883 1542 979 1594 supcr-
1004 1527 1089 1579 ritum
1113 1528 1268 1596 sapientiae
1297 1537 1322 1581 et
1346 1528 1525 1584 revelationis
1549 1530 1578 1581 in
1601 1526 1745 1594 apnitione
1766 1526 1835 1594 ejus,

147 1614 374 1666 univocationis
393 1613 501 1665 Deiin
525 1612 635 1666 Christo
654 1613 733 1668 Jcsu.
758 1629 784 1667 v.
804 1619 843 1667 19.
862 1612 977 1677 Eorum,
1005 1613 1181 1666 illuminatae
1200 1614 1295 1668 oculos
1313 1615 1425 1677 mentis,
1448 1622 1479 1666 ut
1499 1615 1603 1681 sciant,
1629 1629 1700 1683 quac
1718 1611 1754 1663 sit
1772 1627 1836 1680 spes

144 1699 195 1767 qui
209 1698 321 1768 ἐπίγεια
336 1704 482 1774 φρονοῦσι,
498 1698 564 1765 finis
581 1706 622 1754 est
643 1700 779 1753 interitus.
806 1697 859 1764 Qui
879 1696 980 1751 biberit
1005 1701 1160 1754 vocationis
1185 1702 1247 1770 ejus
1273 1709 1298 1755 et
1316 1719 1388 1770 quae
1406 1701 1521 1756 atnam
1541 1701 1651 1769 planiae
1671 1698 1836 1753 hereditatis

146 1783 179 1836 de
199 1783 283 1837 fluvio
301 1783 431 1854 paradisi,
453 1788 534 1856 cujus
552 1792 632 1858 gutta
651 1788 739 1856 major
759 1792 800 1840 est
820 1799 932 1851 oceano,
950 1783 978 1835 iu
1005 1786 1066 1855 ejus
1091 1788 1121 1840 in
1139 1788 1253 1841 sanctis.
1279 1788 1352 1842 Phil.
1367 1793 1391 1858 ³,
1408 1805 1435 1843 v.
1455 1793 1501 1845 2⁰:
1526 1790 1661 1842 Nostrum
1680 1790 1836 1858 πολίτευμα

145 1869 192 1924 illo
208 1869 268 1924 sitis
282 1871 378 1926 muudi
393 1872 504 1943 penitus
522 1872 715 1943 exstinguitur.
744 1870 979 1936 Quemadmodum
1005 1873 1211 1941 retineretis,
1235 1877 1308 1928 unde
1336 1876 1419 1928 ctiam
1439 1875 1617 1929 saluatorem
1635 1871 1773 1926 Christum
1792 1887 1836 1924 ea-

145 1954 168 2007 si
193 1955 255 2026 quis
281 1974 379 2012 aurum
401 1959 507 2029 pictum
531 1959 576 2015 vel
601 1958 749 2031 imaginem
773 1957 832 2011 auri
852 1956 880 2010 iu
899 1972 980 2028 aqua,
1005 1966 1168 2028 spectamus.
1193 1960 1251 2016 Gal.
1270 1966 1294 2029 3,
1313 1978 1339 2014 v.
1359 1967 1390 2019 2:
1417 1960 1495 2023 Quae
1512 1978 1623 2013 sursum
1640 1967 1719 2024 sunt,
1738 1958 1838 2026 sapite,

145 2041 205 2110 ipso
226 2059 294 2098 auro
313 2044 456 2117 neglecto,
475 2051 614 2114 captaret,
638 2043 736 2118 merito
761 2042 911 2113 rideretur;
940 2041 979 2095 sic
1006 2063 1061 2099 non
1090 2063 1161 2115 auae
1184 2057 1247 2102 suut
1278 2065 1366 2117 supra
1391 2050 1505 2102 terram.
1551 2047 1604 2100 Ubi
1626 2054 1666 2099 est
1689 2045 1838 2098 thuaurue

145 2127 228 2181 simili
252 2128 297 2184 vel
322 2130 406 2184 etiam
425 2130 523 2201 majori
541 2130 661 2185 stultitia
680 2129 823 2200 laborant,
847 2128 895 2198 qui
914 2143 979 2182 eva·
1006 2142 1112 2200 nasta,
1136 2135 1177 2187 ibi
1200 2136 1285 2188 etiam
1307 2144 1347 2189 cst
1370 2152 1419 2189 cor
1435 2143 1561 2189 nostrum
1585 2131 1684 2188 Matth.
1705 2136 1728 2194 o,
1753 2147 1777 2184 v.
1796 2134 1836 2185 21.

146 2215 214 2269 uida
230 2215 313 2286 hujus
328 2216 402 2272 vitae
422 2218 566 2273 commoda
581 2217 701 2272 aeternis
717 2217 796 2272 honis
814 2215 978 2270 anteferunt
1006 2219 1070 2274 ,lem
1088 2236 1154 2275 vero
1169 2219 1314 2276 thaam
1334 2227 1507 2277 aeternorum
1520 2237 1553 2275 ne
1565 2236 1691 2275 verorum
1704 2217 1838 2271 bonorum

146 2300 360 2373 chrysostomus
386 2304 465 2375 epist.
486 2310 509 2360 5.
533 2304 569 2358 ad
586 2304 692 2360 Theod.
711 2304 792 2374 laps:
819 2302 854 2357 Si
869 2303 979 2366 Petrus,
1007 2305 1035 2359 in
1052 2307 1137 2361 coelis
1157 2306 1238 2363 nobie
1257 2313 1370 2377 paratus
1379 2308 1438 2363 est.
1476 2306 1551 2378 Ergo
1570 2306 1653 2360 etiam
1677 2320 1710 2360 eo
1728 2301 1837 2358 extendi

145 2392 197 2456 qni
213 2391 287 2443 uidit
306 2391 454 2445 obscuram
481 2391 625 2461 quandam
644 2391 794 2459 imaginem
811 2391 980 2457 futurorum,
1007 2391 1091 2447 debet
1110 2393 1199 2448 cordis
1226 2393 1312 2450 nostri
1328 2393 1504 2451 desiderium.
1538 2392 1714 2447 Bernhardus
1732 2393 1766 2447 de
1783 2407 1837 2446 me·

145 2476 241 2528 omnia
259 2478 390 2531 continuo
407 2478 507 2548 rejecit
527 2478 563 2531 ab
579 2477 673 2532 animo
682 2476 981 2548 propterooluptatam
1007 2478 1085 2533 ditat.
1112 2496 1136 2534 c.
1156 2488 1185 2536 t:
1208 2479 1284 2542 Quae
1301 2498 1351 2535 aas
1370 2481 1449 2549 anpit
1469 2480 1594 2545 anania,
1610 2480 1742 2533 uitiorum
1758 2479 1838 2533 sitire

145 2560 265 2615 inditam
291 2565 403 2618 animae
434 2582 453 2616 a
485 2565 540 2620 tali
567 2566 716 2635 adspectu,
751 2564 822 2634 quid
849 2565 981 2630 dicemus,
1007 2566 1195 2634 absynthium,
1218 2565 1303 2634 bajus
1327 2568 1425 2619 mundi
1443 2566 1524 2634 sequi
1540 2566 1743 2636 naufragium,
1764 2564 1838 2618 uitae

146 2650 260 2718 qnando
275 2667 370 2704 rerum
387 2653 493 2704 ueritas
505 2652 609 2721 aderit,
622 2654 737 2721 quando
748 2651 836 2721 capiis
846 2649 980 2702 cubiculis
1007 2652 1126 2705 labentis
1146 2651 1213 2721 pati
1232 2651 1437 2721 infortunium,
1454 2652 1558 2724 impiae
1577 2652 1739 2720 tyrannidis
1750 2654 1837 2720 ferre

146 2737 296 2806 adapertis
324 2739 450 2793 contueri
474 2736 567 2792 licebit
589 2738 681 2809 ursum
706 2755 815 2806 sepem,
848 2754 905 2789 non
924 2752 980 2804 per
1007 2738 1175 2808 dominium,
1201 2747 1228 2793 et
1254 2756 1310 2792 non
1335 2739 1425 2807 mapis
1452 2739 1601 2793 conuolare
1618 2739 1659 2791 ad
1676 2747 1837 2792 sanctorum

145 2823 275 2888 aenipma
288 2840 339 2877 nec
354 2841 410 2894 per
428 2825 579 2894 speculum,
598 2827 650 2878 sed
666 2842 684 2877 a
702 2825 781 2889 facie
799 2825 839 2877 ad
851 2822 981 2891 sociem!
1004 2825 1184 2891 felicitatem,
1209 2827 1250 2878 ad
1273 2826 1438 2893 angelorum
1456 2825 1628 2887 sociantem,
1657 2826 1698 2878 ad
1716 2823 1837 2879 solenni·

146 2907 236 2965 Idem:
270 2909 352 2973 anea
375 2919 416 2965 cst
441 2912 579 2964 somnium
601 2912 685 2965 unius
712 2911 774 2964 dici
794 2927 848 2979 per
875 2925 980 2963 omnem
1006 2919 1090 2964 tatem
1116 2927 1257 2980 supernae
1281 2911 1407 2964 taets'tiae
1433 2919 1459 2965 et
1484 2912 1525 2964 ad
1542 2911 1748 2979 jucunditatem
1774 2926 1837 2963 con-

145 2994 240 3062 uitam,
264 2998 285 3052 i.
304 3014 327 3050 ε.
343 2998 457 3061 fructeta
475 3014 569 3051 rerum
582 2998 776 3068 praesentium
801 3004 981 3065 comparatus
1008 2997 1187 3066 temptatione
1205 2995 1296 3051 uitae!
1335 2995 1492 3068 Stephanus
1510 2999 1609 3051 videns
1635 2998 1693 3052 Dei
1715 2997 1838 3067 pluriam

146 3084 187 3135 ad
211 3089 313 3137 statum
335 3086 500 3149 futurorum
528 3084 682 3138 bonorum!
714 3083 804 3139 Idem:
833 3084 904 3137 Vere
926 3101 981 3137 non
1009 3091 1037 3139 et
1053 3091 1145 3139 mente
1165 3089 1248 3154 atque
1269 3084 1355 3138 oculis
1377 3083 1488 3139 futurae
1505 3085 1578 3138 vitae
1597 3085 1671 3139 bona
1690 3091 1718 3139 et
1735 3084 1838 3155 gaudia

147 3169 228 3223 labet
246 3188 332 3240 super
349 3180 466 3235 terram,
481 3174 558 3241 quod
575 3180 661 3237 amet,
680 3173 730 3241 qui
746 3174 850 3224 donum
867 3171 983 3225 coelata
1009 3169 1182 3240 praelibans,
1207 3169 1338 3225 molestie
1357 3171 1438 3225 unice
1457 3170 1614 3226 desiderare
1634 3170 1732 3240 incipit
1751 3171 1838 3227 exclu-

146 3259 175 3309 in
201 3259 319 3312 veritate
345 3258 507 3328 pustaucrit.
545 3257 721 3330 Augustinus
745 3257 805 3312 libr.
826 3263 849 3312 3.
878 3256 912 3310 de
933 3254 982 3311 lib.
1010 3273 1103 3311 mans:
1128 3258 1252 3311 Domine
1269 3256 1353 3323 Jcsu,
1379 3259 1489 3326 suscipe
1511 3257 1644 3327 spiritum
1668 3274 1758 3312 meum
1775 3257 1838 3313 Act.

146 3342 243 3397 arbitr.
260 3349 344 3403 c.28:
367 3344 460 3399 Tanta
479 3351 519 3398 est
536 3344 721 3414 pulchritudo
732 3344 879 3412 justitiae,
903 3350 983 3396 tanta
1011 3349 1034 3410 t,
1053 3360 1080 3399 v.
1099 3349 1141 3399 bb.
1162 3348 1190 3397 et
1207 3349 1249 3398 59.
1281 3341 1425 3410 Oauima,
1449 3359 1547 3398 ocuro
1564 3360 1633 3412 mee,
1658 3343 1839 3399 iliensium

141 3429 313 3497 jucunditas
332 3431 404 3484 lucis
417 3439 557 3496 aeternae,
572 3430 597 3486 li.
617 3447 640 3485 ε.
659 3430 893 3485 incommutabilis
912 3430 981 3482 oeri-
1008 3429 1159 3499 amplexari
1178 3428 1271 3492 debes,
1291 3429 1339 3484 ubi
1357 3437 1399 3484 est
1417 3429 1475 3483 rite
1488 3431 1547 3485 siue
1563 3435 1658 3491 morte.
1678 3430 1726 3485 ubi
1741 3432 1838 3500 juven·

147 3516 214 3567 tatis
245 3525 328 3586 atquc
363 3516 536 3585 sapientiae,
571 3524 602 3569 ut
627 3517 681 3570 etri
704 3534 759 3570 non
783 3517 880 3570 liceret
897 3517 927 3568 in
950 3533 982 3567 ca
1009 3522 1054 3570 tus
1079 3517 1138 3570 sino
1157 3523 1312 3582 senectute,
1342 3515 1390 3570 ubi
1406 3516 1539 3585 gaudium
1562 3516 1620 3571 sine
1638 3517 1764 3587 tristitia,
1791 3515 1839 3572 ubi

147 3600 270 3669 amplius
290 3619 403 3659 manae
422 3621 505 3674 mam
519 3602 603 3654 unius
619 3601 679 3654 dici
696 3619 784 3667 mora,
796 3610 916 3671 propter
931 3603 982 3654 boc
1010 3619 1125 3673 regnum
1146 3602 1206 3657 sine
1226 3601 1451 3658 commutatione
1487 3602 1633 3658 Adscendo
1652 3620 1719 3676 ergo
1738 3621 1771 3660 ea
1791 3621 1840 3675 per

147 3687 238 3741 solum
256 3688 473 3744 innumerabiles
495 3688 564 3742 anni
585 3688 670 3757 bajus
686 3690 759 3742 uitae
772 3689 856 3757 pleni
873 3688 983 3742 delicies
1009 3688 1191 3757 desiderium,
1221 3706 1276 3743 nou
1305 3688 1379 3743 euim
1403 3704 1498 3742 sumus
1524 3689 1619 3743 mundi
1644 3690 1765 3757 incolae,
1791 3689 1839 3743 sed

149 3782 173 3827 et
185 3775 406 3845 circumfluentia
420 3775 617 3845 temporalium
631 3775 764 3829 bonorum
782 3784 856 3829 recte
873 3776 982 3828 merito·
1010 3775 1150 3843 advenae,
1169 3774 1286 3829 amatrix
1306 3776 1344 3829 sis
1362 3775 1435 3829 vitae
1449 3792 1504 3829 uon
1523 3774 1656 3846 fugientis
1672 3776 1722 3831 sed
1734 3792 1839 3846 perma-

148 3878 200 3929 que
225 3871 472 3917 contemnerentur.
520 3864 586 3916 Non
618 3861 690 3916 enim
714 3862 793 3926 feteo
823 3869 872 3914 aut
894 3878 982 3931 prauo
1009 3862 1109 3929 uenus,
1126 3878 1181 3915 nou
1197 3861 1371 3917 transitoriae
1387 3861 1436 3916 sed
1454 3867 1590 3917 aeternae.
1628 3863 1657 3916 si
1676 3869 1703 3916 te
1722 3862 1841 3917 delectat

148 3948 251 4017 affectu
270 3949 374 4002 dictum
398 3957 451 4002 cst:
492 3947 565 4012 Quia
588 3948 688 4002 melior
711 3956 751 4001 est
772 3966 844 4001 unus
870 3949 929 4001 dics
954 3950 983 4002 in
1011 3947 1158 4018 sapientia,
1175 3947 1421 4018 ibideipsoionte
1439 3948 1591 4017 sapientiae
1608 3948 1711 4003 bibitur
1728 3954 1756 4003 et
1773 3947 1840 4002 nihil

50 4040 69 4082 t.
84 4046 134 4088 aso.
148 4033 233 4087 atriis
257 4036 313 4088 tuis
336 4054 421 4105 super
444 4033 545 4090 millia.
584 4032 748 4105 Fulgentius
769 4034 847 4104 epist
869 4039 892 4088 6.
910 4050 933 4088 c.
953 4040 983 4090 ⁴1:
1011 4051 1101 4090 rerum
1122 4034 1232 4089 utilium
1250 4051 1284 4090 uc
1301 4036 1517 4090 necessariarum
1537 4035 1694 4107 ignoratur,
1718 4035 1757 4089 ibi
1780 4036 1841 4104 ipsa

150 4120 184 4174 ss·
200 4120 250 4190 qui
273 4122 470 4190 temporalium
495 4121 713 4175 simulatitium
738 4138 832 4176 amore
850 4128 984 4176 camerato
1010 4121 1057 4175 lux
1076 4120 1306 4186 incommutabilis
1328 4121 1454 4176 veritatis
1478 4138 1496 4177 a
1513 4122 1584 4176 facie
1603 4121 1639 4175 ad
1659 4121 1758 4177 faciem
1775 4137 1840 4174 con·

147 4208 176 4259 in
198 4208 278 4261 itlius
298 4208 475 4262 dilectionem
493 4217 654 4277 transeunt,
671 4208 701 4261 in
718 4209 779 4277 ipso
801 4215 881 4261 erunt
895 4208 985 4277 pleni,
1010 4207 1158 4279 spiciendo
1181 4206 1362 4264 exhibebitur.
1402 4206 1432 4263 Si
1456 4214 1484 4263 te
1507 4207 1628 4263 delectat
1651 4213 1751 4277 pecata
1768 4215 1841 4262 trau·

147 4292 177 4344 in
195 4311 249 4361 quo
271 4293 344 4349 nihil
362 4295 523 4366 indiqetur5
548 4291 578 4346 in
598 4310 630 4349 eo
649 4295 757 4359 securi,
783 4295 813 4347 in
837 4311 890 4365 quo
913 4294 984 4348 nibil
1010 4294 1134 4364 quillitas
1159 4302 1188 4349 et
1213 4292 1250 4348 ab
1276 4292 1404 4348 omuibus
1430 4294 1547 4348 miseriis
1571 4301 1600 4348 et
1615 4294 1738 4349 adversis
1753 4293 1842 4349 libera

149 4381 294 4446 metuitur;
310 4382 339 4435 in
360 4399 392 4438 eo
409 4399 473 4436 ecre
492 4397 653 4451 semperque
672 4381 800 4451 gloriosi,
820 4381 900 4449 cujus
915 4397 984 4434 ocra
1009 4381 1145 4449 felicitas3
1174 4380 1214 4435 ibi
1231 4381 1283 4435 erit
1306 4380 1364 4435 vita
1385 4381 1587 4451 jucundissima
1612 4386 1640 4435 et
1661 4380 1841 4463 quietissima,

149 4473 174 4520 el
204 4469 373 4537 sempiterna
397 4468 493 4539 picria
515 4485 565 4521 nec
588 4470 736 4535 aufertur,
764 4484 814 4520 nec
841 4468 984 4533 minuitur,
1010 4469 1069 4524 sine
1088 4483 1225 4533 moerore,
1244 4466 1304 4521 sine
1321 4466 1487 4537 indigentia,
1507 4466 1567 4521 sine
1585 4465 1760 4534 infirmitate,
1783 4467 1842 4520 sine

149 4571 199 4607 nec
219 4563 344 4624 aupaur.
380 4554 450 4618 Quis
476 4572 532 4609 non
553 4555 632 4609 illiue
649 4556 723 4609 ritae
738 4555 880 4608 desiderio
894 4570 983 4623 prae·
1010 4554 1144 4609 molestia
1177 4551 1207 4607 Si
1230 4557 1258 4607 te
1286 4552 1406 4606 delectat
1426 4553 1586 4608 harmoniae
1602 4552 1778 4623 jucunditas3
1802 4551 1842 4607 ibi

149 4649 252 4696 sentem
266 4641 352 4695 uuam
365 4643 526 4712 despiciat!
553 4641 621 4704 Quis
633 4659 689 4694 non
701 4640 781 4694 iltius
794 4640 984 4694 abundantiae
1010 4640 1172 4711 angelorum
1195 4636 1293 4708 hymni
1317 4638 1484 4700 audiuntur,
1502 4638 1542 4693 ihi
1560 4637 1703 4694 bosumm
1721 4638 1844 4693 citharae

151 4727 351 4785 delectamento
369 4729 486 4784 divitiae
511 4730 644 4798 temporis
671 4729 790 4782 tabentis
818 4728 985 4782 saboneatt
1010 4731 1150 4794 resonant,
1168 4724 1207 4780 ibi
1225 4724 1405 4780 suavissimus
1416 4724 1579 4797 angelorum
1592 4731 1621 4779 et
1637 4725 1777 4781 homiuum
1794 4742 1842 4780 au·

154 4813 222 4878 Quis
235 4833 292 4870 non
304 4816 384 4870 illius
402 4816 484 4885 rapui
499 4815 648 4871 dilectione
659 4816 754 4870 omnia
767 4823 878 4869 terrena
896 4831 984 4885 renna
1011 4813 1088 4868 ditur
1113 4818 1272 4869 concentus.
1310 4810 1339 4867 Si
1357 4819 1386 4868 te
1402 4812 1525 4869 delectat
1541 4812 1597 4868 cibi
1616 4820 1733 4885 potusve
1753 4812 1901 4877 suasi-u
1917 4830 1962 4873 εει,

151 4905 328 4957 contemnat!
361 4903 451 4958 Iliam
479 4919 544 4974 erpo
566 4901 652 4956 uitam
671 4909 735 4956 tunc
753 4902 935 4970 accipiemus,
960 4901 987 4954 si
1012 4907 1070 4973 tas;
1089 4900 1129 4954 ibi
1150 4900 1362 4954 inebriabuntur
1380 4901 1462 4966 ,beati
1479 4900 1516 4953 ab
1535 4901 1660 4954 ubertate
1679 4900 1848 4954 domusDei

151 4987 215 5044 buic
239 5008 289 5044 nos
310 4990 386 5044 uitae
405 4997 528 5046 mortuos
549 4990 739 5055 aestimemus,
767 4996 793 5041 et
821 4988 889 5042 ittae
915 4988 985 5042 diui·
1013 4996 1038 5040 et
1062 4994 1187 5042 torrente
1211 4987 1365 5056 uoluptatis
1385 4988 1560 5057 potabuntur
1583 4986 1685 5041 Psalm.
1711 4992 1752 5052 26,
1776 5005 1801 5039 v.
1821 4990 1845 5042 9.

152 5076 208 5131 tias
240 5085 305 5131 tunc
327 5077 552 5148 possidebimur,
585 5077 613 5131 si
640 5076 685 5130 bic
711 5091 853 5145 pauperes
882 5074 987 5144 spiritu
1013 5073 1052 5129 ibi
1066 5074 1219 5130 comeditur
1243 5076 1279 5127 de
1294 5074 1373 5142 iipno
1390 5075 1476 5141 uitae,
1501 5075 1578 5142 quod
1596 5080 1637 5127 ert
1656 5075 1687 5127 in
1707 5074 1847 5142 paradiso

151 5166 280 5220 uiuamus.
308 5162 461 5236 Gregorius
474 5159 549 5218 hom.
567 5168 608 5219 ³¹1.
628 5162 658 5217 iu
677 5178 786 5234 evang:
808 5160 843 5216 Si
859 5161 987 5214 conside-
1015 5162 1073 5215 Dei
1090 5162 1183 5231 Apoc.
1203 5165 1227 5229 2,
1246 5175 1273 5214 a.
1291 5165 1314 5214 t.
1335 5176 1368 5215 ac
1385 5158 1491 5214 bibitur
1507 5161 1542 5213 de
1554 5160 1644 5228 sturio
1659 5176 1750 5230 aquae
1767 5161 1847 5213 vivae

152 5268 252 5319 remus,
273 5269 345 5322 meae
362 5259 506 5323 etquanta
517 5258 589 5321 sunt,
609 5267 681 5320 quae
696 5251 776 5305 nobes
785 5248 988 5320 promittuntur
1014 5248 1165 5316 splendido
1192 5255 1325 5317 tanquam
1352 5245 1487 5315 crystallo
1515 5247 1684 5314 procedeute
1712 5248 1747 5300 de
1777 5246 1844 5299 sede

153 5337 184 5395 in
202 5336 297 5410 coelis,
316 5339 452 5394 oducunt
472 5341 566 5393 animo
591 5337 693 5403 omnia,
714 5353 785 5406 quae
804 5336 941 5391 habentur
958 5335 987 5388 in
1015 5335 1074 5389 Dei
1091 5341 1118 5388 et
1135 5333 1213 5404 Aoni
1225 5332 1313 5405 Apoc.
1326 5337 1369 5400 22,
1389 5350 1414 5386 v.
1430 5337 1452 5387 l.
1470 5330 1509 5386 ibi
1528 5332 1627 5402 Agnus
1645 5332 1759 5386 deducit
1780 5332 1844 5386 bea·

153 5430 246 5483 terris.
277 5426 405 5482 Terrena
418 5440 536 5496 namque
554 5424 726 5480 substantiae
737 5440 878 5493 supernae
894 5422 987 5487 felici·
1014 5429 1057 5476 tos
1082 5422 1122 5476 ad
1142 5425 1235 5487 fontei
1259 5437 1350 5488 cquae
1373 5419 1451 5472 cicae
1475 5417 1563 5487 Apoc.
1585 5424 1609 5484 2,
1632 5435 1658 5473 v.
1684 5423 1723 5473 tt.
1764 5417 1793 5474 Si
1817 5425 1846 5474 te

153 5515 207 5572 tati
223 5523 394 5591 cornparata
409 5512 523 5587 pondus
540 5520 598 5584 est,
613 5528 670 5565 non
687 5510 844 5567 subsidium
849 5530 860 5579 ,·
886 5517 987 5580 tempo·
1017 5508 1137 5565 delectat
1152 5507 1301 5578 proborum
1321 5505 1561 5562 ethonoratorum
1581 5505 1698 5559 societas
1715 5521 1749 5560 ac
1766 5504 1844 5560 iami-

1566 5590 1636 5651 27..
