4050 6014
652 355 704 408 DE
722 355 889 412 INFERNO
904 355 976 414 SEU
997 356 1127 412 MORTE
1146 356 1335 415 hesma
1777 366 1837 423 235

147 511 285 574 mortales,
311 512 440 574 defectam
457 512 628 578 indeficiens,
649 512 719 579 finis
741 512 873 575 infinitus.
909 513 980 567 Pro·
993 516 995 603 i
1009 515 1157 568 Ardebant
1175 517 1273 569 miseri
1289 517 1319 568 in
1337 517 1400 584 iane
1418 523 1532 568 aeternio
1550 523 1575 567 et
1594 515 1623 567 in
1643 522 1787 568 aeternum
1815 521 1841 566 et

146 612 210 665 sper
231 596 247 649 l.
267 603 290 650 3.
310 596 344 650 de
363 597 421 651 vita
437 596 584 667 mntempl.
602 613 626 650 c.
646 602 694 652 12:
713 599 812 651 Fletus
828 607 854 651 et
871 600 980 653 stridor
993 612 995 669 ς
1007 601 1093 653 ultra.
1121 602 1158 654 In
1177 618 1262 655 carne
1280 602 1480 654 cruciabuntur
1495 617 1550 669 pes·
1570 600 1670 668 ipnem,
1691 601 1720 652 in
1737 598 1841 668 spiritu

147 682 272 733 derstirm
299 684 452 735 acerrimos
479 700 574 736 eonem
600 683 716 736 dolores
743 686 905 751 ostendunt,
932 676 1060 754 qai‘per
1077 686 1262 740 conscientiae
1278 703 1405 740 vermem.
1440 687 1489 738 Ibi
1502 684 1558 738 erit
1578 687 1662 740 dolor
1679 685 1840 738 indolerabi-

146 767 287 835 supplicio
306 775 439 821 aeterrsae
456 769 556 823 mortis
573 770 687 822 addicti
704 787 761 823 seon
777 770 896 822 videndi
919 786 980 822 sen·
1007 769 1057 834 lie,
1082 771 1166 823 timor
1183 772 1344 840 horribilis,
1372 774 1468 836 foetor
1489 771 1738 840 incomparabilis,
1766 787 1841 824 mors

145 870 207 906 sam
224 854 351 906 habituri
367 862 431 905 sunt
449 857 501 907 sed
520 856 645 908 dolendi.
684 855 808 917 Quorum
832 855 980 908 continuus
1007 856 1118 910 animae
1138 864 1164 910 et
1183 859 1311 927 corporis
1331 858 1391 910 sine
1408 860 1567 926 speoeniae
1580 865 1606 909 et
1620 854 1840 910 misericordiae.

144 941 431 1008 aestumandum
449 949 589 1001 aeternus,
606 942 832 1005 eohrmmnns,
846 942 980 1010 poenalis
1008 942 1057 995 Sic
1074 949 1165 996 minen
1183 945 1351 1012 moriemur,
1378 952 1409 996 ut
1433 945 1666 1012 sempervivae,
1693 951 1719 994 et
1736 943 1778 995 sic
1801 943 1839 995 oi·

145 1035 385 1095 senutstorqaent
404 1029 524 1093 animas,
537 1044 587 1080 nec
601 1035 771 1096 extorquent,
786 1028 906 1095 puniant
919 1044 980 1080 cor·
1005 1036 1082 1094 nent,
1114 1037 1144 1081 nt
1175 1044 1284 1098 semper
1316 1030 1480 1082 moriantur.
1517 1045 1596 1083 serm.
1624 1033 1647 1084 Β.
1679 1028 1707 1081 in
1739 1027 1840 1083 Psalm.

143 1130 218 1181 pora
243 1113 387 1179 damnata,
410 1131 467 1166 non
489 1115 589 1177 finiunt
613 1120 666 1168 etc.
705 1113 789 1174 Quod
816 1113 886 1165 dicit
913 1130 978 1180 pro·
1008 1116 1064 1175 (lui
1070 1115 1180 1168 habitat
1189 1117 1219 1168 in
1228 1117 1376 1184 adjutorio
1388 1123 1454 1169 etc:
1471 1116 1569 1168 Fletus
1579 1116 1619 1168 ibi
1628 1116 1682 1169 erit
1695 1116 1729 1168 ob
1741 1116 1840 1182 ipsese,

144 1199 243 1267 pheta,
269 1199 371 1250 verinis
389 1215 484 1251 corum
504 1216 560 1251 non
577 1200 698 1252 moritur
714 1208 742 1251 et
760 1200 835 1266 ipnis
854 1216 910 1252 non
936 1214 979 1250 eu·
1006 1200 1056 1269 qui
1072 1218 1127 1253 non
1145 1202 1344 1268 eastinpuitnr,
1373 1202 1482 1254 stridor
1499 1219 1564 1254 vero
1583 1201 1708 1254 dentium
1725 1201 1759 1252 ob
1777 1215 1839 1253 oer-

145 1284 304 1351 stinpnitnr,
324 1286 365 1335 ad
382 1291 469 1337 totam
487 1286 613 1348 refertur
631 1287 762 1337 damnati
778 1285 896 1337 hominis
913 1300 979 1352 poe·
1005 1304 1088 1354 mem,
1116 1288 1167 1355 qui
1192 1305 1248 1339 non
1277 1288 1404 1340 moritur.
1442 1287 1533 1339 Plane
1558 1288 1643 1355 fletus
1671 1303 1703 1338 ee
1736 1287 1843 1351 dolore,

146 1389 226 1437 nam,
250 1387 334 1437 quam
352 1371 510 1437 inefficacis
525 1371 715 1437 poenitentiae
741 1371 812 1437 iqnis
840 1370 931 1422 enauit
954 1377 979 1422 ct
1007 1374 1116 1425 stridor
1139 1373 1263 1425 dentium
1282 1389 1315 1425 ea
1332 1374 1440 1436 furore.
1478 1373 1587 1425 Fletum
1608 1388 1705 1442 nempe
1724 1380 1841 1424 tormen·
1858 1383 1902 1423 n.
1917 1384 1961 1425 m.

146 1458 331 1510 cmmnnteutis
350 1456 536 1510 conscientiae
554 1457 655 1509 vermis
675 1456 871 1509 immortaliter
901 1457 978 1509 rodit
1007 1468 1100 1512 torum
1126 1459 1305 1523 immanitas,
1336 1459 1488 1511 stridorem
1518 1459 1642 1511 dentium
1673 1457 1844 1511 vehementia

145 1550 197 1598 eto.
234 1543 349 1612 Capita,
374 1544 457 1611 quale
476 1545 581 1597 malum
602 1544 678 1597 iilud
694 1546 730 1597 sit
746 1545 782 1597 ab
800 1544 852 1596 ilio
871 1543 978 1610 pandis
1004 1549 1068 1616 ipsa
1086 1545 1250 1598 tabescentis
1268 1546 1394 1598 inuidiae
1414 1553 1439 1598 et
1460 1546 1600 1598 obstinato
1620 1545 1785 1614 malignitas
1796 1561 1839 1595 ee·

145 1629 259 1682 dioirme
281 1630 524 1698 contemplationis
542 1629 668 1696 secludi,
692 1630 852 1682 beatissima
868 1637 978 1681 sancto·
1004 1633 1150 1700 tmquebit.
1187 1631 1364 1686 Innocentius
1395 1648 1474 1687 scrin.
1506 1640 1530 1686 2.
1565 1632 1591 1684 in
1626 1631 1671 1684 die
1703 1632 1839 1686 cinerum:

146 1733 207 1766 rum
226 1715 346 1768 onsrsium
371 1715 504 1767 societate
526 1715 661 1783 prmari,
687 1715 752 1778 tisri
777 1715 892 1782 patriae
921 1731 978 1767 coe·
1006 1718 1105 1771 Poena
1123 1719 1277 1780 infernalis
1297 1727 1336 1771 est
1354 1719 1437 1773 restis
1455 1735 1487 1771 ea
1506 1718 1594 1771 tribus
1615 1725 1741 1772 contento
1756 1717 1839 1784 jurei·

146 1801 223 1854 lestis
241 1809 387 1868 astarem,
405 1803 480 1854 mori
495 1802 568 1854 citae
589 1801 694 1868 beatae,
712 1801 978 1855 mortioioercsem·
992 1803 993 1825 ³
1006 1803 1086 1865 culis,
1115 1821 1147 1856 ee
1165 1805 1334 1858 obscuritate
1352 1804 1542 1869 tenebrarum,
1568 1804 1720 1856 acerbitate
1733 1819 1840 1870 praena-

144 1888 281 1956 pitesnae,
299 1885 329 1938 in
347 1895 490 1939 aeternum
510 1885 599 1954 ipnem
623 1905 684 1939 essm
699 1887 814 1941 diabolo
831 1881 1069 1954 etanpuhlrun
1097 1896 1123 1941 et
1151 1889 1336 1942 diuturnitate
1362 1890 1547 1942 miseriarum.
1583 1887 1631 1945 lib.
1657 1894 1682 1942 3.
1709 1888 1744 1942 de
1766 1893 1839 1941 cont.

146 1974 207 2041 ejus
226 1973 343 2040 expelli,
371 1975 474 2026 ubisit
493 1990 569 2026 mors
588 1975 712 2026 secunda
742 1974 884 2026 damnatis
908 1973 978 2025 ensi-
1005 1974 1098 2028 mund.
1119 1991 1143 2030 c.
1161 1983 1188 2031 4:
1223 1977 1332 2028 Poenae
1359 1976 1518 2039 infernales
1541 1976 1694 2028 secundum
1726 1973 1841 2028 diversa

144 2058 222 2122 lium,
240 2060 299 2112 oita
317 2060 495 2128 supplicium,
515 2077 572 2112 non
590 2059 693 2112 sentire
708 2059 737 2111 in
750 2059 801 2112 illo
817 2060 888 2126 ique,
903 2060 993 2126 qnod}
1003 2067 1122 2128 peccato
1140 2069 1203 2113 sant
1221 2062 1357 2115 diversae,
1395 2061 1494 2112 Primo
1515 2077 1610 2129 poena
1629 2068 1668 2112 est
1686 2060 1774 2129 ionis,
1798 2077 1839 2113 se-

146 2146 297 2213 illaminat,
314 2146 426 2214 sentire,
436 2148 514 2214 quod
533 2148 649 2212 amiciet,
668 2145 835 2198 eumanum
854 2143 979 2198 incendii
991 2199 992 2202 ,
1005 2148 1100 2198 mindo
1117 2147 1254 2212 friporis‚·
1273 2149 1308 2200 de
1325 2147 1369 2200 his
1388 2147 1460 2199 dicit
1478 2147 1637 2200 Dominus:
1656 2145 1703 2198 lbi
1719 2146 1774 2198 erit
1787 2148 1839 2216 fle·

145 2234 285 2287 terribiles
308 2233 432 2301 crepitus
452 2233 530 2301 pati,
557 2232 688 2285 barathri
713 2233 852 2293 fumantis
877 2211 1049 2291 amaraitus
1067 2240 1092 2285 et
1109 2234 1219 2285 stridor
1239 2235 1362 2286 dentiam
1383 2234 1484 2286 Matth.
1499 2237 1542 2287 13.
1557 2235 1643 2300 fletus
1656 2241 1777 2303 propter
1793 2235 1840 2298 fa·

145 2319 266 2386 caliqine
290 2319 386 2372 amalos
406 2320 567 2385 obcaecari,
590 2320 739 2384 profundo
761 2318 903 2386 pehennae
922 2318 977 2386 flu·
1004 2336 1077 2371 mum
1095 2319 1183 2387 ipsis,
1208 2320 1315 2373 stridor
1335 2318 1460 2372 dentium
1472 2327 1594 2390 propter
1616 2320 1727 2386 fripus:
1755 2320 1840 2373 tertia

145 2406 265 2458 ctuontss
287 2405 423 2472 immerai,
441 2404 619 2457 edacissimis
637 2405 667 2456 in
684 2411 828 2456 aeternnm
839 2403 992 2460 dilaniari]
1005 2404 1059 2457 erit
1075 2407 1176 2468 foetor.
1212 2410 1256 2458 De
1273 2405 1317 2457 his
1334 2407 1424 2458 tribus
1444 2406 1551 2458 dicitur
1569 2406 1676 2460 Psalm.
1695 2409 1737 2460 to.
1756 2405 1840 2474 ipnis,

145 2493 292 2559 vermibus,
307 2508 357 2543 nec
370 2491 455 2550 liniri.
482 2488 663 2545 Cassiodorus
679 2489 727 2544 lib.
743 2490 778 2544 de
789 2491 882 2544 anima
893 2506 916 2544 c.
932 2494 976 2545 19:
991 2479 1101 2554 issslfur
1120 2498 1146 2542 et
1163 2491 1283 2558 spiritus
1299 2491 1493 2559 procellarnm
1510 2509 1582 2561 pars
1607 2492 1707 2546 calices
1729 2508 1841 2555 eornm;

149 2577 308 2631 Miserrimi
325 2576 447 2628 omnium
465 2583 529 2629 sunt
541 2577 672 2629 damnati
684 2585 709 2629 et
726 2579 881 2646 perdendo,
902 2577 980 2644 quod
991 2579 993 2596 ¹
1005 2583 1109 2644 quarto
1127 2592 1233 2631 ommes
1251 2578 1450 2640 indeficientes,
1468 2578 1543 2629 unde
1562 2578 1632 2630 Esa.
1651 2594 1674 2632 c.
1693 2580 1746 2630 ὅθι
1775 2577 1840 2631 Ver·

146 2664 277 2732 dilipunt,
297 2671 323 2716 et
336 2663 449 2732 jupiter
462 2662 609 2731 patiendo,
636 2666 714 2732 quod
730 2664 837 2719 nolunt.
874 2663 1057 2718 Aeonmms's
1074 2679 1169 2716 eorum
1187 2681 1244 2716 non
1262 2665 1410 2731 morietur;
1440 2664 1538 2731 quinta
1563 2664 1663 2718 mallei
1681 2665 1840 2732 percutien-

145 2751 205 2803 sine
220 2749 299 2803 dulci
317 2751 391 2811 nita,
415 2767 490 2802 mors
508 2749 569 2802 sine
587 2751 768 2803 remediabili
785 2753 853 2818 fine,
879 2751 1058 2822 ciritosltes,
1088 2751 1163 2802 unde
1191 2749 1262 2802 dicit
1288 2750 1431 2803 Solonion
1448 2751 1531 2802 Proo.
1551 2753 1601 2802 19:
1638 2750 1749 2803 Parata
1775 2760 1841 2804 sunt

145 2836 205 2888 sine
225 2835 349 2902 taetitia,
375 2835 475 2902 patria
500 2852 593 2902 caasa,
612 2854 713 2889 amara
732 2837 895 2903 domicilia,
920 2852 978 2889 coe·
991 2830 992 2852 ³
1006 2836 1196 2889 damnationis
1207 2835 1325 2904 judicia
1345 2835 1616 2906 blasphematoribus
1642 2844 1669 2889 et
1681 2836 1839 2907 percutien-

145 2931 190 2975 tus
213 2922 343 2985 tristium,
364 2921 447 2973 turba
471 2921 632 2990 lupentinus.
670 2923 839 2993 smaragdus
866 2923 894 2977 iu
914 2924 1046 2991 pro-*tes
1064 2922 1162 2975 nsallei
1174 2922 1322 2975 stultorum
1335 2922 1518 2990 corporibus,·
1536 2929 1615 2975 senta
1630 2922 1760 2975 tenebrae
1775 2923 1840 2991 pal-

147 3007 202 3077 log.
223 3007 352 3077 regulae:
388 3008 504 3078 Duplea
523 3008 553 3059 in
570 3009 694 3075 pehenna
712 3016 753 3061 est
781 3008 1114 3076 domrmtornmzpabiles
1139 3006 1288 3060 interiores
1313 3016 1339 3059 et
1368 3008 1533 3074 exteriores,
1560 3008 1633 3059 unde
1652 3008 1716 3063 Job.
1744 3025 1767 3060 c.
1790 3012 1839 3062 10.-

144 3109 246 3162 poena‚
264 3093 379 3145 illorum
401 3092 474 3146 enim
494 3102 519 3147 et
536 3102 649 3147 mentem
668 3095 726 3146 urit
740 3093 859 3147 tristitia
876 3102 901 3146 et
919 3086 992 3162 cor-i
1008 3095 1100 3147 Terra
1119 3093 1250 3146 miseriae
1268 3100 1294 3145 et
1312 3093 1498 3145 tenebrarum.
1535 3093 1641 3146 Psalm.
1660 3095 1714 3145 43:
1742 3095 1779 3145 In
1792 3109 1838 3146 ae·

142 3197 197 3248 pus
210 3180 336 3247 flamma.
373 3180 522 3233 Anseimus
541 3178 588 3232 lib.
609 3179 643 3233 de
661 3179 832 3233 similitudis.
850 3197 911 3248 cap.
931 3168 1113 3235 witer-nuru
1135 3197 1190 3232 non
1209 3179 1340 3231 videbunt
1368 3179 1467 3231 lumen.
1504 3181 1526 3231 1.
1549 3180 1615 3246 Rea.
1636 3182 1671 3230 2:
1699 3178 1787 3247 impii
1809 3178 1840 3230 in

147 3267 214 3318 Erit
231 3266 272 3317 ibi
284 3266 440 3333 turpitudo,
453 3266 666 3333 pondes-ositos,
685 3266 872 3330 imbecillitas,
892 3267 977 3319 seroi-
1004 3265 1125 3318 tenebris
1142 3265 1339 3326 conticescent‚·
1366 3264 1485 3332 septimo
1505 3265 1635 3328 confessio
1648 3272 1840 3332 peccatorum,

145 3361 197 3422 tus,
215 3352 374 3420 infirmitas,
395 3351 531 3414 anxietas,
551 3351 724 3420 insipientia,
742 3352 900 3419 inimicitia,
920 3351 976 3403 dis·
991 3378 992 3394 ι
1005 3360 1068 3405 tnnc
1085 3352 1157 3404 enim
1176 3359 1256 3403 essent
1273 3350 1341 3404 libri
1357 3352 1451 3419 aperti
1472 3353 1549 3403 Dan.
1573 3357 1593 3403 7.
1612 3351 1630 3406 i.
1649 3367 1673 3405 e.
1700 3349 1838 3403 conscien-

145 3440 253 3502 cordio,
274 3439 403 3503 dedoces,
422 3437 594 3504 impotentia,
606 3438 698 3500 timor,
710 3439 836 3491 tristitia.
865 3436 1062 3507 Septem'tiae
1089 3439 1230 3491 hominurn
1260 3445 1339 3491 eru-nt
1366 3438 1493 3490 omnibus
1522 3437 1692 3500 manifestae
1698 3457 1709 3503 ,·
1740 3444 1839 3489 octana

54 3569 55 3573 ,
141 3526 254 3594 priores
278 3524 361 3593 hssjus
384 3524 515 3576 miseriae
541 3530 638 3592 portes
664 3525 793 3592 corporis
820 3523 1150 3595 septemqne'horribilis
1169 3524 1244 3577 cisio
1268 3525 1448 3584 murionum,
1475 3524 1526 3591 qui
1545 3524 1713 3576 uidebuntur
1740 3525 1770 3575 in
1795 3538 1840 3576 en-

144 3613 259 3665 ultimae
277 3611 420 3662 miseriam
438 3609 590 3678 perficiunt
615 3611 721 3663 mentis.
758 3609 841 3681 Hugo
861 3610 1130 3664 Victum-cussinum
1147 3610 1336 3663 scintillarum
1357 3609 1471 3676 deique
1487 3610 1735 3678 adscende-utiam,-
1764 3627 1840 3663 nona

144 3715 196 3752 nus
216 3699 232 3752 l.
254 3703 278 3752 4.
298 3696 333 3751 de
351 3696 432 3751 anim.
447 3713 470 3750 c.
491 3701 535 3750 132
555 3696 602 3748 lbi
621 3696 823 3760 miseriaesibi
840 3698 978 3764 tenebrae,
990 3710 992 3715 ·
1004 3699 1103 3765 ipneae
1123 3703 1243 3757 catenae,
1271 3695 1370 3763 ossibus
1391 3695 1473 3761 impii
1489 3695 1610 3763 sinputis
1627 3695 1756 3748 membris
1775 3712 1839 3748 con·

145 3785 185 3836 ibi
204 3786 277 3837 ordo
295 3784 398 3846 milles,
418 3784 458 3835 ibi
478 3784 580 3836 horror
598 3790 737 3845 aeternas,
755 3783 797 3834 ibi
812 3784 895 3836 niella
913 3784 1186 3852 spes¹strinpentun
1222 3781 1238 3835 l.
1259 3780 1387 3850 ejusde.
1407 3786 1437 3834 6:
1469 3780 1522 3832 Est
1543 3782 1623 3848 apud
1641 3781 1749 3844 inferos
1767 3799 1840 3834 surn-

144 3871 219 3935 honi‚
247 3869 327 3922 neella
345 3870 505 3937 desperatio
522 3869 601 3924 mali.
637 3869 735 3921 Omnis
753 3870 803 3937 qui
820 3877 862 3922 est
881 3871 911 3922 in
935 3886 976 3933 eo,
989 3832 991 3928 i
1004 3889 1050 3923 ma
1069 3870 1244 3922 tenebrarum
1271 3867 1442 3934 obscuritas,
1468 3868 1604 3920 immenso
1628 3884 1785 3937 poenarum
1808 3885 1839 3919 a·

144 3956 204 4008 odit
223 3973 252 4008 se
272 3964 299 4008 et
316 3972 410 4008 oannes
428 3955 510 4009 alios.
537 3955 585 4006 lbi
601 3954 664 4006 vidi
683 3955 777 4007 omnia
795 3971 901 4023 qenera
920 3958 1139 4021 tor-*cerbitam
1165 3955 1278 4019 infinita
1307 3955 1485 4009 miseriarum
1513 3955 1674 4007 aeternitas.
1710 3952 1744 4006 In
1776 3952 1840 4006 vitis

144 4051 306 4109 mentorum,
325 4058 442 4109 qnorum
461 4041 606 4092 minimum
626 4047 664 4093 est
678 4042 771 4108 majas
788 4042 915 4095 omnibns
934 4043 978 4095 his
1004 4050 1113 4114 patrum
1135 4045 1152 4096 l.
1171 4047 1280 4097 heht.
1301 4040 1335 4094 da
1356 4041 1476 4110 quodam
1496 4038 1598 4094 abbate
1620 4038 1746 4104 refertur,
1764 4038 1838 4109 quod

144 4128 300 4195 tormentis,
325 4143 505 4196 quaecunque
523 4127 553 4178 in
571 4126 622 4179 hoc
644 4127 739 4180 secedo
762 4129 834 4195 fieri
850 4131 1097 4208 possunt3'ignem
1114 4128 1215 4183 inferni
1230 4127 1338 4198 jugiter
1355 4126 1408 4180 sibi
1428 4142 1585 4195 proponens
1605 4124 1720 4179 dixerit:
1755 4123 1839 4177 Video

144 4215 191 4266 Ibi
207 4221 248 4267 est
266 4214 352 4280 slatus
370 4220 397 4264 et
415 4212 523 4265 stridor
542 4212 680 4278 daritiam,
709 4212 749 4264 ibi
773 4215 940 4267 transibitur
960 4232 979 4266 a
1005 4216 1046 4267 ibi
1057 4231 1148 4283 pares
1167 4215 1284 4283 penitus
1301 4221 1329 4265 et
1349 4211 1530 4265 incessabiles
1552 4210 1712 4278 lacrymam
1741 4210 1838 4277 adspi-

138 4298 372 4369 sriqorenioium
386 4299 427 4349 ad
445 4297 569 4350 calorem
586 4297 708 4365 ipneurm
727 4306 752 4351 et
769 4306 917 4367 utrumque
935 4301 977 4352 in-
990 4299 992 4362 j
1005 4302 1049 4354 cio
1066 4301 1216 4353 stridentes
1234 4298 1362 4350 dentibus
1386 4304 1410 4349 ct
1428 4297 1561 4349 salientes
1589 4303 1644 4349 toto
1673 4311 1791 4363 corpore
1814 4302 1840 4348 ct

144 4385 301 4438 tolerabile.
328 4384 377 4436 lbi
394 4400 487 4436 omnes
505 4384 705 4435 combnrsmtur
724 4391 750 4436 et
768 4386 905 4439 ominibus
918 4404 977 4440 cor·
990 4368 992 4415 ³
1005 4395 1153 4439 trementes
1172 4404 1191 4437 a
1209 4385 1301 4451 capite
1320 4400 1406 4451 morse
1426 4384 1468 4435 ad
1482 4384 1588 4450 pedes‚·
1614 4382 1696 4434 uideo
1716 4387 1741 4431 et
1760 4395 1839 4432 mare

144 4473 297 4534 roduntur,
326 4486 376 4521 nec
402 4476 610 4522 consumuntur.
652 4468 760 4522 Vermis
780 4486 899 4537 qaorum
923 4463 1080 4539 noetianis
1101 4471 1246 4524 bullientis
1266 4467 1492 4522 immensurabile
1516 4473 1543 4520 et
1566 4467 1787 4534 circumlinientes
1800 4457 1839 4519 'et

144 4557 263 4608 moritur
282 4563 308 4608 et
326 4555 401 4622 ipsuis
427 4572 483 4608 non
507 4555 701 4623 eesdnpaitnr.
737 4556 828 4609 Nulla
854 4557 894 4608 ibi
917 4575 977 4627 voa,
1004 4557 1167 4623 mupientes,
1192 4563 1221 4607 ut
1246 4561 1345 4622 psdent
1361 4553 1462 4620 aliqui,
1481 4568 1566 4619 usaue
1586 4553 1626 4604 ad
1643 4552 1736 4604 coelos
1756 4550 1839 4602 attin·

144 4643 202 4695 nisi
218 4658 277 4705 coe,
305 4642 376 4693 uae!
416 4641 473 4694 Vae
493 4641 602 4707 habent,
627 4658 678 4694 voe
696 4650 804 4696 sonant.
844 4643 991 4720 Tortores]
1003 4659 1069 4710 pere
1089 4644 1189 4707 (luctus
1207 4640 1280 4707 ipnis
1300 4646 1325 4691 et
1345 4639 1375 4690 in
1393 4640 1536 4692 tremendo
1554 4638 1606 4692 illo
1623 4639 1698 4690 mari
1716 4638 1839 4690 innume·

143 4729 206 4783 illic
225 4727 336 4781 diaboli
352 4736 483 4796 torquent
498 4730 610 4796 pariter
627 4736 653 4781 et
674 4736 853 4796 tornicantur,
878 4738 903 4782 et
931 4746 977 4782 eo·
1004 4728 1110 4781 rabiles
1129 4727 1253 4780 homines
1274 4725 1398 4792 dejectos
1428 4733 1454 4777 et
1479 4741 1537 4777 rena
1565 4741 1630 4776 voce
1657 4738 1751 4776 onsncs
1781 4722 1839 4775 cla·

143 4834 206 4869 rum
223 4832 366 4882 nunquam
384 4814 449 4876 fines
476 4815 529 4866 erit
552 4821 601 4866 ant
615 4815 791 4876 ,rernsdinm
830 4816 910 4870 Talis
938 4825 977 4870 est
990 4871 991 4888 ἶ
1004 4822 1114 4866 montes
1134 4820 1160 4866 et
1175 4812 1319 4866 ululantes
1335 4810 1433 4875 sinsnl,
1464 4810 1563 4878 quales
1585 4826 1662 4861 nemo
1679 4825 1766 4877 snper
1788 4815 1840 4860 ter-
1909 4879 1911 4882 Ι

144 4905 275 4964 infernus
294 4908 320 4954 et
338 4898 441 4953 millies
467 4901 558 4967 peior.
596 4900 774 4954 Bernhardus
794 4902 822 4954 in
840 4901 887 4956 lib.
906 4903 976 4957 med.
990 4924 991 4931 ¹
1004 4917 1068 4952 ram
1086 4899 1215 4952 ulalatus
1234 4905 1259 4949 et
1277 4913 1357 4949 voces
1376 4913 1499 4964 amquam
1516 4896 1657 4957 audie-rat,
1678 4895 1793 4947 etaient
1809 4911 1839 4946 a·

144 5006 204 5058 cap.
226 4993 254 5042 3:
282 4986 363 5039 Nihil
384 4985 467 5038 aliud
486 4985 526 5037 ibi
542 4987 659 5038 auditur
679 4986 736 5039 nisi
749 4987 834 5054 fletus
853 4996 879 5041 et
894 4989 975 5060 plan-
1004 4985 1099 5038 sentia
1124 4984 1213 5038 ornnis
1231 4982 1349 5051 nirpulti
1365 4998 1501 5043 crensare,
1525 4980 1723 5032 misericordia
1747 4987 1841 5032 antem

143 5084 212 5139 ctas,
237 5073 355 5142 penitus
373 5079 399 5124 et
417 5070 551 5138 adulatus,
577 5089 714 5126 moerores
734 5079 817 5140 atpn
838 5075 977 5130 stridores
990 5089 991 5092 ’
1004 5072 1064 5124 Dei
1090 5087 1120 5124 se
1149 5076 1290 5123 avertente
1322 5069 1358 5120 ab
1386 5068 1456 5122 illis.
1493 5067 1687 5120 Bonarentura
1711 5066 1739 5119 in
1756 5065 1838 5121 disat.

144 5160 283 5223 dentium,
308 5158 434 5224 nihilque
452 5155 492 5208 ibi
508 5156 649 5210 videbitur
666 5157 724 5211 nisi
740 5175 847 5212 rennes
873 5169 900 5214 et
919 5161 977 5215 lar·
1006 5159 1091 5213 saluts
1107 5157 1148 5210 tit.
1172 5162 1210 5211 10.
1230 5171 1253 5208 c.
1275 5162 1302 5208 l:
1320 5155 1432 5208 Poenae
1450 5154 1630 5222 reproborum
1649 5161 1730 5205 erunt
1746 5154 1839 5222 primo

143 5247 221 5300 vales
237 5246 330 5310 facies
346 5251 485 5297 tortorum
503 5249 586 5310 atque
605 5246 749 5298 teterrimo
766 5254 892 5300 monstra
912 5250 977 5300 dae·
1006 5243 1204 5299 acerbissimae
1242 5250 1267 5294 et
1307 5240 1516 5302 intolerabiles,⁴
1558 5239 1726 5306 pravissima
1768 5240 1840 5293 enim

145 5350 264 5387 monum.
1004 5345 1116 5401 poena,
1143 5344 1214 5395 qnae
1241 5328 1270 5378 in
1289 5328 1340 5381 hoc
1357 5327 1460 5380 mundo
1477 5332 1569 5393 potest
1592 5324 1725 5392 tolerari,
1749 5325 1840 5378 minor

218 5418 332 5469 Vermes
350 5414 480 5467 crudeles
499 5415 665 5466 mordebunt
682 5416 782 5467 intima
802 5418 906 5485 cordis,
1007 5425 1048 5469 est
1071 5431 1165 5481 poena
1184 5413 1308 5478 inferni·
1336 5413 1458 5466 secsmdo
1486 5416 1567 5464 erunt
1594 5410 1738 5477 diversae,
1766 5412 1840 5463 unde

215 5503 290 5556 Hinc
309 5502 399 5567 dolor,
418 5501 485 5554 inde
500 5518 603 5569 pavor,
621 5501 747 5569 punitus,
767 5509 867 5571 stupor
885 5511 911 5555 et
1006 5510 1087 5569 noto,
1117 5501 1195 5567 qaod
1212 5500 1241 5551 in
1267 5515 1352 5552 sacro
1372 5498 1523 5566 Scriptura
1546 5496 1723 5549 inveniuntur
1744 5512 1841 5549 novem

355 5588 441 5642 timor
458 5589 585 5644 horrens.
992 5624 995 5656 ,
1003 5603 1130 5658 poenae:
1154 5585 1253 5653 prima
1272 5593 1311 5639 est
1324 5600 1421 5653 poeno
1438 5583 1528 5652 ipnis,
1548 5583 1673 5636 semenda
1686 5597 1783 5650 poena
1800 5591 1841 5635 est
