4050 6014
771 235 822 290 Du
841 234 1174 296 CONSUMMAUONE
1191 238 1338 300 uncum.
1824 257 1882 315 157

184 385 266 454 iusta
281 387 409 451 formam
425 387 608 456 solummodo,
623 405 679 443 non
691 397 785 444 autem
797 393 949 444 secuudum
960 408 1020 445 ma·
1046 401 1097 461 ret,
1116 412 1156 447 an
1170 410 1239 450 ees-o
1259 393 1358 459 οὐσίας
1380 413 1430 451 seu
1454 397 1628 453 substantiae
1652 400 1819 456 rationein
1841 403 1886 457 m‘·

186 474 287 528 teriam
309 474 376 538 fore
400 473 505 529 statuit.
541 472 648 530 Similia
665 481 816 530 occurrunt
834 477 909 547 apud
924 477 1020 531 Alcui-
1046 480 1133 533 isdum
1158 481 1196 534 sit
1218 485 1405 551 transiturus,
1429 481 1516 554 ἐποχή
1545 484 1709 540 ΟῙιοίοιίοοο
1730 488 1886 545 rectissime

186 577 251 614 num
269 560 298 615 in
316 576 414 618 comm.
433 560 536 615 Pselm.
556 565 614 618 101.
642 560 822 617 Ambrosium
849 561 1020 616 Ausbertum
1049 567 1166 636 diremit,
1188 566 1314 638 Spiritus
1331 576 1445 623 sanctus
1459 571 1536 624 iilud
1546 572 1677 642 nuspiam
1688 574 1819 642 exprimit
1830 579 1884 631 etc.

187 647 233 703 lib.
252 651 277 702 a.
298 647 327 701 in
340 648 458 717 Apoeal.
483 646 574 702 Elium
586 646 744 703 &emacem
764 649 793 702 in
808 655 877 705 orat
895 654 932 706 to.
951 649 1020 704 Gre·
1047 651 1199 707 Subiiterus
1222 654 1251 707 in
1269 654 1371 724 disput.
1391 655 1425 710 de
1444 654 1526 711 duob.
1546 655 1666 712 bominis
1687 657 1790 714 nomes.
1808 660 1838 715 in
1858 677 1881 716 c.

186 733 257 805 gorii
280 733 464 804 Nasianseni,
487 732 664 804 Haymonem
688 735 717 789 in
740 751 838 791 comm.
870 741 892 792 1.
914 734 976 792 Cor.
997 743 1020 792 t.
1047 738 1083 792 de
1099 739 1219 793 transitu
1235 739 1331 793 mundi
1349 739 1417 796 tbes.
1438 746 1478 798 16.
1498 743 1674 797 commendat
1694 743 1723 797 in
1734 743 1788 800 hae
1800 760 1886 818 quee-

187 818 332 873 Rabanum
349 817 398 873 lib.
416 825 441 875 1.
461 818 497 874 de
515 819 644 875 universo
668 837 692 874 c.
713 826 753 878 10.
784 820 966 893 Euthymium
992 822 1021 876 in
1046 822 1137 879 stione
1156 824 1322 880 sententiam
1343 827 1492 897 Augustini
1512 828 1592 897 epist.
1613 833 1661 884 te:
1689 829 1790 900 Mapis
1808 831 1884 901 eiipo

186 921 281 963 comm.
300 904 403 960 Pselm
423 910 479 961 101.
514 905 676 960 Anseimum
705 906 753 961 lib.
774 907 809 962 de
836 908 976 963 similitud
996 925 1020 963 a
1047 919 1159 964 cautam
1178 912 1370 979 ipnorantiam
1399 913 1528 974 confiteri
1553 930 1637 982 qnam
1663 915 1772 977 falsam
1797 916 1886 970 scien·

186 997 226 1048 43.
248 997 277 1046 et
295 992 324 1047 in
342 1008 440 1048 comm.
460 998 483 1048 1.
503 990 566 1048 Cor.
588 999 611 1048 ¹1.
647 992 745 1048 “Item
764 994 793 1048 in
812 995 891 1065 epist
908 995 946 1050 ad
964 994 1020 1050 He·
1047 997 1116 1050 tiam
1133 998 1272 1066 profiteri.
1302 997 1455 1052 Meisnerus
1473 1002 1544 1067 part.
1567 1004 1589 1054 1.
1608 997 1681 1055 sobr.
1699 998 1798 1071 philos.
1816 1006 1883 1058 sect.

185 1080 284 1135 bracos
301 1085 369 1135 tom.
387 1084 411 1134 2.
429 1078 508 1134 titt
526 1078 554 1133 in
575 1079 725 1134 elucidario
742 1080 868 1150 ejusdem
886 1087 952 1136 tem.
962 1087 986 1137 3.
1000 1080 1020 1134 i.
1047 1087 1070 1137 3.
1090 1099 1115 1139 c.
1129 1088 1153 1137 3.
1168 1100 1194 1155 q.
1208 1090 1237 1139 5:
1255 1081 1287 1138 rb
1306 1086 1419 1152 ἐπέχειν
1436 1084 1481 1137 bic
1500 1092 1542 1137 cst
1562 1087 1732 1139 tutissimum
1750 1095 1776 1141 et
1792 1088 1884 1142 marm

186 1163 279 1222 212.**
320 1164 462 1235 Lyrsnum
485 1163 515 1217 in
534 1180 633 1220 comm.
658 1164 745 1222 Hebr.
765 1173 786 1222 1.
813 1167 843 1220 in
869 1182 967 1223 comm.
994 1173 1020 1224 2.
1045 1168 1149 1221 batere
1180 1170 1263 1223 debet
1285 1170 1388 1239 reputa
1412 1170 1575 1223 Bembardi
1604 1188 1684 1228 serm.
1707 1176 1732 1225 1.
1762 1174 1885 1228 omnium

186 1251 255 1307 Patr.
275 1257 299 1306 3.
317 1257 347 1305 et
363 1250 392 1304 in
407 1254 554 1306 comment.
571 1250 688 1320 Apocai.
710 1256 750 1307 20.
766 1259 819 1307 etc.
1046 1261 1150 1317 sanct,
1171 1256 1250 1322 pseud
1265 1255 1340 1308 nutis·
1359 1257 1458 1308 ᾱοοοπι
1476 1263 1517 1308 est
1534 1257 1673 1326 experiri,
1691 1258 1787 1311 nrdlus
1805 1274 1886 1314 eone·

219 1342 259 1394 33.
296 1342 319 1393 2.
349 1336 469 1392 Proinde
485 1337 650 1392 senteutiam
669 1337 705 1392 de
724 1338 903 1393 substantiali
923 1339 1019 1394 mundi
1045 1346 1093 1392 tur
1111 1342 1194 1410 effari
1213 1346 1264 1395 etc.
1300 1348 1324 1396 5.
1340 1340 1413 1406 Quin
1433 1347 1462 1395 et
1482 1341 1595 1412 quidam
1614 1358 1647 1396 ex
1666 1343 1769 1399 nostris
1786 1344 1878 1417 quad·

186 1427 283 1500 φθορᾷ
302 1440 351 1478 seu
370 1423 484 1477 interitu
501 1439 557 1478 non
576 1421 751 1479 defendimus
771 1432 803 1479 ut
827 1426 897 1486 fidei
915 1427 1019 1479 articu-
1046 1430 1135 1479 tatum
1155 1426 1346 1482 immutatione
1367 1425 1502 1480 mundum
1522 1426 1702 1483 transiturum
1728 1445 1788 1483 esse
1811 1430 1884 1486 urbi-

184 1511 242 1563 tum
259 1510 295 1564 ad
314 1509 431 1564 salutern
449 1508 521 1563 scitu
539 1525 572 1563 ac
591 1509 699 1564 creditu
717 1509 880 1581 simpliciter
893 1527 1019 1567 necessa·
1045 1518 1161 1567 uantur.
1197 1512 1336 1568 [antherus
1361 1513 1461 1568 solitus
1483 1512 1538 1568 init
1562 1513 1666 1569 dicere:
1697 1514 1752 1571 iim
1768 1512 1884 1587 &etuti

183 1597 263 1665 rium,
282 1596 331 1651 sed
348 1612 409 1650 eam
428 1593 592 1665 emphaticis
612 1594 772 1664 Scripturas
791 1596 880 1664 dictis,
899 1597 1019 1667 quaeda
1045 1597 1091 1668 but
1114 1599 1158 1669 ipo
1181 1596 1232 1665 isin
1256 1597 1500 1668 mintriacum,
1526 1597 1585 1655 bort
1609 1598 1669 1655 ubet
1693 1598 1761 1656 ieitb
1784 1615 1811 1657 tt
1837 1614 1884 1657 crta

184 1681 352 1737 buamundi
371 1682 537 1752 loquuntur,
562 1682 651 1752 magis
671 1681 840 1738 conformem
870 1699 931 1738 esse
952 1684 1018 1739 diei·
1045 1684 1129 1755 piebem
1146 1683 1197 1752 irin
1213 1683 1425 1755 &ordonidem
1449 1684 1482 1737 Iu
1501 1684 1603 1755 poetili
1623 1685 1721 1740 eccles.
1742 1685 1815 1741 dom.
1832 1686 1883 1743 lv.

185 1786 252 1824 rsus.
285 1773 309 1824 3.
327 1768 370 1821 Ex
389 1784 423 1824 eo
441 1783 525 1839 porro
545 1783 720 1839 consequens
739 1775 790 1838 est,
807 1768 868 1837 illis,
887 1771 936 1839 qui
955 1787 1018 1826 eon·
1046 1779 1109 1840 post
1126 1771 1238 1825 Trinit:
1266 1770 1317 1827 Die
1334 1770 1428 1826 &enne
1446 1770 1476 1839 iit
1494 1769 1533 1842 ibt
1551 1769 1659 1840 rispetti
1682 1771 1707 1840 io
1725 1769 1809 1841 idria,
1832 1769 1897 1848 brit¹

183 1856 296 1910 uariam
321 1855 480 1925 opinionem
507 1853 715 1923 amplectuntur
737 1871 771 1909 ae
798 1871 848 1923 per
871 1853 1021 1912 ittoiaen
1046 1855 1169 1912 unitim
1187 1857 1230 1914 uit
1248 1856 1280 1913 ba
1298 1853 1383 1925 tisim
1403 1854 1659 1926 dniunpqdrbaiicn
1682 1864 1752 1925 tour,
1777 1854 1883 1926 morbo

184 1942 277 1996 mundi
295 1940 443 1996 transitum
474 1939 623 2008 definiunt,
647 1957 704 1996 non
728 1956 789 1995 esse
813 1941 902 1996 dicum
926 1942 1020 1998 beers·
1047 1940 1084 2010 ie,
1101 1941 1205 2010 iontem
1223 1943 1254 2012 iit
1271 1957 1315 1999 un
1332 1940 1516 2011 brtiitcrridnu
1534 1941 1623 1998 tritten
1641 1943 1693 1998 tooi
1711 1942 1775 2014 boib
1788 1941 1882 2012 ituitrr,
1976 1994 1978 1998 .

184 2045 246 2084 scos
264 2035 366 2083 temere
383 2025 567 2082 scribendam.
603 2032 629 2082 4.
653 2026 734 2082 Unde
759 2026 837 2080 multi
863 2028 971 2082 malunt
990 2029 1019 2082 in
1046 2026 1382 2098 superuniuntur
1399 2027 1480 2097 ierem
1498 2027 1567 2098 ingr
1585 2026 1647 2084 ubre
1672 2026 1739 2084 toiri
1764 2027 1798 2095 iis
1814 2026 1883 2084 ests

183 2115 235 2168 hac
254 2113 417 2186 quaestions
436 2116 550 2184 ἐπέχειν
567 2119 597 2167 et
616 2112 728 2167 futurae
740 2113 926 2183 experientiae
938 2131 1018 2169 even·
1046 2113 1137 2170 toirbrr
1154 2112 1273 2183 sutirum
1291 2113 1344 2169 nob
1361 2112 1477 2183 reinipcn
1489 2111 1579 2183 turdi
1591 2113 1682 2183 ῧιιιοτ,
1700 2111 1751 2181 bob
1762 2113 1795 2181 iic
1806 2098 1886 2182 britti

184 2201 223 2253 tui
242 2217 300 2255 rem
326 2200 510 2263 committere,
533 2216 617 2270 quam
642 2200 710 2253 certi
734 2200 868 2270 quiddam
893 2199 1019 2254 deterrui·
1046 2198 1098 2255 nub
1114 2197 1196 2255 iidem
1212 2198 1268 2268 icen
1286 2198 1366 2266 totth,
1391 2197 1506 2267 bruniis
1529 2197 1566 2254 iet
1584 2198 1691 2269 &einen
1714 2197 1745 2267 ie
1767 2196 1883 2269 estotim

183 2302 255 2340 uara
289 2285 416 2342 Jodocus
437 2284 614 2340 Cliebtoreus
635 2291 836 2341 commentator
848 2285 1018 2341 Damasceui
1046 2284 1116 2340 aaut
1134 2285 1166 2354 tie
1182 2284 1242 2340 ubet
1259 2285 1322 2353 niuis
1339 2299 1384 2340 uer
1401 2283 1476 2352 unici
1495 2283 1589 2340 &inte
1613 2283 1701 2340 mitten
1723 2282 1806 2340 triten
1828 2283 1882 2341 unt

184 2370 228 2426 lib.
250 2376 273 2427 2.
294 2370 402 2427 orthod.
426 2370 474 2426 fid.
494 2387 516 2424 e
536 2375 560 2425 6.
579 2389 605 2441 p.
628 2375 675 2426 87:
708 2373 800 2426 Nosse
825 2388 930 2440 operae
951 2389 1019 2443 pre·
1045 2370 1092 2426 bttt
1115 2370 1209 2441 ospitem
1225 2368 1320 2426 >dubet
1343 2369 1368 2438 1ο
1391 2369 1444 2426 tool
1468 2370 1510 2426 eii
1534 2368 1582 2425 beu
1600 2368 1740 2439 &sturmen
1762 2368 1883 2439 Itudtts,

182 2459 251 2512 tium
271 2466 319 2527 est,
339 2476 396 2511 aon
411 2476 535 2527 paream
556 2460 637 2526 apud
654 2464 785 2510 auctores
809 2460 1018 2528 umbrositatem
1045 2454 1137 2512 butum
1161 2456 1292 2526 nmiuupei
1316 2454 1348 2523 iit
1371 2453 1479 2526 brebiidt
1504 2455 1566 2525 uoti)
1589 2452 1671 2524 imno
1688 2454 1772 2525 iege,
1795 2453 1829 2511 bt
1851 2454 1884 2523 iit

182 2544 297 2614 opiteri,
316 2545 455 2613 qrsomodo
473 2544 603 2613 perituri
618 2543 675 2596 sint
693 2543 767 2597 coeli
786 2550 811 2597 et
831 2544 1017 2600 inveterandi.
1044 2540 1135 2597 initiet
1152 2539 1197 2608 inii
1220 2542 1379 2611 ouiptbttbtt
1404 2539 1504 2596 merten
1527 2541 1581 2596 ttttb
1605 2540 1685 2598 eliciti
1709 2540 1756 2597 beu
1774 2539 1882 2610 &diget

185 2629 308 2691 Quidam
332 2637 470 2693 statuunt,
500 2631 634 2682 mundum
661 2644 693 2682 re
720 2629 785 2698 ipsa
815 2639 842 2684 et
867 2633 1019 2685 secundam
1045 2626 1092 2683 erit
1110 2626 1192 2696 ibreio
1209 2627 1322 2696 trudito
1339 2625 1435 2683 tirum.
1459 2626 1589 2681 Breutius
1609 2626 1704 2681 humil.
1725 2631 1765 2681 aa.
1782 2625 1882 2681 inlau-

181 2717 363 2770 substantiam
382 2717 578 2778 interitururn‚·
596 2716 719 2769 oliorum
736 2732 803 2770 cero
817 2719 955 2772 sententia
968 2727 1018 2789 est,
1044 2711 1138 2768 cami.
1158 2717 1223 2768 eat:
1240 2715 1317 2767 Num
1336 2714 1445 2767 coetum
1464 2720 1491 2765 ct
1510 2720 1589 2765 terra
1606 2713 1647 2764 ita
1667 2713 1834 2778 transibunt,
1852 2720 1883 2766 at

182 2804 316 2858 clementa
344 2811 370 2856 et
397 2803 490 2857 coelos
517 2818 576 2856 esse
600 2802 746 2871 perituros
775 2820 833 2856 non
866 2807 1018 2858 meandum
1044 2800 1115 2854 nibil
1134 2817 1230 2854 earum
1249 2801 1361 2853 omnino
1380 2800 1513 2852 maneat!
1530 2799 1644 2851 minime
1655 2800 1786 2852 omnium.
1815 2799 1882 2854 Non

181 2890 374 2954 substantiam,
398 2892 450 2943 sed
468 2890 620 2942 occandum
633 2891 826 2958 proprietatos
844 2898 870 2943 et
887 2893 1017 2946 aeciam·
1043 2886 1202 2940 transidnnt
1222 2887 1349 2953 omnino,
1374 2887 1427 2938 sed
1446 2885 1633 2939 mutabuntur.
1668 2884 1815 2953 chtrtert
1836 2901 1881 2939 oe·

182 2978 230 3033 tia.
268 2977 338 3030 Utro
360 2984 452 3029 autern
480 2975 581 3028 irarum
606 2976 808 3029 sententiarum
836 2979 874 3030 eit
905 2980 1019 3032 ceritati
1043 2975 1201 3027 etimentnm
1218 2972 1410 3040 corruptionis
1429 2979 1455 3024 ct
1474 2972 1593 3024 induent
1611 2979 1825 3025 nocamoestem
1837 2971 1881 3024 sit·

182 3063 356 3125 conformior
376 3070 402 3116 et
417 3063 477 3115 utri
492 3063 588 3131 potius
603 3063 794 3116 accedendum
807 3064 852 3128 sit,
872 3063 952 3118 baud
969 3067 1016 3130 sa·
1043 3059 1248 3128 corruptionis,
1275 3058 1378 3121 sutrsra
1396 3058 1511 3126 quidem
1527 3056 1602 3109 coeii
1619 3072 1655 3108 ae
1673 3064 1767 3110 terrae
1792 3064 1882 3110 mesta-

182 3150 235 3203 cile
253 3157 295 3202 est
312 3165 346 3203 ea
363 3149 457 3202 sacris
474 3148 568 3201 literis
587 3149 761 3216 dijudicare.
797 3149 913 3203 Idcirco
931 3158 1016 3205 toturn
1043 3147 1097 3208 tio,
1125 3161 1182 3199 ”Oti
1206 3152 1299 3197 “vitm
1320 3145 1351 3197 ὑὶ
1374 3151 1460 3196 ‘vitm
1485 3142 1611 3198 αόθῑῦῑθι
1646 3141 1826 3197 Alihtlfflt
1849 3143 1880 3196 5¹1

178 3237 274 3306 potius
292 3233 405 3288 diuinae
423 3234 601 3289 ordinationi
619 3234 801 3287 conmittitur
819 3236 880 3290 sine
898 3252 1016 3290 occura-
1042 3230 1180 3286 conciliat
1200 3229 1324 3285 locorum
1344 3244 1429 3300 pugn
1449 3233 1520 3284 cent.
1542 3232 1564 3283 1.
1583 3228 1636 3284 loc
1656 3233 1688 3284 t:
1719 3227 1837 3282 Uectem
1854 3236 1882 3283 et

181 3321 407 3390 tiorcindapine.
434 3322 479 3373 Ita
488 3322 561 3374 enim
573 3322 701 3383 futurum
713 3327 762 3384 est,
780 3325 1016 3391 quemadmodum
1042 3327 1147 3372 terram
1163 3336 1220 3370 non
1238 3318 1388 3369 credamus
1407 3316 1549 3369 adeunda
1563 3331 1619 3384 per
1644 3316 1749 3384 ιὀποοι,
1771 3317 1824 3369 sed
1849 3316 1881 3370 in

182 3411 241 3478 ipse
265 3407 416 3464 constituit.
459 3406 604 3470 Quomodo
634 3416 727 3460 autem
754 3409 822 3473 fore
852 3410 1015 3478 decreuerit,
1042 3404 1141 3458 melius
1165 3404 1371 3456 commutanda.
1409 3400 1489 3455 Oceli
1510 3402 1664 3470 scirentur,
1691 3403 1725 3455 id
1748 3409 1791 3456 su
1815 3403 1883 3468 {ient

181 3513 236 3549 non
263 3495 386 3564 amplius
410 3494 659 3564 masticandum
691 3501 747 3562 est,
780 3510 868 3562 neque
898 3497 1017 3551 ulterius
1042 3490 1097 3544 alii
1113 3490 1289 3556 mundiores,
1317 3488 1388 3540 sicsst
1405 3505 1507 3541 aurum
1526 3489 1591 3556 ipae
1604 3488 1741 3554 reicitur,
1766 3504 1826 3543 non
1849 3497 1882 3543 ttt

177 3582 413 3651 perquirendum,
441 3597 525 3649 quam
547 3581 647 3633 divina
674 3581 929 3636 determinaverunt
960 3583 1017 3637 eio-
1041 3579 1169 3640 intereat,
1188 3578 1242 3630 sed
1256 3584 1288 3629 ut
1301 3575 1405 3643 purius
1421 3577 1474 3640 fiac
1494 3581 1654 3645 eaprrrpata
1671 3576 1774 3631 scoria.
1811 3574 1881 3631 ent-

181 3669 257 3738 ‹pria‚
280 3669 504 3735 credemumqae
521 3666 601 3719 aare
627 3666 725 3734 dubie,
749 3669 827 3735 orsad
857 3668 965 3721 coetum
991 3677 1018 3723 et
1042 3665 1109 3736 lipp.
1141 3662 1360 3721 Nicolaitae.
1384 3662 1420 3717 de
1444 3661 1502 3716 riu
1524 3666 1631 3718 aetern.
1654 3678 1680 3718 e.
1701 3669 1741 3720 10.
1764 3667 1836 3734 put
1856 3669 1881 3720 1.

180 3764 257 3810 terra
280 3755 452 3822 transibunt,
483 3752 590 3806 Otristi
610 3760 703 3806 autem
728 3753 815 3806 uerba
841 3771 897 3808 non
924 3762 1016 3808 trans·
1043 3767 1159 3823 operum
1182 3749 1277 3805 Germ.
1303 3766 1331 3819 p.
1349 3752 1415 3805 3³³:
1447 3746 1484 3802 et
1508 3746 1555 3815 {eii
1580 3746 1618 3804 bit
1640 3746 1707 3821 ibide
1731 3746 1804 3806 terit
1826 3757 1881 3807 tw

181 3842 267 3901 ibant.
287 3853 314 3894 ec
334 3841 387 3894 tec
407 3840 471 3894 roto
488 3840 545 3902 fide
563 3840 685 3892 contenti
701 3839 783 3894 abire
795 3841 933 3896 debemus.
963 3841 1017 3896 Sa·
1041 3839 1168 3906 biennes,
1191 3835 1245 3894 unb
1268 3843 1338 3905 pour
1360 3833 1398 3890 im
1422 3833 1504 3904 &ruer
1527 3836 1595 3906 pent
1618 3834 1790 3904 umemebrn,
1820 3835 1881 3894 serr

182 3929 238 3980 tius
255 3927 326 3981 enim
345 3935 384 3979 est
402 3928 432 3978 in
452 3926 617 3993 hujusmodi
635 3925 872 3996 inquisitionibus,
890 3926 940 3980 ubi
957 3945 1016 3982 cer·
1043 3925 1098 3995 bed)
1122 3923 1189 3993 aiibi
1212 3921 1401 3996 materialiter
1426 3919 1475 3975 urii
1498 3918 1699 3990 demidiipttttp
1727 3919 1798 3992 {bui
1822 3919 1881 3979 {dtr

181 4024 239 4067 turn
255 4012 328 4067 nibil
347 4028 380 4065 ec
399 4010 552 4079 Scriptura
571 4018 689 4078 constat,
711 4011 761 4080 pie
781 4012 912 4066 dubitare
932 4030 1016 4082 quam
1042 4010 1111 4079 itui,
1129 4007 1236 4076 ioubmrt
1252 4004 1424 4076 formaliter
1441 4003 1503 4074 ned)
1520 4004 1589 4075 iliter
1607 4003 1693 4077 ibium
1709 4003 1809 4073 &tituli
1826 4004 1880 4062 tub

181 4109 280 4153 temere
300 4097 456 4168 qrsidrpuam
474 4098 602 4165 definire.
630 4095 708 4151 Idem
727 4097 1016 4170 videturquibusdam
1042 4093 1197 4164 haufeiiiecn
1221 4092 1353 4162 3uiluob,
1377 4091 1455 4162 quod
1481 4091 1571 4162 ipsum
1602 4091 1727 4146 declarat
1753 4091 1881 4160 exempto

182 4204 213 4241 ex
234 4185 344 4240 nostris.
368 4182 567 4237 Heerbrsndus
586 4183 615 4237 in
636 4182 789 4255 Compend.
809 4184 894 4241 theol.
914 4186 942 4240 in
955 4202 1016 4258 cap.
1043 4196 1191 4253 corporum
1211 4194 1244 4233 ex
1264 4180 1379 4250 pulvere
1396 4179 1534 4246 advitam
1554 4178 1791 4234 rmnscitatorum.
1825 4174 1880 4231 Pe·

182 4272 216 4327 de
233 4287 383 4328 consumm.
400 4268 485 4324 seculi
505 4275 612 4340 quaest.
632 4269 681 4327 uit.
702 4288 729 4342 p.
743 4276 808 4327 5³⁷:
825 4274 902 4325 Num
920 4290 1016 4326 secun·
1043 4268 1138 4339 largus
1155 4282 1218 4322 cum
1245 4266 1336 4320 adhuc
1360 4271 1435 4320 esset
1459 4263 1644 4330 orthodoxus,
1670 4264 1699 4317 in
1716 4261 1880 4319 Jesuitismo

182 4363 247 4412 dum
264 4358 425 4412 accidentia
443 4365 469 4411 et
483 4357 678 4426 proprietates
694 4357 880 4426 tabescentes,
900 4376 937 4412 an
951 4374 1016 4413 cero
1043 4355 1094 4410 loe.
1115 4360 1156 4410 23.
1175 4371 1201 4424 p.
1223 4357 1286 4409 203:
1316 4353 1462 4406 Sententia
1477 4368 1546 4405 cera
1566 4359 1615 4418 est,
1633 4369 1726 4419 mare,
1744 4351 1881 4420 quod-nd

182 4446 266 4499 etiarn
282 4446 434 4497 secundnm
453 4443 639 4496 substantiam
658 4445 780 4496 mundus
797 4443 835 4496 rit
862 4445 1017 4512 periturus,
1042 4441 1140 4494 ocrim
1160 4457 1228 4493 usus
1245 4439 1440 4507 dominumque
1459 4439 1606 4492 commoda
1625 4437 1724 4507 optimi
1741 4436 1881 4493 creatoris

182 4551 237 4587 reon
256 4539 297 4587 est
313 4531 431 4584 trimani
446 4530 554 4598 inperii
571 4530 633 4583 acie
648 4530 757 4582 crrriose
772 4532 1018 4598 perseuerandum,
1037 4529 1124 4596 jussu
1145 4527 1282 4588 deseruit,
1308 4526 1471 4578 innovatum
1490 4542 1551 4578 cum
1571 4523 1671 4579 ceteris
1689 4525 1835 4580 demmtis
1850 4530 1879 4578 et

182 4621 233 4672 sed
251 4617 429 4672 constitutam
446 4617 498 4670 boc
524 4623 564 4671 est
588 4618 619 4669 in
640 4617 730 4669 soiius
752 4617 813 4670 Dei
832 4617 932 4669 Patris
957 4632 1017 4669 coe·
1043 4631 1064 4666 a
1080 4613 1212 4666 servitute
1229 4612 1357 4666 restituto
1376 4613 1486 4665 bomine
1505 4612 1657 4665 liberatum
1675 4612 1724 4666 iri.
1927 4669 1931 4677 ,

182 4705 260 4759 iestis
282 4711 421 4775 potestate
447 4711 474 4757 et
491 4703 620 4757 arbitrio.
656 4701 759 4772 Myiius
775 4701 804 4754 in
824 4701 921 4771 explic.
942 4701 1018 4774 Aug.
1078 4704 1120 4755 39.
1172 4698 1257 4753 Hisce
1292 4698 1449 4768 praemissis
1484 4714 1536 4768 pro
1574 4699 1745 4754 adstruenda
1782 4699 1878 4755 muudi
1894 4708 2007 4760 Arsanus

179 4790 296 4846 confess
310 4797 362 4845 ars.
378 4794 420 4844 11.
437 4805 464 4860 p.
475 4794 542 4845 2³1:
561 4788 803 4858 Disceptationcm
815 4787 906 4856 iliam,
925 4797 1018 4843 atrum
1043 4785 1106 4841 κατ’
1136 4783 1236 4841 uiator
1265 4785 1453 4840 destructione
1485 4785 1667 4856 producimus
1699 4784 1770 4841 haee
1797 4802 1880 4858 argu·
1894 4761 2006 4853 iim.

179 4880 291 4951 φθορᾷ,
316 4894 355 4929 an
380 4873 526 4931 ἀλλοιώσει
553 4877 690 4929 transitus
717 4875 816 4929 mundi
841 4876 1019 4940 definiendus
1043 4877 1144 4927 menta.
1173 4877 1193 4927 1.
1214 4873 1261 4925 Ec
1277 4872 1443 4941 Scripturas
1456 4888 1558 4925 sacrae
1576 4874 1667 4929 dictis.
1691 4871 1725 4926 In
1742 4862 2014 4970 111117010ῗίἓέιοῦ

178 4965 223 5031 sit,
240 4964 294 5034 pia
312 4961 401 5032 ἐποχή
421 4962 575 5015 rectissime
595 4962 715 5025 dirimit,
734 4979 807 5031 quae
826 4962 858 5014 in
871 4979 952 5016 sensu
968 4963 1017 5025 fu·
1043 4958 1167 5015 notanda
1199 4964 1221 5014 1.
1250 4958 1409 5029 emphatica
1438 4959 1534 5022 saturi
1556 4958 1686 5011 interitus
1718 4959 1881 5029 descriptio.
1928 4989 1993 5041 m,

78 5067 120 5110 xx.
135 5066 166 5107 tt.
180 5058 261 5104 turae
279 5050 469 5118 eupmientiae
487 5064 569 5115 quam
592 5049 797 5104 divinationum
816 5053 914 5120 σκέψει
938 5050 1019 5103 certi·
1045 5046 1158 5099 Denter.
1183 5048 1225 5112 32,
1248 5059 1273 5100 r.
1291 5049 1336 5099 22:
1358 5044 1440 5113 Ipsis
1463 5061 1611 5098 srsccenerss
1637 5045 1667 5097 in
1694 5045 1799 5112 furore
1820 5062 1879 5101 ereo
1892 5054 2012 5095 errrrsecr·

181 5153 258 5190 orem
277 5152 335 5190 esre
354 5134 527 5203 amantionis
546 5133 628 5187 r'iiius
644 5136 812 5190 solutionem
826 5136 930 5190 statuit.
961 5134 1017 5189 Ee·
1045 5131 1155 5186 ardebit
1173 5146 1260 5200 usosse
1279 5130 1320 5182 ad
1336 5130 1480 5196 infernum
1500 5132 1668 5200 inferiorern
1694 5137 1721 5184 d
1738 5139 1880 5187 consumet
1893 5105 2024 5207 ἓῖζίρξῇ..

183 5222 245 5277 dem
264 5221 350 5277 rerba
367 5220 468 5291 repetit
484 5219 620 5274 Hutterua
638 5220 708 5291 disp.
729 5226 771 5277 22.
791 5221 957 5292 depraecip.
970 5221 1018 5275 fid.
1043 5226 1150 5271 terram
1168 5214 1340 5286 (Hebraeum
1364 5200 1452 5278 batti-[t
1469 5217 1585 5285 perdet,
1610 5214 1746 5283 adsumet)
1767 5223 1793 5271 et
1814 5217 1880 5282 fru-
1893 5207 2022 5313 §3¹39ss

183 5309 260 5363 artic.
283 5306 320 5363 th.
341 5312 382 5364 28.
419 5304 578 5362 Isobechius
601 5305 672 5375 disp.
694 5311 732 5362 te.
755 5306 784 5360 in
801 5307 920 5378 August.
944 5305 1018 5362 cani.
1045 5312 1116 5359 ctum
1144 5305 1256 5372 ejurat
1279 5303 1467 5372 inflammabit
1490 5303 1708 5369 fundamentum
1738 5302 1880 5359 montium

182 5394 222 5450 th.
240 5399 286 5453 ter
313 5392 482 5468 ζητούμενον
500 5392 584 5460 iilud,
601 5409 640 5444 an
658 5395 779 5446 mundus
796 5395 906 5447 ratione
926 5393 1019 5464 quaii-
1044 5389 1594 5458 tob.1t,r.12=rtonserarpsraomo‚
1613 5391 1704 5445 donec
1724 5406 1780 5446 non
1798 5396 1881 5444 nass

183 5489 271 5536 tatum
291 5481 322 5534 ia
338 5481 438 5536 metius
456 5479 669 5535 commutandus
687 5479 735 5542 sit,
761 5486 793 5533 ut
806 5486 946 5549 perpetuo
966 5480 1018 5533 du·
1046 5477 1125 5543 coeli,
1142 5475 1302 5533 Hebraeum
1327 5463 1425 5549 07⁷2ss
1442 5460 1587 5552 ἮᾏᾏἼζ
1624 5476 1726 5533 Psalm.
1746 5483 1788 5543 72,
1803 5493 1829 5530 v.
1848 5480 1879 5530 'tt
