4050 6014
221 296 259 352 90
875 280 1105 340 TRACI'ATUS
1123 279 1288 338 TERTIUS

218 444 289 506 turs,
308 455 343 493 ac
361 437 531 493 ostendimus
549 436 684 508 superius,
704 437 865 492 vaticinium
884 438 919 492 dc
936 435 1053 508 pseudo·
1080 437 1184 493 militia
1202 453 1297 491 eorum
1317 437 1427 506 defluet,
1451 435 1524 490 11111
1540 435 1640 505 defluit
1655 435 1762 500 folium
1780 436 1816 490 rie
1831 435 1914 490 uinea

218 524 328 581 christis
338 530 366 579 et
375 523 625 594 pseudoprophetis
634 523 979 593 nontantumadtempora
987 522 1053 577 Hie·
1080 531 1105 576 et
1125 525 1161 576 ds
1180 525 1249 592 ficu.
1283 521 1348 578 Joel
1364 526 1389 590 3,
1406 538 1430 575 r.
1451 526 1482 577 ³1
1512 522 1598 575 Dabo
1621 522 1761 592 prodipia
1788 522 1915 576 incaelo

219 612 374 682 rosolymac
399 610 537 664 excidium
562 614 738 679 antegressa,
764 609 813 663 sed
837 610 921 665 etism
950 609 987 664 ad
1005 627 1053 664 uo·
1079 618 1105 664 et
1124 611 1153 664 in
1171 617 1258 679 terro,
1285 609 1449 678 sanquinem
1466 615 1493 661 et
1512 608 1605 677 ipnem
1623 616 1650 662 et
1666 623 1800 678 uaporem
1824 608 1915 677 firmi,-

218 696 331 750 rissima
362 702 489 764 tempora
521 694 660 764 judicium
691 700 843 749 extremum
873 712 1054 766 praecessura
1079 713 1103 751 v.
1116 701 1142 751 l.
1168 696 1212 750 soi
1230 701 1403 749 conratetur
1421 695 1452 747 in
1471 694 1600 747 tenebras
1628 701 1655 748 st
1671 694 1741 748 luna
1757 694 1789 747 in
1806 693 1916 762 sanqui-

219 781 371 836 rectissime
388 779 485 834 referri
504 796 591 850 posse.
628 781 829 852 Quamcunque
847 781 933 851 igitur
956 781 1053 836 verbo·
1079 799 1149 850 nem,
1175 789 1324 850 antequam
1343 780 1437 834 111111
1455 779 1517 832 dies
1537 778 1659 833 Domini
1674 796 1792 847 mapnrrs
1809 787 1837 833 et
1854 779 1916 834 bor·

218 885 279 921 rum
296 866 405 920 illorum
423 866 678 937 interpretationem
696 867 962 936 quisamplectatur,
982 865 1052 920 illud
1079 868 1181 922 ribilis.
1222 884 1248 923 v.
1277 872 1330 922 ta:
1367 867 1457 919 Jaeto
1486 873 1527 919 est
1554 866 1616 919 diss
1641 865 1762 919 Domini
1784 866 1814 918 in
1841 863 1917 918 eabe

168 972 172 979 ¹
219 953 360 1034 evidenter
376 970 409 1008 ex
430 951 470 1006 eis
493 952 647 1024 colligitur,
669 952 745 1023 quod
762 952 889 1007 Christus
914 970 969 1008 uon
996 970 1053 1007 am·
1081 955 1264 1020 concisionis,
1302 971 1327 1008 v.
1347 957 1390 1007 20.
1426 953 1471 1007 sol
1510 960 1535 1005 et
1569 952 1638 1004 luna
1667 951 1918 1006 obtasebrabuntur

218 1022 291 1112 plius
308 1047 375 1112 agat
394 1042 430 1096 de
450 1041 538 1111 signis
560 1039 752 1095 communibus
775 1056 808 1094 ac
829 1040 865 1094 de
889 1045 964 1095 statu
988 1047 1054 1094 tem·
1081 1041 1226 1097 1111111111
1244 1039 1387 1093 retrahent
1404 1039 1582 1105 splendorem
1600 1055 1688 1091 suum
1724 1039 1751 1105 2)
1777 1039 1824 1091 En
1847 1036 1918 1104 spru

219 1145 315 1198 porum
333 1132 399 1181 ante
411 1126 622 1196 Hierosolymae
635 1125 782 1192 excidium,
799 1126 848 1180 sed
865 1127 924 1196 jam
937 1126 1055 1196 incipiat
1082 1127 1189 1182 Cirr-isti
1204 1126 1304 1179 uerbis
1339 1123 1478 1179 Dicuntur
1497 1124 1570 1179 enim
1588 1124 1687 1178 stellae
1710 1125 1747 1176 rie
1765 1123 1845 1178 coelo
1869 1139 1917 1175 oa·

219 1228 304 1284 agere
322 1212 357 1266 de
374 1212 462 1283 signis
483 1211 597 1266 extremi
609 1212 710 1282 judicii
728 1212 848 1282 propriis
869 1228 902 1266 ac
925 1213 959 1266 de
978 1219 1055 1267 statu
1080 1210 1449 1277 111111111111121129.
1486 1209 1734 1272 1111113125.
1760 1209 1822 1279 jam
1851 1223 1918 1263 vero

218 1305 373 1367 temporum
396 1296 607 1367 Hierosolymae
634 1297 851 1352 devastationem
880 1303 1054 1367 secutorum
1081 1297 1193 1370 quando
1209 1296 1307 1351 stellae
1324 1293 1361 1350 ab
1379 1295 1492 1349 orbibus
1513 1293 1915 1356 coelestibusremovebuntur‚

219 1382 286 1454 quia
310 1398 440 1454 expresse
465 1383 535 1437 dicit
559 1391 625 1451 post
651 1383 861 1436 tribulationem
888 1383 970 1436 ulam
997 1384 1055 1439 sive
1079 1391 1147 1439 tunc
1165 1383 1235 1439 coeli
1253 1389 1399 1453 terraeque
1417 1381 1497 1436 ruina
1514 1381 1672 1437 immediate
1691 1381 1743 1437 erit
1757 1382 1917 1452 conjuncta

215 1476 281 1538 post
302 1469 514 1523 tribulationem
533 1470 648 1523 illorum
667 1469 793 1537 dierum,
820 1469 855 1523 dc
874 1485 931 1539 qua
949 1469 1055 1523 scilicet
1081 1471 1218 1526 Dicuntur
1237 1469 1450 1523 commovendas
1467 1469 1609 1522 coelorum
1627 1469 1757 1535 uirtutes,
1777 1471 1836 1535 jam
1853 1483 1918 1522 vero

219 1555 353 1610 hactenus
378 1560 481 1626 egerat.
515 1554 593 1609 Idem
617 1562 735 1625 apparet
759 1573 792 1608 sa
817 1556 1056 1624 consequentibus,
1082 1557 1192 1628 quando
1210 1556 1316 1611 coelum
1335 1554 1397 1610 loco
1416 1554 1584 1622 movebitur,
1608 1554 1637 1608 id
1658 1559 1701 1607 est
1719 1552 1833 1624 quando
1860 1571 1916 1606 ma·

219 1641 287 1712 qnia
307 1646 370 1711 past
387 1641 621 1696 enumerationem
639 1642 781 1711 signorum
806 1658 840 1695 ac
864 1641 1055 1712 prodigiorum
1081 1662 1136 1715 qno
1156 1661 1218 1696 crim
1234 1642 1339 1711 impetu
1361 1641 1505 1706 transibit,
1528 1648 1559 1695 ut
1584 1639 1685 1695 Petrus
1710 1640 1917 1711 iuterpretatur,

219 1727 355 1794 incaelo,
381 1731 456 1781 terra
478 1725 601 1798 marique
626 1725 783 1780 futurorum
808 1726 966 1781 immediate
991 1726 1054 1780 sub·
1081 1737 1148 1784 tuuc
1171 1728 1263 1782 omnia
1287 1742 1399 1782 necesse
1427 1732 1469 1781 est
1495 1726 1654 1781 conturbari
1682 1742 1715 1779 ac
1742 1724 1917 1787 commoveri,

216 1813 326 1884 jungit,
351 1821 377 1867 et
397 1821 460 1866 tuno
477 1813 610 1866 videbunt
630 1813 739 1866 Filium
758 1814 877 1867 lerninis
904 1814 1054 1866 uenientem
1082 1814 1148 1887 quis
1165 1814 1273 1869 coelum
1291 1830 1342 1867 sua
1359 1812 1460 1867 virtute
1480 1812 1572 1867 omnia
1589 1812 1725 1867 elementa
1749 1812 1778 1866 in
1797 1829 1848 1867 suo
1875 1828 1916 1866 or-

219 1902 249 1954 in
267 1901 384 1954 nabibus
402 1900 475 1954 coeli
491 1917 553 1954 cum
573 1901 674 1954 uirtute
694 1908 720 1952 et
738 1900 833 1970 pieria
851 1917 962 1969 mapna,
982 1916 1054 1969 quae
1083 1902 1146 1956 dine
1165 1900 1295 1956 continet.
1333 1900 1364 1952 ln
1384 1915 1436 1953 ovo
1453 1898 1564 1952 vitellus
1584 1898 1758 1953 concluditur
1776 1897 1918 1952 albumine

218 1986 305 2041 rerba
324 1987 359 2040 de
379 1987 501 2041 secundo
521 1985 609 2056 ipsius
629 1986 751 2040 adventu
771 2002 853 2057 agere
875 1984 977 2040 nemini
1005 1984 1054 2038 du·
1081 1995 1110 2044 et
1132 1992 1219 2055 testa,
1246 1986 1335 2039 fracta
1363 1990 1456 2040 autem
1482 1989 1555 2039 testa
1581 1984 1674 2039 omnia
1700 1983 1847 2053 diffluunt,
1878 1985 1918 2039 ita

219 2072 296 2126 bium
320 2089 380 2127 esse
405 2077 505 2143 potest.
540 2071 621 2136 Quod
648 2073 720 2141 enim
740 2071 915 2142 Augustinus
939 2071 1056 2141 epistola
1083 2089 1192 2144 quoque
1213 2071 1299 2127 coelis
1323 2070 1531 2126 transeuntibus
1555 2087 1589 2124 ac
1615 2070 1681 2141 igne
1703 2069 1845 2124 dissolutis
1868 2085 1918 2125 uec

220 2164 261 2214 80.
289 2175 323 2212 ea
348 2159 382 2213 de
406 2159 556 2227 spirituali
583 2159 687 2211 Christi
713 2160 835 2212 musaeu
862 2156 950 2228 accipi
974 2174 1055 2228 posse
1082 2166 1171 2224 terra,
1198 2174 1249 2211 nec
1273 2172 1348 2211 mare
1371 2173 1451 2210 suum
1477 2155 1596 2225 amplius
1623 2155 1789 2210 obtinebunt
1817 2154 1917 2211 locum.

219 2245 379 2312 arbitratur,
397 2244 472 2298 omni
490 2261 603 2313 prorsus
625 2244 821 2313 probabilitate
839 2250 924 2302 caret.
1083 2246 1162 2310 Quod
1193 2243 1267 2314 apud
1292 2242 1400 2297 Lucam
1429 2241 1560 2296 dicuntur
1587 2242 1711 2296 homines
1737 2241 1921 2295 saonimandi

90 2330 145 2374 111.
162 2331 211 2374 2⁶⁰·
254 2336 296 2388 94.
331 2330 442 2385 Certum
460 2330 545 2401 igitur
565 2336 638 2399 esto,
662 2330 801 2385 Christum
816 2330 851 2384 de
872 2329 1004 2398 propriis
1030 2336 1056 2382 et
1079 2348 1152 2402 prae
1179 2332 1276 2384 timore
1303 2338 1329 2382 et
1356 2329 1561 2398 suspectatione
1591 2346 1698 2396 eorum,
1725 2345 1797 2397 quae
1821 2344 1918 2398 assper-

215 2418 354 2488 prosimis
383 2418 499 2471 satremi
514 2417 625 2486 judieii
642 2417 731 2483 siquis
753 2416 799 2471 hio
822 2432 921 2487 ager03
949 2420 1056 2470 certum
1082 2419 1189 2471 uenient
1207 2415 1338 2469 uniuerso
1358 2415 1428 2482 orbi,
1446 2414 1475 2469 id
1494 2414 1570 2484 apud
1586 2414 1759 2468 Matthaeum
1778 2415 1818 2469 sic
1837 2430 1918 2485 expo·

219 2503 303 2558 etism
321 2503 400 2572 illud,
415 2504 489 2574 quod
506 2505 536 2557 in
551 2504 677 2556 omnibus
690 2503 774 2556 totius
789 2501 913 2556 antemi
926 2503 1056 2570 partibus
1083 2505 1168 2571 nitur,
1185 2511 1250 2556 tunc
1270 2503 1417 2571 apparebit
1436 2501 1546 2570 sipnum
1555 2501 1629 2554 Filii
1644 2501 1764 2554 hominis
1784 2500 1814 2554 in
1832 2500 1919 2570 coelo,

218 2589 300 2660 signs
320 2589 369 2643 illa
392 2595 526 2644 eventura
550 2588 760 2659 praedicantur,
788 2588 855 2658 quis
876 2593 965 2642 totum
996 2588 1056 2642 uni·
1083 2598 1110 2644 et
1128 2600 1194 2643 tunc
1215 2589 1352 2658 pionpant
1372 2606 1465 2642 omnes
1484 2588 1574 2640 tribus
1593 2596 1702 2655 terrae;
1728 2587 1790 2657 jum
1807 2602 1873 2640 vero
1890 2586 1919 2640 in

218 2691 328 2729 versum
348 2674 388 2728 sic
410 2675 587 2741 describitur,
615 2674 689 2745 quod
716 2675 916 2744 complectatur
940 2675 1056 2736 coelum,
1084 2678 1143 2748 ipso
1162 2675 1297 2730 adventus
1309 2673 1412 2728 Christi
1432 2680 1570 2728 momento
1590 2672 1635 2727 hic
1648 2673 1779 2743 planctus
1796 2671 1841 2727 rel
1861 2688 1919 2728 mtt-

221 2768 334 2829 terrom,
363 2778 442 2815 rnare
460 2770 486 2815 et
504 2763 607 2825 omnia,
632 2776 703 2830 ques
721 2770 785 2813 sunt
804 2761 835 2814 in
853 2761 893 2814 eis
910 2759 997 2817 Exod.
1015 2766 1057 2827 20,
1083 2763 1154 2817 rime
1174 2760 1309 2817 audietur.
1332 2759 1446 2830 Apoesl.
1470 2763 1492 2827 l,
1512 2776 1537 2815 v.
1556 2764 1586 2813 l:
1603 2760 1679 2813 Eoos
1692 2759 1770 2812 uenit
1789 2775 1853 2812 cum
1864 2775 1916 2811 nu·

220 2866 246 2903 v.
267 2853 306 2904 ll.
343 2847 458 2903 Nehem.
473 2854 498 2914 3,
516 2865 541 2902 v.
563 2852 587 2902 6.
622 2847 725 2901 Psalm.
750 2851 806 2914 135,
827 2863 852 2901 v.
870 2852 895 2902 e.
916 2855 968 2901 etc.
996 2846 1055 2916 jum
1084 2850 1174 2918 bibres,
1200 2846 1349 2901 stridebit
1368 2863 1429 2898 erim
1448 2845 1701 2902 omnisoculaset
1719 2845 1769 2914 qui
1794 2859 1922 2914 pupupe·

221 2951 285 2989 vero
304 2933 429 2988 Christus
447 2935 476 2986 iu
498 2932 584 2998 coelo,
603 2938 678 2987 terra
696 2939 725 2986 et
738 2932 808 2986 mari
828 2932 963 3003 ejusmodi
976 2931 1057 3002 signa
1082 2943 1148 2989 runt
1168 2951 1242 3004 sum,
1263 2941 1290 2987 et
1309 2933 1447 3003 pionpant
1469 2948 1498 2985 ss
1523 2949 1608 2998 super
1633 2948 1695 2985 eum
1713 2948 1809 2985 omnes
1830 2930 1924 2984 tribus

221 3022 315 3076 lutura
334 3019 478 3090 praedicit.
509 3017 564 3073 Sed
583 3035 656 3089 quae
676 3025 704 3072 et
722 3018 819 3089 qualia
838 3018 887 3072 illu
907 3017 988 3087 signa
1001 3017 1057 3070 sint
1083 3030 1182 3076 terraa
1218 3018 1294 3073 Addi
1311 3025 1403 3089 potest
1420 3017 1498 3084 illud,
1524 3018 1600 3089 quod
1618 3017 1780 3073 immediate
1798 3009 1863 3072 c'irm
1880 3016 1924 3071 his

221 3107 323 3175 futura,
343 3106 378 3160 de
399 3122 431 3159 co
447 3105 599 3175 plurimum
617 3105 726 3158 variant
744 3104 925 3174 interpretum
948 3111 1056 3158 senten·
1084 3107 1171 3178 signis
1199 3105 1335 3160 adventus
1360 3103 1462 3160 Christi
1491 3103 1527 3158 ad
1556 3104 1694 3175 judicium
1724 3102 1835 3158 videtur
1860 3119 1999 3174 con-m,

219 3195 285 3261 tiae,
305 3209 375 3263 quas
393 3192 422 3245 in
440 3198 529 3245 certas
544 3190 741 3246 distribuamus
756 3192 865 3246 classes.
897 3199 917 3244 l.
936 3189 1055 3254 Quidam
1081 3193 1175 3267 jungi,
1199 3189 1340 3260 nutrire,
1363 3200 1389 3244 11
1413 3200 1492 3260 tune,
1514 3192 1646 3245 ridebunt
1668 3191 1776 3244 Filium
1802 3190 1922 3244 bominis

220 3278 391 3346 existimant,
416 3277 485 3332 baec
502 3278 583 3348 signa
608 3278 767 3331 immediate
793 3275 1055 3332 consummationem
1083 3283 1234 3334 uenientem
1259 3280 1290 3332 in
1313 3278 1429 3331 nubibus
1455 3278 1541 3342 sosli,
1569 3277 1701 3347 quodque
1721 3274 1796 3345 apud
1816 3275 1922 3330 Lucam

221 3365 307 3420 seculi
324 3372 516 3432 auteoessurs,
544 3364 669 3434 adeoque
694 3364 747 3417 illo
772 3363 834 3431 sisso
859 3365 970 3415 demum
997 3379 1055 3413 me·
1083 3367 1184 3423 dicitur
1203 3367 1248 3419 lis
1261 3366 1331 3434 fieri
1350 3364 1545 3433 incipientibus
1563 3364 1689 3418 attollite
1703 3364 1801 3435 sepita
1818 3370 1921 3430 surra

220 3460 325 3517 mento,
351 3468 406 3521 quo
425 3451 551 3506 Christus
570 3451 606 3504 ad
627 3449 764 3521 judicium
783 3450 889 3518 veniet,
913 3453 1054 3503 eventura.
1082 3454 1150 3523 qnia
1174 3453 1387 3522 appropinquat
1413 3451 1546 3504 redemtio
1573 3459 1674 3503 uestro.
1710 3455 1733 3514 3)
1763 3449 1809 3501 Eu
1835 3449 1921 3501 inter·

160 3547 161 3550 ’
221 3539 291 3594 Cum
311 3537 384 3592 enim
401 3537 550 3592 destructio
569 3537 639 3592 coeli
658 3553 691 3591 ac
704 3536 834 3591 terracin
848 3534 893 3590 die
907 3535 1054 3589 novissimo
1080 3539 1236 3610 pretatione
1254 3537 1473 3606 Apoealypseos.
1509 3534 1652 3591 lohannes
1684 3535 1771 3606 Apoc.
1790 3539 1816 3603 6,
1835 3552 1862 3589 r.
1882 3537 1922 3594 tt.

222 3631 350 3679 secutura
378 3640 396 3676 a
414 3624 498 3678 Petro
523 3625 564 3678 sic
583 3624 756 3679 describatur
781 3629 804 3679 2.
823 3624 903 3694 epist.
920 3627 945 3690 3,
962 3640 987 3675 v.
1011 3628 1054 3677 10:
1082 3633 1111 3682 et
1128 3642 1203 3696 seqq.
1228 3622 1338 3677 videtur
1361 3622 1443 3692 signa
1465 3638 1483 3675 a
1508 3620 1617 3676 Christo
1647 3621 1693 3675 hic
1720 3619 1864 3691 praedicta
1885 3618 1922 3673 ad

225 3711 304 3770 Coeli
320 3728 422 3776 mopno
439 3728 500 3762 cum
518 3710 623 3780 impetu
642 3711 809 3780 transibunt,
837 3711 971 3764 elementa
990 3725 1055 3761 uero
1082 3715 1173 3783 ipsum
1191 3709 1369 3764 novissimum
1387 3709 1460 3764 diem
1488 3709 1635 3779 applicare.
1672 3710 1824 3779 Postquam
1847 3706 1922 3762 enim

221 3797 381 3852 aestuantia
405 3797 546 3851 solventur
571 3805 700 3864 terraque
724 3805 750 3848 et
776 3813 848 3864 qreas
874 3796 904 3848 in
930 3811 966 3848 ea
992 3802 1056 3846 utut
1083 3806 1213 3867 apertum
1229 3796 1327 3850 luisset
1342 3796 1468 3863 sipillum
1488 3803 1603 3861 sentiam,
1621 3794 1702 3856 vidit,
1720 3795 1798 3863 quari
1814 3792 1859 3847 sol
1869 3798 1921 3862 sa·

222 3888 607 3955 operu,eaarentur;v.12.
628 3884 701 3936 coeli
719 3883 782 3951 ipae
794 3883 903 3936 incensi
913 3883 1057 3936 solventur·
1084 3893 1142 3939 etas
1159 3884 1248 3949 fuerit
1267 3883 1348 3949 niper
1366 3890 1499 3950 tanquam
1516 3898 1616 3934 succus
1639 3881 1769 3934 cilicinus
1796 3887 1821 3933 et
1849 3880 1918 3933 luna

223 3980 249 4025 st
275 3971 410 4025 elementa
436 3970 597 4023 aestuantia
628 3969 797 4038 liquescent,·
831 3968 895 4023 ideo
923 3975 1057 4038 statuunt,
1085 3979 1143 4027 tota
1166 3971 1238 4025 sicut
1261 3965 1393 4037 sanquis,
1421 3969 1499 4035 quod
1526 3967 1625 4020 stellae
1657 3968 1810 4021 ceciderint
1836 3983 1922 4039 super

222 4058 330 4113 initium
350 4057 433 4127 hujus
447 4054 673 4127 conflagrationis
690 4064 718 4109 et
734 4055 929 4110 destructionis
941 4057 970 4111 in
982 4056 1057 4111 hisce
1084 4070 1198 4126 terram,
1216 4056 1289 4109 sieut
1305 4057 1375 4117 fiam
1396 4054 1495 4107 emittit
1513 4070 1627 4122 prossos
1640 4071 1714 4119 suos,
1735 4071 1796 4106 oum
1810 4072 1829 4106 a
1840 4058 1921 4106 uento

221 4144 309 4215 signis
338 4143 367 4197 in
393 4142 486 4208 coelo,
513 4147 586 4196 terra
612 4141 736 4212 marique
762 4142 903 4196 eventuris
932 4142 1056 4214 proponi.
1084 4162 1184 4210 nrapno
1210 4150 1348 4210 movetur,
1374 4157 1435 4194 mox
1463 4156 1528 4194 vero
1556 4139 1713 4196 immediate
1743 4144 1840 4193 secuta
1867 4137 1922 4193 tuit

222 4230 356 4301 Origenes
374 4229 544 4298 suspicatur,
569 4228 654 4281 nubes
674 4228 751 4292 fumi
768 4245 801 4281 ee
817 4229 918 4281 mundi
937 4237 1057 4282 eatrsmo
1084 4229 1155 4285 coeli
1172 4237 1318 4299 terraeque
1338 4226 1500 4292 destructio,
1520 4227 1587 4295 quia
1602 4226 1709 4281 eoelum
1726 4226 1839 4279 recessit
1851 4226 1922 4278 simet

221 4317 351 4370 incendio
369 4315 504 4369 excitatas
529 4316 603 4369 bano
628 4315 777 4381 caliginem
801 4315 831 4366 in
855 4314 914 4368 sole
939 4322 966 4367 et
988 4315 1058 4366 luna
1086 4317 1158 4369 liber
1176 4315 1330 4378 inuolatus,
1359 4321 1383 4366 et
1406 4312 1497 4365 omnis
1523 4329 1601 4365 mons
1622 4320 1648 4366 et
1668 4312 1778 4365 insulae
1798 4314 1834 4365 de
1851 4312 1922 4366 loeas

224 4404 379 4473 affectares.
428 4401 531 4457 Sensus
559 4400 646 4472 igitur
673 4399 820 4454 verborum
853 4399 956 4455 Christi
986 4398 1058 4455 foret
1084 4403 1142 4454 sais
1166 4410 1255 4455 motae
1277 4409 1348 4455 mint.
1383 4399 1458 4454 Huic
1479 4398 1656 4467 explicationi
1682 4397 1773 4452 affinis
1804 4405 1847 4453 est
1877 4414 1922 4451 ex·

225 4477 374 4558 ejusmodi:
402 4488 506 4541 trustra
525 4487 651 4558 cogitant
669 4486 808 4554 homines,
837 4503 867 4540 se
885 4486 914 4540 in
933 4487 992 4557 ipso
1012 4486 1057 4539 die
1086 4489 1185 4558 positio
1203 4486 1375 4558 Hieronymi,
1405 4484 1603 4556 chrysostomi,
1629 4483 1843 4556 Theophylacti‚
1867 4485 1921 4539 Eu·

224 4572 373 4626 novissimo
399 4572 596 4639 poenitentiam
628 4571 719 4626 adhuc
750 4587 831 4641 posse
859 4587 959 4641 agere,
991 4575 1057 4624 tunc
1085 4574 1183 4645 thymii
1203 4583 1232 4628 et
1247 4574 1341 4628 Bedae
1368 4573 1395 4626 in
1416 4589 1512 4627 comm.
1531 4588 1554 4626 c.
1574 4577 1615 4629 25.
1640 4571 1739 4628 Matth.
1763 4572 1811 4642 qui
1836 4571 1922 4626 rerba

224 4658 298 4713 enim
318 4657 358 4711 ita
372 4663 453 4711 erunt
470 4657 618 4712 exanimati
633 4664 662 4712 et
671 4656 852 4723 consternati,
870 4663 902 4710 ut
917 4656 952 4710 de
964 4656 1058 4725 poeni·
1086 4660 1187 4716 Christi
1207 4658 1349 4729 accipiunt
1370 4666 1547 4726 comparate,
1571 4657 1647 4727 quod
1666 4657 1768 4712 Christi
1786 4658 1822 4712 ad
1847 4656 1922 4728 judi·

224 4744 313 4800 tentia
335 4743 458 4814 cogitare
479 4743 642 4813 neutiquam
671 4743 793 4814 possint3
819 4743 911 4798 omnia
940 4758 1059 4812 namque
1086 4746 1158 4801 cium
1178 4744 1314 4800 adventus
1330 4749 1437 4798 tautam
1457 4743 1546 4798 lucem
1572 4742 1607 4798 sit
1631 4743 1779 4813 allaturus,
1801 4751 1831 4797 ut
1853 4743 1922 4799 solis

224 4839 292 4886 tunc
317 4833 397 4884 eruut
425 4827 536 4882 funesta
562 4835 591 4882 et
618 4829 767 4892 terribilia,
797 4829 867 4884 coeli
890 4828 1058 4895 transibunt,
1087 4851 1121 4887 aa
1140 4831 1225 4885 lunae
1244 4832 1379 4900 splendor
1396 4847 1430 4883 ea
1449 4832 1655 4898 quodammodo
1668 4831 1839 4898 abominetur,
1858 4830 1923 4900 quis

224 4917 360 4972 elementa
391 4914 604 4985 colliquescunt,
638 4923 713 4970 terra
744 4917 810 4986 igne
846 4920 976 4970 exuretur
1007 4922 1059 4970 etc.
1086 4922 1176 4990 majus
1192 4920 1286 4973 lumen
1307 4917 1438 4972 obscurat
1457 4917 1555 4971 minus.
1581 4917 1756 4987 Augustinus
1770 4933 1851 4971 serm.
1865 4921 1921 4973 130.

225 5002 305 5057 Haec
330 5001 520 5071 interpretatio
547 5000 660 5069 probari
683 5007 777 5069 posset
807 5001 831 5070 1)
860 5018 894 5055 su
918 5002 1060 5055 vaticiniis
1088 5007 1124 5061 de
1141 5012 1239 5075 temp:
1260 5007 1354 5058 Tanta
1373 5003 1428 5057 erit
1447 5004 1596 5057 eminentia
1613 5003 1775 5073 splendoris
1794 5004 1824 5055 in
1843 5001 1922 5056 Ciri-

222 5089 440 5160 prophetarum,
462 5085 491 5140 in
508 5086 611 5156 quibus
630 5085 729 5141 iisdem
747 5085 805 5140 fere
825 5086 931 5157 verbis,
957 5086 1059 5159 quibus
1086 5100 1137 5159 sto,
1153 5099 1184 5145 ut
1203 5091 1288 5144 etiam
1314 5090 1475 5144 clarissima
1498 5090 1572 5143 cosli
1593 5089 1749 5142 luminaria
1771 5105 1842 5158 prae
1864 5089 1923 5155 srd-

194 5237 196 5242 ,
226 5175 354 5231 Christus
372 5172 503 5228 hocloco
523 5172 618 5239 utitur,
638 5171 696 5226 dies
709 5173 875 5228 novissimus
888 5173 1059 5229 describitur.
1087 5195 1155 5247 pore
1174 5177 1391 5230 luminisrliaini
1404 5177 1622 5230 absconduntur.
1651 5175 1835 5246 Agnoscimus
1848 5191 1923 5245 sans,

226 5261 437 5324 1111111211.
464 5264 513 5315 23:
546 5259 697 5313 Erubescat
722 5261 792 5313 luna
817 5269 843 5314 et
872 5262 1060 5324 confundatur
1087 5281 1142 5318 uon
1160 5264 1272 5317 omnino
1289 5262 1395 5316 nullum
1416 5263 1446 5316 in
1465 5261 1541 5316 hisce
1560 5261 1731 5332 argumentis
1749 5277 1809 5316 esse
1829 5261 1922 5329 robur,

227 5348 285 5417 sol,
311 5364 372 5401 cum
389 5347 550 5416 aequauerit
569 5347 710 5400 Dominus
729 5348 898 5402 eameituum
924 5349 954 5401 in
970 5355 1061 5402 monte
1088 5348 1204 5420 proinde
1222 5348 1304 5403 etism
1321 5364 1376 5403 nou
1394 5364 1537 5420 negamus,
1564 5349 1703 5417 quaedam
1722 5366 1755 5402 aa
1773 5347 1818 5401 liis
1834 5349 1925 5417 siquis

229 5435 300 5490 Sion
315 5442 366 5489 etc.
401 5449 425 5488 c.
443 5439 484 5503 34,
502 5452 528 5490 v.
547 5441 574 5490 4:
610 5434 743 5488 Tabescst
763 5436 851 5489 omnis
876 5435 979 5490 militia
1001 5453 1062 5490 coe·
1087 5434 1244 5490 immediate
1271 5451 1333 5488 cum
1357 5435 1418 5505 ipso
1443 5433 1547 5489 Christi
1570 5433 1605 5488 ad
1635 5433 1774 5504 judicium
1799 5434 1925 5490 adventu

227 5522 321 5577 lorum
337 5527 364 5573 et
383 5520 624 5589 complicabuntur
642 5521 715 5574 sicta
733 5520 806 5576 liber
823 5519 904 5589 coeli,
931 5520 1061 5577 stomnis
1087 5523 1236 5593 conjuncta
1260 5519 1334 5592 lors3
1362 5520 1472 5576 interim
1499 5525 1593 5575 tamen
1615 5518 1790 5590 judicamus,
1817 5519 1842 5574 si
1867 5534 1926 5576 non
