4050 6014
654 247 707 304 DE
724 246 891 306 mesano
910 247 982 307 SEU
1002 238 1133 304 MORTE
1152 246 1342 308 snmus.
1775 262 1835 321 24⁷

139 400 240 457 iterum
260 403 398 475 ersfiugui
418 407 525 475 potest,
545 404 594 460 sed
613 404 686 477 ignis
706 404 850 463 infernalis
868 404 908 461 sio
927 404 972 460 de·
1001 411 1026 460 et
1044 414 1178 475 mantum
1195 424 1209 460 e
1227 406 1393 477 corporibus
1418 408 1558 477 absumet,
1582 415 1691 463 tantum
1714 419 1837 480 reponet,

139 489 271 544 scribitur
288 488 354 545 Job.
375 496 415 559 20,
435 509 460 546 r.
476 495 518 548 26.
533 491 610 563 quod
625 492 663 545 sit
682 509 739 547 non
756 493 901 563 sufflatus,
919 510 974 547 non
1001 507 1035 544 ac
1052 492 1108 545 sibi
1133 493 1194 562 ipse
1217 503 1361 548 aeternum
1382 496 1519 564 pabulum
1543 495 1835 552 momenmentum.

139 592 287 643 accensru,
304 592 353 647 per
370 575 507 631 bominem
526 576 644 646 sedicet,
669 595 733 633 num
744 581 835 648 flatus
855 578 977 633 Domini
1002 577 1070 631 Sine
1089 579 1149 634 ulto
1165 579 1360 634 virescentium
1380 598 1532 651 corporum
1550 581 1717 636 detrimento
1733 585 1836 637 aduret

139 662 213 715 sicut
231 670 342 716 torrens
359 662 483 729 sulfuris
501 664 631 718 accendit
651 683 712 719 urm
738 663 803 720 Eua.
825 669 866 729 30,
887 683 912 721 v.
932 669 973 718 33.
999 668 1106 716 tantum
1125 681 1160 718 ac
1177 682 1260 720 sensu
1282 666 1391 721 doloris
1413 668 1529 735 afficiet.
1555 665 1676 721 Basilius
1689 668 1719 723 in
1735 668 1836 724 Psslm.

139 747 222 817 Ignis
241 764 374 801 wasnau
397 749 428 802 in
449 750 552 813 furore
571 750 692 804 Domini
713 751 796 804 ardet
821 767 907 820 usgue
934 751 975 803 aet
1001 753 1050 805 tt:
1082 749 1163 818 Ignis
1183 752 1242 805 Dei
1257 752 1347 806 lucem
1366 753 1446 806 dedit
1465 753 1527 807 sine
1546 753 1686 819 incendio,
1704 755 1836 824 infernus

138 833 283 902 infernum
302 834 469 904 inferiorem
487 835 569 892 Dent.
588 839 629 902 32,
651 852 674 891 r.
697 840 737 893 22.
774 840 799 894 2.
818 837 896 909 Ignis
915 834 973 890 vul-
1000 843 1100 888 contra
1127 836 1188 891 sine
1218 837 1280 892 luce
1309 840 1480 896 incendium.
1514 839 1594 894 Idem
1620 839 1649 894 in
1667 839 1769 895 Pselm.
1789 846 1835 900 et:

139 919 214 990 garis
232 919 372 992 lignorum
391 921 515 976 tomenta
532 921 576 977 vel
595 921 709 977 alterius
726 923 872 994 cujusdam
887 921 972 977 nutri·
1001 920 1063 975 Erit
1080 928 1138 995 πῦρ
1159 921 1288 997 ἂλαμπὲς
1307 925 1358 993 τὴν
1379 926 1432 1000 pir
1449 922 1599 994 καυστικὴν
1620 925 1742 1000 δύναμιν
1762 931 1835 999 ἔχον,

138 1006 224 1060 menti
245 1007 445 1064 combustibilis
463 1009 604 1063 materiam
614 1009 740 1081 requirit,
761 1008 971 1081 qusdeiioiente
999 1004 1031 1062 rb
1051 1008 1081 1063 a
1102 1013 1207 1083 φέγγος
1224 1008 1415 1088 ἀφῃρημένον.
1442 1011 1471 1066 ἰιι
1490 1016 1557 1066 oret.
1578 1011 1613 1066 de
1629 1011 1715 1069 futur.
1733 1014 1835 1085 judic:

138 1094 340 1165 exstinguitur;
360 1093 409 1148 sed
428 1094 570 1150 infernalis
590 1095 664 1166 ignis
684 1095 766 1150 nullis
784 1095 912 1151 fomentis
928 1094 973 1149 vel
1002 1095 1079 1147 Tunc
1095 1094 1170 1164 ignis
1190 1096 1247 1163 ilie,
1266 1099 1316 1166 qui
1334 1098 1449 1151 diabolo
1467 1106 1493 1152 et
1511 1098 1622 1167 angelis
1642 1099 1704 1168 ejus
1722 1100 1752 1153 in
1770 1118 1836 1170 sup·
1905 1092 1908 1098 ’

138 1181 313 1236 nubimentis
338 1180 452 1254 indiget.
490 1181 569 1248 Quod
593 1182 657 1236 Ess.
673 1187 715 1246 ³0,
734 1199 757 1238 v.
777 1187 819 1242 33.
843 1182 973 1236 dicuntur
995 1179 1115 1248 plinium
1129 1190 1325 1252 praeparatus
1345 1191 1395 1252 est,
1413 1183 1602 1238 dissecabitur
1620 1202 1685 1239 ooce
1706 1187 1832 1251 Domini,

137 1265 307 1320 nmrrmenta
327 1267 388 1332 cisse
399 1267 479 1336 ligna
492 1267 589 1336 multa,
609 1273 800 1342 unguentariis
817 1286 852 1322 ac
871 1283 973 1343 μυστι-
999 1273 1029 1318 ut
1048 1282 1109 1319 aum
1126 1269 1232 1338 duplos
1249 1271 1317 1323 insit
1335 1270 1397 1339 igni
1410 1270 1547 1340 facultas,
1566 1271 1782 1341 adrestiua'una,
1800 1273 1834 1327 si·

137 1355 190 1415 soie
209 1350 415 1420 accipiendum,
442 1368 525 1406 sensu
544 1352 651 1408 scilicet
668 1371 715 1419 eo,
737 1354 811 1425 quod
831 1370 973 1424 nunqnam
999 1352 1167 1407 luminatioa
1184 1354 1295 1422 altera,
1319 1357 1396 1410 omis
1416 1358 1529 1426 quidem
1547 1356 1589 1409 css
1611 1358 1684 1424 ignis
1702 1365 1728 1411 et
1751 1359 1835 1428 puni·

139 1436 176 1491 sit
199 1436 424 1510 exstinguendus.
461 1443 485 1493 3.
511 1438 589 1512 Ignis
616 1438 738 1510 vulgaris
761 1440 825 1493 sive
850 1456 973 1511 corpora,
999 1439 1075 1492 toria
1094 1440 1221 1509 reposita
1241 1441 1349 1509 estiis,
1377 1444 1552 1513 priuatione
1571 1451 1634 1496 sunl
1652 1444 1746 1512 digni,
1769 1445 1835 1499 illu·

138 1541 210 1595 quae
237 1524 415 1595 corripuerit,
450 1524 602 1595 exstinguit
624 1542 658 1580 ac
681 1526 711 1579 in
735 1526 853 1581 cinerem
877 1526 972 1580 eadem
999 1526 1138 1579 aratoria
1162 1544 1227 1581 uero
1255 1527 1313 1593 bis,
1343 1530 1393 1597 qui
1418 1530 1550 1583 claritate
1574 1532 1711 1600 perennis
1733 1531 1837 1601 gaudii

138 1609 289 1679 convertit,
308 1610 359 1665 sed
376 1609 519 1665 infernalis
540 1626 649 1680 semper
666 1611 778 1683 quidem
799 1612 854 1667 urit
871 1618 974 1668 etoru
995 1611 1174 1679 perfruituri
1192 1620 1265 1678 sunt,
1284 1616 1430 1681 succedet,·
1457 1615 1498 1669 ita
1517 1624 1546 1668 ut
1566 1615 1700 1670 obscurus
1723 1618 1835 1686 guidem

138 1694 202 1761 ciet,
220 1712 362 1766 nunquam
381 1712 447 1751 vero
465 1696 625 1767 exstinguit,
645 1696 768 1752 demeti
785 1713 852 1769 pree
866 1699 970 1768 magni-
998 1697 1035 1750 sit
1054 1697 1128 1765 ignis
1148 1698 1291 1768 supplicii,
1316 1702 1420 1754 urendi
1440 1707 1532 1755 autem
1553 1702 1583 1753 ci
1601 1710 1698 1757 careat
1715 1703 1764 1756 lua
1780 1703 1835 1756 iiia

138 1781 235 1838 tudine
250 1783 423 1837 cruciatuum
437 1801 545 1854 semper
566 1784 725 1850 morientur,
746 1789 774 1838 et
792 1791 885 1839 tamen
903 1803 970 1839 nuu-
998 1783 1216 1848 refocillationis
1236 1785 1397 1855 arguistis.
1435 1787 1495 1839 Nec
1519 1795 1559 1841 est
1585 1790 1662 1856 guod
1687 1805 1721 1840 ea
1743 1791 1778 1841 dc
1803 1805 1835 1842 re

139 1885 222 1939 quam
238 1867 402 1938 morientur,
424 1869 499 1924 unde
520 1870 617 1925 merito
639 1868 874 1939 irretetinguibiiis
892 1887 970 1925 voca·
997 1869 1138 1939 ambigas,
1162 1871 1303 1940 signidem
1326 1872 1356 1924 in
1379 1871 1608 1925 retributionibus
1626 1889 1736 1940 eorum,
1761 1890 1834 1942 guae

36 1963 55 2005 l·
70 1960 123 2004 212.
138 1960 197 2024 tur,
223 1954 288 2026 quia
307 1971 359 2012 nec
374 1954 575 2027 exstinguitur,
598 1973 650 2011 neo
676 1956 835 2029 exstinguit.
871 1964 894 2013 t.
914 1956 969 2012 No·
997 1954 1028 2008 in
1044 1956 1104 2009 cita
1122 1972 1141 2008 a
1158 1955 1239 2010 nobis
1257 1965 1340 2010 erant
1359 1964 1448 2027 gesta,
1475 1965 1578 2012 natura
1596 1957 1671 2027 ignes
1690 1959 1835 2013 dividetur

136 2046 194 2098 ster
213 2039 286 2112 ignis
304 2057 361 2095 una
378 2057 442 2096 cum
461 2041 488 2096 vi
507 2046 639 2118 καυοιικῇ
666 2041 759 2097 lumen
784 2058 817 2099 ao
842 2042 970 2114 apiendo
997 2047 1024 2092 et
1041 2040 1091 2094 lua
1110 2041 1222 2109 guidem
1239 2043 1281 2095 ad
1296 2041 1463 2108 fruitionem
1490 2051 1516 2096 et
1539 2043 1768 2098 oblectamentum
1784 2047 1834 2114 ju·

136 2143 195 2181 rem
220 2126 338 2201 obtinet;
363 2127 412 2182 sed
435 2127 471 2181 ab
494 2127 622 2182 infernali
647 2127 712 2198 igne
730 2127 777 2183 lux
794 2135 823 2183 et
840 2127 971 2199 splendor
995 2125 1060 2194 stis,
1086 2128 1191 2180 urendi
1208 2143 1274 2180 cero
1301 2128 1343 2181 uis
1369 2134 1396 2181 et
1424 2127 1548 2197 dolorm,
1574 2130 1674 2197 quibus
1697 2137 1836 2184 tormenta

136 2211 234 2279 aberit,
254 2219 284 2267 ut
299 2229 332 2268 ex
350 2212 477 2283 putribus
494 2219 592 2283 postea
609 2213 851 2269 demonstrabitur.
878 2222 901 2269 5.
914 2213 969 2271 No·
996 2213 1212 2283 irrogabantur,
1240 2215 1431 2270 coustituetur.
1466 2214 1611 2286 Nyssenus
1637 2223 1705 2271 orat.
1729 2217 1833 2274 catech.

136 2303 194 2352 ster
211 2299 284 2371 ignis
301 2299 397 2354 eodem
415 2299 496 2354 modo
514 2315 624 2371 semper
642 2299 764 2368 cruciat,
791 2317 861 2370 quos
880 2299 971 2354 incer·
997 2314 1019 2355 c.
1036 2304 1082 2355 to:
1118 2298 1187 2354 Cum
1204 2300 1296 2370 ignem
1312 2301 1405 2371 auda,
1425 2302 1564 2366 didicisti,
1585 2302 1708 2370 aliquem
1728 2304 1765 2356 ab
1782 2303 1835 2357 ilio

136 2385 192 2455 dit,
220 2385 269 2440 ssd
292 2383 434 2441 infernalis
460 2392 556 2456 utpote
583 2385 696 2440 divinae
717 2385 845 2456 justitiae
872 2387 971 2442 instru·
996 2385 1135 2439 diuersum
1152 2387 1326 2458 intelligere,
1350 2403 1383 2441 eu
1407 2405 1439 2442 eo
1459 2390 1538 2459 guod
1562 2388 1610 2442 illi
1636 2389 1696 2457 igni
1721 2389 1835 2459 aliquid

137 2478 260 2526 mentum
279 2472 464 2529 diversimode
482 2490 530 2543 pro
548 2471 694 2544 culparum
713 2472 848 2529 varietate
865 2473 970 2527 animes
995 2472 1032 2525 sit
1049 2472 1193 2541 additum,
1222 2475 1300 2543 grsod
1315 2492 1371 2529 non
1390 2483 1430 2530 est
1449 2475 1478 2528 in
1502 2475 1562 2530 boc.
1599 2477 1674 2529 Nam
1699 2475 1750 2529 ille
1774 2476 1833 2545 gui-

136 2557 284 2629 torquebit.
997 2558 1059 2610 siem
1083 2576 1139 2613 ηοη
1160 2559 1360 2628 exstinguitur,
1384 2562 1457 2616 bunc
1485 2569 1577 2616 autem
1606 2562 1696 2615 multa
1722 2561 1834 2617 inerma

171 2650 213 2701 ru.
248 2645 292 2700 De
310 2644 362 2700 bec
383 2643 519 2701 diaconici
538 2650 566 2699 et
583 2642 725 2699 infernalis
744 2645 818 2716 ignis
842 2643 970 2700 differes·
996 2650 1068 2714 sunt,
1085 2661 1157 2715 guae
1176 2647 1364 2714 eustinguant.
1396 2650 1509 2717 Magna
1527 2655 1567 2701 est
1587 2656 1681 2700 autern
1701 2648 1833 2718 defferen-

137 2731 177 2786 tis
205 2747 239 2785 ac
258 2731 342 2801 hujus
370 2729 568 2786 inaestimabili
596 2730 771 2786 vehementia
799 2731 839 2802 pii
864 2736 970 2786 veteres
996 2731 1038 2783 tia
1056 2731 1128 2784 inter
1145 2747 1216 2798 eum,
1235 2732 1285 2800 gui
1302 2733 1499 2800 exstinguitur,
1517 2742 1543 2786 et
1561 2750 1630 2802 curn,
1658 2733 1709 2802 gui
1724 2733 1834 2787 nullam

137 2816 177 2872 sic
197 2817 342 2872 dimerunt.
379 2816 553 2888 Polycarpus
583 2814 730 2889 presbyter
745 2816 775 2871 in
793 2817 851 2872 vita
875 2836 896 2872 s.
910 2816 969 2872 ·Se·
996 2817 1122 2870 admittit
1140 2818 1359 2885 exstinctionem,
1380 2827 1421 2874 est
1438 2836 1505 2887 ergo
1523 2819 1629 2888 aliquis
1644 2820 1720 2872 alius
1737 2827 1763 2872 et
1777 2837 1834 2873 non

137 2902 272 2959 butiani:
291 2905 392 2958 Omnes
409 2904 487 2971 ignes
505 2919 653 2974 omnesque
669 2920 780 2974 poenae
797 2905 882 2975 buius
893 2921 969 2956 mun·
995 2903 1039 2956 bic
1057 2903 1138 2971 ignis.
1163 2903 1377 2974 Chrysostomus
1394 2905 1474 2975 epist.
1494 2911 1518 2960 5.
1536 2904 1572 2959 ad
1586 2905 1690 2960 Theod.
1711 2905 1833 2977 lapsumr

137 2990 171 3044 di
186 2997 315 3064 respectu
331 2990 405 3061 ignis
423 2998 451 3045 et
477 2991 619 3044 munna
641 2991 750 3054 inferni
771 2998 836 3045 sunt
862 2998 969 3044 tantum
998 2990 1067 3044 Cum
1084 2990 1177 3058 ignem
1194 2990 1287 3054 auda,
1308 3006 1342 3044 ne
1362 2991 1521 3059 arbitreris,
1547 3007 1606 3044 esse
1628 2991 1748 3045 similem
1767 2992 1832 3044 buia
1845 2998 1891 3040 xx.
1904 2998 1950 3041 ala.

136 3076 221 3146 guasi
245 3078 319 3147 ignis
340 3078 436 3146 pictus
466 3079 508 3132 ad
533 3094 628 3143 cunm
656 3087 683 3131 et
710 3071 843 3149 ntegrum
870 3078 969 3145 ignem
994 3074 1063 3144 igni.
1098 3075 1240 3129 Ascensus
1266 3076 1340 3129 enim
1368 3078 1538 3145 defervescit
1563 3085 1588 3131 ct
1615 3085 1752 3144 murmur,
1781 3078 1831 3132 dle

135 3163 322 3218 Tertullianus
356 3164 384 3219 in
410 3162 520 3235 apolog.
550 3164 611 3219 adr.
635 3170 776 3237 genta-c.
806 3169 849 3221 te.
872 3182 898 3235 p.
922 3167 968 3220 80:
994 3167 1087 3214 autem
1106 3161 1189 3215 semel
1205 3161 1236 3214 in
1246 3161 1393 3231 flammam
1412 3178 1562 3232 mungens
1581 3165 1664 3216 ardct
1681 3168 1830 3231 perpetuo,

135 3249 269 3314 Profana
286 3258 367 3303 errent
385 3251 415 3303 in
429 3267 524 3322 poeria
540 3250 617 3318 iugis
634 3251 709 3319 ignis
720 3250 890 3305 lobmriseo
905 3250 969 3319 ipsu
993 3264 1136 3316 nunquam
1159 3246 1360 3302 intermoritur.
1404 3247 1450 3301 Ab
1471 3249 1771 3318 experimentorerum
1792 3255 1831 3301 te·

135 3345 241 3390 natura
259 3337 321 3406 ejus
341 3337 468 3391 divinam
486 3335 593 3391 sedicet
618 3336 903 3390 subministrationem
927 3337 967 3389 in·
994 3334 1089 3388 auium
1103 3331 1335 3403 diriperentur
1351 3335 1524 3405 accipiamus
1545 3338 1580 3389 de
1594 3334 1704 3404 magnis
1716 3333 1832 3402 aiiguid

135 3421 390 3492 corruptibilitatis.
425 3423 571 3476 Noverunt
588 3430 613 3476 et
633 3422 800 3493 pbilosopbi
821 3421 968 3476 ‹liberrita-
994 3421 1178 3489 corg'ecturae.
1216 3419 1251 3473 Si
1275 3421 1390 3488 quando
1416 3421 1447 3473 in
1472 3421 1571 3474 balneo
1597 3420 1691 3484 fueris
1713 3418 1831 3473 niminis

135 3517 188 3562 tem
206 3509 309 3562 arcani
325 3516 350 3562 et
365 3508 478 3581 publici
491 3507 575 3579 ignis,
594 3510 635 3562 ita
653 3509 735 3576 longe
755 3508 831 3563 alius
851 3516 899 3578 est,
920 3508 971 3580 qui
994 3507 1195 3578 effaoescente,
1222 3514 1280 3560 tum
1298 3506 1443 3577 gebennas
1460 3506 1628 3575 recorderis,
1646 3515 1673 3560 et
1690 3524 1787 3560 rursus
1804 3506 1832 3560 si

135 3594 428 3659 antemuranum
447 3595 497 3663 gui
511 3595 623 3663 iudicio
640 3595 700 3649 Dei
717 3602 838 3667 apparet
856 3595 913 3648 siue
932 3595 968 3647 de
994 3593 1107 3661 quando
1123 3591 1204 3655 febre
1225 3593 1337 3646 acriore
1355 3593 1587 3663 conflagrationis,
1615 3595 1656 3646 ad
1674 3593 1829 3662 flammam,
1911 3613 1917 3624 ⁸

135 3682 213 3737 coelo
232 3681 357 3747 fulmina
374 3681 526 3750 stringens,
548 3682 607 3736 sice
624 3682 660 3734 de
679 3688 758 3734 terra
776 3696 829 3751 per
852 3680 968 3734 calices
994 3694 1065 3748 grue
1079 3685 1143 3731 tunc
1158 3685 1215 3746 est,
1232 3680 1416 3746 progredere
1430 3683 1487 3731 tum
1497 3679 1586 3748 probe
1600 3678 1750 3746 intelliges,
1763 3678 1830 3747 guia

135 3767 269 3821 montium
285 3774 423 3822 eructum.
458 3768 525 3821 Non
542 3768 615 3822 enirn
633 3767 761 3835 emunit,
781 3767 859 3834 guod
870 3767 969 3832 emait,
994 3765 1122 3820 balneum
1141 3771 1166 3817 et
1184 3764 1283 3833 febres
1301 3765 1375 3817 adeo
1396 3781 1447 3818 nos
1473 3765 1608 3835 affligunt
1626 3782 1661 3818 ae
1691 3765 1830 3829 territant,

134 3855 186 3907 sed
202 3855 270 3908 dum
293 3859 403 3922 angat,
427 3859 554 3923 reparat.
590 3850 747 3924 Cyprianus
768 3867 846 3905 serm.
867 3851 903 3907 de
920 3852 968 3907 sd·
993 3869 1047 3920 guo
1065 3850 1159 3905 animo
1178 3849 1278 3919 futuri
1301 3850 1403 3915 simia,
1425 3853 1539 3921 quando
1561 3852 1591 3904 in
1610 3851 1729 3921 fluvium
1755 3852 1830 3920 ignis

135 3955 223 3994 scens.
241 3937 367 3994 Domini:
399 3937 558 3993 stridorem
584 3939 709 3992 &stium
733 3938 868 4008 flammae
893 3938 967 3991 inea·
994 3935 1185 3991 inciderimus.
1208 3934 1385 4006 Augustinus
1403 3953 1482 3992 serm.
1504 3941 1558 3995 181.
1578 3937 1614 3992 de
1631 3943 1729 4009 temp:
1749 3938 1829 4010 lgnis

133 4023 309 4097 stinguibilcs
327 4023 482 4094 agitabunt.
517 4023 694 4078 Immortalis
711 4023 810 4078 maeri
822 4023 913 4077 ciuem
927 4023 968 4076 in·
994 4023 1047 4092 bic,
1068 4021 1118 4091 gui
1134 4022 1326 4094 inpraesenti
1342 4030 1383 4076 est
1401 4023 1468 4092 uita,
1484 4024 1603 4079 absumit
1622 4032 1730 4091 cuncta,
1758 4041 1829 4093 gisae

132 4118 176 4165 ter
194 4110 327 4166 incendia
345 4118 372 4163 ct
386 4107 623 4164 inconsumtibiies
633 4110 768 4179 flammae
787 4112 896 4163 nudum
907 4126 968 4163 cor·
993 4108 1114 4177 recepit,
1138 4107 1190 4162 ille
1206 4122 1289 4175 nero,
1314 4125 1384 4177 quos
1403 4109 1573 4179 susceperit,
1595 4125 1703 4179 semper
1720 4111 1830 4164 artant

129 4215 186 4268 pus
205 4194 367 4250 allambent.
396 4194 516 4249 Ardsbit
528 4203 706 4265 purpuratus
726 4195 813 4264 diues,
831 4213 888 4249 non
906 4195 969 4257 erit,
994 4201 1021 4248 et
1038 4208 1148 4264 poenae
1165 4210 1233 4250 suae
1250 4209 1360 4262 semper
1385 4194 1508 4264 integros
1530 4203 1631 4249 seruat.
1667 4196 1829 4263 Propterea

133 4284 185 4354 qui
201 4284 342 4335 aestuanti
364 4280 478 4347 linguae
497 4279 607 4334 stilum
632 4297 723 4351 aquae
751 4281 896 4350 infundat.
930 4281 968 4334 In
995 4281 1068 4334 enim
1092 4286 1119 4332 et
1142 4278 1380 4348 ineastingnibslir
1407 4279 1529 4344 dicitur,
1557 4297 1613 4333 non
1643 4279 1734 4333 solum
1760 4277 1829 4345 guia

133 4368 253 4437 proprio
271 4367 358 4437 adipe
376 4366 474 4429 frisac
493 4366 627 4420 libidines
645 4367 762 4420 bullient
780 4367 891 4422 etinter
906 4383 968 4419 sar·
995 4366 1055 4435 ipse
1076 4382 1132 4420 non
1154 4363 1348 4433 exstinguitur,
1375 4366 1427 4418 sed
1443 4365 1512 4432 guia
1528 4381 1578 4417 nec
1596 4379 1656 4427 ecs,
1679 4380 1749 4431 guos
1767 4380 1828 4415 ass-

133 4454 245 4523 tagines
261 4453 408 4522 fammeus
430 4453 606 4506 miserabilia
626 4469 747 4522 corpora
764 4452 967 4507 cremabuntur.
991 4448 1269 4520 ceperit,eastinguet
1287 4455 1336 4502 aut
1350 4449 1469 4517 perimet
1483 4453 1534 4503 etc.
1554 4448 1719 4502 Potentiam
1734 4455 1829 4502 autem

133 4538 298 4594 mennam
315 4537 333 4594 l.
352 4545 375 4593 7.
394 4537 456 4593 inst.
472 4555 496 4593 c.
515 4543 562 4595 21:
581 4539 695 4593 Natura
714 4538 789 4608 ignis
804 4537 970 4610 scorpiterni
993 4536 1074 4590 itlius
1093 4532 1168 4604 ignis
1181 4533 1265 4588 nulla
1276 4549 1328 4587 rou
1340 4549 1484 4603 capenae,
1502 4533 1598 4588 nullus
1613 4533 1720 4602 poterit
1736 4549 1828 4588 sernw

134 4628 250 4681 diversa
267 4632 307 4678 est
323 4626 358 4679 ab
375 4624 427 4678 boc
445 4633 555 4690 nostro,
581 4642 635 4694 guo
655 4626 697 4678 ad
715 4625 789 4678 ritae
805 4624 968 4678 macenaria
994 4621 1158 4692 explanare.
1194 4618 1278 4674 Nibil
1296 4626 1337 4672 est
1356 4618 1428 4673 enim
1447 4617 1477 4671 in
1489 4619 1572 4671 rebus
1588 4619 1827 4690 corruptibilibus,

133 4713 253 4781 utinm,
279 4711 329 4780 qui
353 4709 411 4765 nisi
432 4709 558 4779 atuujus
580 4711 717 4766 materiae
733 4711 838 4778 fomis
861 4709 967 4778 alaim,
993 4710 1072 4777 guod
1097 4704 1228 4769 conferri
1256 4705 1350 4774 possit
1375 4704 1636 4774 incorruptibilibus
1663 4705 1721 4759 siue
1751 4705 1829 4761 bones

133 4796 326 4867 eustinguitur.
361 4797 401 4850 At
420 4795 602 4851 illedicinus
623 4796 834 4867 perseipsum
858 4811 968 4867 smrper
993 4794 1050 4847 siue
1070 4791 1163 4848 maiis.
1191 4790 1342 4861 Gregorius
1361 4789 1481 4860 Magnus
1501 4789 1519 4845 1.
1538 4797 1562 4847 9.
1581 4808 1649 4847 mor.
1663 4808 1685 4848 c.
1701 4795 1749 4848 38:
1768 4793 1828 4846 Na-

132 4884 201 4940 eioit
226 4899 261 4937 ac
288 4883 362 4951 uiget
384 4882 444 4935 sinc
466 4881 536 4936 ullu
558 4882 716 4951 alimentis,
741 4897 792 4936 nec
816 4883 968 4936 admistum
994 4888 1059 4935 tura
1077 4877 1152 4947 ignis
1171 4885 1225 4945 est,
1250 4884 1281 4930 ut
1300 4893 1333 4932 ea
1350 4893 1382 4930 sc
1400 4877 1463 4948 ipso
1489 4885 1514 4930 et
1533 4877 1624 4932 lucem
1650 4877 1776 4932 ecbibeat
1802 4881 1829 4930 et

133 4971 215 5026 iubet
233 4969 351 5035 firmum,
370 4970 422 5022 sed
438 4974 479 5021 est
496 4985 589 5038 purus
607 4986 641 5024 ac
654 4969 780 5038 ligiridus
794 4974 821 5023 et
833 4968 865 5022 in
877 4984 967 5038 aguas
994 4964 1252 5029 concremationem,
1272 4965 1326 5018 sed
1340 4971 1550 5018 aamactorum
1568 4963 1657 5017 ultria
1673 4963 1727 5018 illa
1740 4964 1826 5033 flam-

134 5058 246 5111 modum
262 5055 380 5124 fluidus.
409 5054 475 5108 Non
495 5053 569 5107 enim
586 5054 616 5108 ui
632 5055 732 5124 oligua
749 5069 969 5108 sursumrersus
994 5070 1041 5107 ma
1063 5051 1195 5106 citiorum
1222 5051 1471 5106 concremationem
1497 5049 1579 5104 babet
1609 5049 1749 5105 etlumen
1772 5067 1828 5103 non

133 5149 251 5213 urgetrsr
273 5140 345 5193 susa
369 5146 477 5208 meter,
501 5155 582 5210 quem
603 5140 681 5195 labes
707 5141 811 5195 terreni
832 5141 968 5210 corporis,
994 5139 1085 5194 babet.
1115 5154 1138 5192 c.
1158 5141 1197 5192 39.
1222 5136 1355 5200 Quamuis
1373 5137 1478 5191 mmm
1493 5134 1636 5191 damnatis
1655 5129 1713 5189 unis
1731 5136 1769 5190 sit
1783 5152 1828 5207 ge·

134 5247 189 5299 guo
209 5234 331 5295 undar,
357 5233 385 5281 et
404 5227 499 5286 fumus
517 5225 688 5280 intermistus
706 5227 819 5282 mnatre
848 5227 921 5296 cogit
943 5234 969 5281 et
994 5229 1100 5293 benna,
1124 5240 1179 5277 uon
1200 5229 1294 5276 tamen
1311 5231 1422 5278 cunctos
1441 5240 1499 5277 una
1517 5224 1670 5292 eademque
1689 5221 1829 5291 ormiiteue

134 5317 176 5369 ad
191 5314 332 5370 coelestem
352 5319 486 5367 naturam
502 5329 563 5366 cum
580 5312 771 5381 trepidatione
793 5311 891 5368 mobili
908 5313 969 5366 sub·
994 5310 1144 5366 succendit.
1179 5310 1256 5366 Nam
1287 5307 1359 5363 sicut
1386 5326 1441 5364 uno
1469 5309 1527 5364 sole
1553 5323 1645 5362 omnes
1676 5307 1828 5378 tangimur,

134 5402 240 5458 colare.
273 5401 355 5455 Idem
382 5397 471 5467 igitur
496 5397 610 5452 diuinus
635 5397 709 5466 ignis
735 5416 793 5453 una
819 5399 970 5469 eadmsgue
994 5414 1045 5453 nec
1070 5403 1164 5451 tamen
1193 5395 1245 5458 sub
1270 5411 1303 5449 eo
1329 5412 1384 5450 uno
1411 5395 1512 5449 ordine
1536 5409 1631 5449 omnes
1657 5401 1828 5463 aestuamus,

137 5489 166 5546 ri
181 5495 265 5559 atque
289 5484 417 5556 potentia
441 5493 466 5541 et
490 5483 622 5540 aemabit
645 5483 748 5554 impios
771 5492 797 5539 et
823 5485 971 5554 recreabit,
996 5483 1064 5555 guia
1075 5483 1158 5554 juata
1167 5481 1332 5558 qualitatem
1348 5481 1478 5555 eorporis
1487 5479 1606 5541 sentitur
1616 5479 1700 5535 etiam
1715 5481 1829 5556 pondus
