4050 6014
816 247 867 306 DE
884 245 979 307 VITA
998 244 1189 308 AETERNA.
1781 255 1842 317 3οἾ

82 418 130 464 ere,
146 419 203 472 quo
215 400 341 456 Christus
358 401 487 457 coelestis
506 402 579 458 illius
592 402 806 474 Hierosolymae
820 405 894 460 eires
908 422 982 462 com·
1010 405 1109 476 triplici
1130 391 1297 476 cingebatur
1313 421 1409 473 muro,
1433 405 1500 476 quis
1519 403 1638 460 ecclesis
1655 405 1779 461 militaus
1796 405 1844 460 tn'·

146 486 286 556 plectitur,
305 494 333 541 et
353 506 408 557 quo
428 488 480 559 ipsi
501 488 622 544 vicissim
642 489 668 543 ei
686 489 852 558 adhaerent3
869 497 930 546 tum
949 493 983 544 ob
1011 490 1075 559 plici
1094 491 1201 562 indiget
1219 493 1406 560 protectione,
1430 492 1559 546 videlicet
1578 493 1690 556 dimna,
1714 493 1845 561 anpeis'ca

146 575 256 639 pendia
274 575 432 628 coelestium
450 576 623 644 nuptiarum,
641 576 670 629 in
692 593 764 646 quae
776 576 983 647 introducetur;
1011 585 1036 629 et
1053 578 1185 644 hesmona,
1204 578 1252 631 sed
1266 578 1438 647 triumphans
1448 577 1543 632 divina
1554 583 1662 632 tantum
1672 579 1845 648 protectione

145 668 205 712 tum
223 661 256 712 ob
271 669 400 715 ornatum
419 669 444 714 et
460 663 740 729 deceremeirtutum,
759 663 983 729 immortalitatis,
1009 662 1061 715 erit
1079 680 1183 717 secura.
1220 667 1249 729 4)
1269 665 1384 717 Portae.
1416 664 1546 717 Habebat
1563 672 1667 733 partas
1694 666 1844 717 duodecim

146 746 280 800 claritatis
307 753 358 803 etc.
394 754 418 802 1.
439 749 536 816 Oripo.
570 752 616 802 De
641 749 720 803 coelo
744 768 763 802 a
783 751 845 802 Deo
870 752 982 803 descen
1010 755 1085 805 1.12.
1113 751 1168 803 Ρ11
1180 750 1229 804 has
1241 750 1359 821 intelligi
1371 758 1489 820 possunt
1502 753 1649 804 duedecim
1657 752 1845 820 patriarchae

146 835 214 885 ciere
235 834 355 901 dr'citur,
380 837 412 886 ut
434 833 528 888 divina
550 841 579 889 et
601 835 729 890 coelestis
757 837 817 905 ejus
836 835 915 905 origo
936 834 982 888 de·
1014 837 1121 890 Veteris
1134 838 1313 906 Testamenti,
1330 837 1380 890 filii
1399 836 1625 904 scilicetJacobi,
1646 836 1777 907 aquibus
1797 854 1845 908 po·

145 918 280 989 signetur.
305 920 482 989 Augustinus
500 920 548 975 lib.
571 926 612 976 20.
634 922 668 976 de
687 922 760 978 civit.
781 921 835 976 Dei
856 939 916 992 cap.
940 926 983 976 tt:
1010 925 1090 994 pulus
1109 924 1280 979 Israelitieus
1299 931 1341 978 est
1355 925 1518 995 progenitus
1539 940 1573 977 sc
1590 941 1640 993 per
1660 924 1772 978 eosdem
1784 941 1845 995 pro·

147 1007 192 1057 De
211 1006 290 1059 coelo
310 1008 479 1060 descendere
502 1009 559 1060 ista
585 1008 683 1060 ciuitas
705 1009 824 1076 dicitur,
850 1007 982 1077 prussiam
1009 1018 1146 1081 pagatus,
1178 1011 1273 1081 sicque
1304 1012 1459 1081 ingressum
1482 1010 1511 1064 in
1537 1011 1684 1065 coelestem
1712 1009 1842 1066 Hieroso-

144 1092 273 1145 coelestis
293 1101 333 1146 est
347 1093 453 1162 pratia,
471 1111 527 1163 qua
542 1094 623 1146 Deus
632 1110 695 1147 cam
708 1095 797 1162 feeit,-
815 1102 840 1147 et
856 1096 892 1147 de
906 1093 983 1147 coeio
1010 1100 1113 1168 lymam
1137 1098 1275 1152 mediante
1300 1098 1517 1154 circumcisionis
1536 1102 1708 1152 sacramento
1726 1098 1843 1167 accepit,
1855 1101 1898 1144 xx.
1911 1103 1957 1146 ets.

144 1180 257 1247 quidem
277 1181 313 1231 ab
330 1180 412 1233 initio
430 1181 477 1232 sui
501 1181 659 1243 moenita,
683 1197 716 1234 aa
741 1198 797 1249 quo
818 1196 873 1248 per
898 1181 984 1249 hujus
1009 1201 1042 1238 sc
1062 1187 1208 1237 ‹triadem'm
1219 1186 1343 1253 apastoli
1353 1185 1468 1252 Christi,
1485 1202 1534 1255 per
1552 1201 1622 1254 quos
1640 1183 1758 1237 ecclesis
1771 1183 1843 1238 Noai

144 1266 235 1318 recidi
252 1274 360 1337 tempus
379 1266 475 1335 pratia
493 1267 553 1318 Dei
568 1268 691 1334 desuper
707 1267 834 1320 ueniente
857 1283 913 1335 per
939 1267 981 1320 la·
1009 1271 1180 1325 Testamenti
1211 1271 1391 1340 spiritualiter
1409 1271 1516 1342 genita,
1545 1277 1582 1324 eb
1605 1287 1722 1340 quorum
1753 1269 1844 1333 fidem,

143 1369 259 1405 sincrum
284 1353 504 1420 repereratianis
528 1353 556 1405 iu
578 1353 690 1420 Spiritu
715 1361 813 1406 sancto
837 1354 922 1406 missa
946 1355 982 1405 de
1008 1357 1160 1413 doctrinam
1183 1364 1211 1411 et
1235 1358 1363 1427 exempla
1386 1356 1527 1428 sequendo
1554 1357 1582 1411 111
1608 1356 1679 1410 banc
1702 1356 1843 1412 civitatem

144 1438 224 1490 coelo
242 1438 360 1491 subinde
377 1439 449 1513 cives
470 1439 531 1507 ejus
548 1447 718 1494 accrescunt.
758 1439 817 1493 Sea
830 1456 887 1507 per
898 1441 981 1508 judi·
1009 1444 1162 1500 introimus.
1198 1445 1231 1496 ln
1248 1443 1335 1514 portia
1354 1442 1476 1498 habebat
1495 1445 1613 1512 ampelos
1632 1443 1841 1496 (1111111οὲ111αά-

144 1525 290 1591 cium'Dei,
302 1527 379 1593 quod
389 1525 441 1577 erit
451 1525 627 1578 assummum
633 1542 689 1593 per
698 1527 760 1592 ejus
768 1525 874 1578 Filium
882 1526 981 1578 Jesum
1008 1529 1080 1584 ditos
1103 1530 1167 1584 huic
1185 1530 1291 1584 civitati
1310 1529 1440 1584 custodes
1460 1545 1492 1582 sc
1511 1529 1611 1599 vigiles
1629 1529 1730 1582 Psalm.
1752 1535 1793 1595 34,
1813 1547 1838 1582 1.

147 1610 299 1678 Christum,
320 1618 398 1662 trinta
410 1611 471 1677 tissa
484 1618 510 1661 et
520 1618 578 1663 tem
591 1629 662 1663 noua
680 1613 716 1664 de
732 1613 791 1665 Dei
800 1628 913 1664 mernere
924 1612 981 1664 cla·
1008 1621 1031 1671 8,
1057 1622 1085 1670 et
1112 1617 1226 1669 nomina
1253 1616 1370 1686 siugulis
1395 1617 1483 1684 portis
1509 1616 1657 1684 inscripta,
1682 1632 1753 1685 quae
1777 1621 1842 1669 sunt

142 1697 216 1748 ritas
226 1697 425 1764 apparebit,ut
438 1697 844 1751 nullaremaneantuctustatis
854 1699 981 1768 aestipia,
1007 1704 1122 1755 nomina
1142 1703 1289 1756 ‹luodecim
1309 1703 1430 1755 tribuum
1448 1702 1571 1765 filiorum
1585 1702 1688 1771 Israil,
1706 1718 1756 1772 per
1773 1717 1843 1771 quaa

143 1785 370 1851 qrsansloquidem
381 1790 406 1835 et
416 1786 584 1852 cerporaad
593 1785 829 1853 incorruptionem
839 1786 980 1854 1111εέ11-
1006 1795 1067 1842 tota
1090 1790 1240 1844 electorum
1260 1788 1409 1842 multitudo
1434 1787 1599 1858 intelligitur
1616 1788 1705 1857 Apoc.
1725 1794 1748 1850 ’1,
1772 1806 1797 1845 1,
1817 1796 1841 1842 1.

143 1869 343 1923 mortalitatem
351 1877 599 1923 nouameaeetere
611 1871 791 1941 corruptione
806 1878 891 1940 atque
907 1890 980 1925 mor·
1007 1891 1160 1945 quaecum
1181 1875 1287 1944 angelis
1312 1873 1486 1930 familiariter
1509 1872 1736 1940 conversabitur,
1762 1879 1844 1927 erunt

142 1955 255 2007 talitatc
265 1956 430 2009 tranmbunt.
444 1955 596 2009 Descendit
605 1961 698 2009 autem
710 1956 739 2010 in
749 1957 855 2012 visione
864 1962 981 2021 tantum,
1007 1962 1079 2015 enim
1092 1965 1271 2036 συμπολῑται.
1308 1961 1353 2012 ht
1372 1961 1478 2031 umente
1496 1969 1579 2013 mant
1592 1968 1696 2029 portae
1713 1967 1780 2024 tres,
1807 1959 1842 2011 ab

142 2047 175 2094 ut
186 2040 308 2096 iohanni
328 2041 528 2110 ostenderetur,
546 2043 612 2112 quis
630 2043 658 2096 in
677 2045 756 2099 coelo
774 2050 908 2114 perpetuo
924 2062 980 2099 ma·
1008 2048 1140 2116 aqrsilonc
1158 2055 1262 2115 portae
1280 2054 1349 2113 tres,
1377 2048 1412 2098 ab
1432 2054 1531 2101 caestre
1552 2054 1655 2115 portae
1679 2055 1736 2099 tres
1757 2054 1784 2099 et
1806 2047 1842 2099 ab

141 2127 227 2182 nebit.
265 2133 288 2182 3.
315 2128 461 2181 &nactura
480 2129 548 2199 ipsa,
567 2130 603 2183 ad
624 2147 706 2201 quam
719 2131 839 2200 pertinet
848 2134 907 2201 ejus
920 2138 978 2185 tum
1008 2151 1107 2187 occasu
1123 2141 1224 2201 portae
1243 2141 1300 2185 tres
1318 2150 1344 2187 1.
1366 2138 1406 2186 13.
1444 2132 1511 2186 ldeo
1533 2139 1626 2187 autem
1643 2139 1740 2203 portae
1758 2131 1842 2202 hujus

141 2216 340 2278 materiatum
353 2216 457 2276 sermo.
476 2216 773 2271 Materiuststuuutur
786 2233 978 2286 gemmeaau·
1006 2217 1127 2271 civitatis
1145 2218 1297 2287 respiciunt
1322 2223 1442 2288 quatuor
1460 2218 1555 2272 mundi
1579 2217 1692 2288 plagas,
1717 2220 1785 2287 quia
1806 2219 1842 2270 ab

139 2301 978 2373 1111111111811111111111111011111111111110111111111111
1005 2305 1111 2357 crisme
1136 2313 1161 2357 rt
1185 2306 1327 2358 occidente
1351 2306 1474 2370 venient,
1503 2306 1553 2374 qui
1579 2323 1640 2358 cum
1666 2306 1841 2367 Abrahamo,

141 2387 318 2441 aestimanus.
337 2387 416 2450 Quae
429 2389 536 2443 anobis
547 2390 576 2442 in
588 2388 641 2442 hac
656 2390 713 2443 1111
727 2390 908 2444 aestimantur
917 2407 977 2459 pre·
1007 2392 1108 2444 [scaea
1128 2400 1155 2444 et
1169 2392 1280 2445 Jacobs
1299 2392 1328 2444 in
1345 2410 1414 2461 repo
1424 2392 1565 2445 coelorum
1573 2391 1733 2445 recumbent
1743 2389 1841 2447 Matth.

141 2472 290 2527 tiosissima
299 2477 328 2525 et
337 2473 529 2543 pulcherrima,
545 2474 599 2528 illis
608 2474 685 2528 Deus
694 2475 770 2530 velut
782 2476 844 2529 rudi
856 2477 976 2547 quodam
1006 2481 1029 2543 8,
1049 2495 1074 2529 v.
1096 2483 1134 2532 11.
1153 2483 1181 2532 11
1199 2477 1325 2531 Christus
1344 2479 1445 2533 electos
1465 2493 1530 2532 suos
1551 2478 1666 2545 callipet
1684 2496 1702 2530 a
1721 2485 1843 2546 quatuor

140 2557 263 2613 carbone
272 2559 366 2626 utitur,
382 2576 437 2627 quo
448 2559 564 2629 gloriam
577 2562 704 2617 coelestis
715 2562 925 2633 Hierosolymae
935 2571 977 2617 ut·
990 2568 992 2623 Ι
1007 2566 1093 2616 centis
1113 2563 1211 2620 Matth.
1234 2570 1275 2627 21,
1295 2582 1319 2618 v.
1338 2570 1380 2620 st.
1415 2565 1442 2630 5)
1464 2566 1583 2631 lipara
1604 2564 1712 2617 Civitas
1731 2565 1759 2617 in
1775 2582 1841 2633 que-

141 2662 251 2716 cunque
269 2644 350 2700 nobis
370 2644 522 2701 adumbret.
553 2647 660 2701 Forma
675 2654 717 2702 est
737 2647 882 2719 quadrata,
906 2635 992 2720 quael
1006 2653 1058 2703 siro
1074 2652 1170 2718 piacita.
1188 2658 1236 2717 cst,
1263 2658 1288 2702 et
1306 2650 1454 2718 lonpitudo
1472 2652 1533 2718 ejus
1554 2658 1704 2714 mutuent,
1734 2658 1842 2719 quanta

141 2731 335 2801 pulcherrima,
347 2732 537 2801 capacissima,
551 2731 715 2798 firmissima,
731 2734 779 2787 sed
790 2734 875 2788 dehis
892 2736 1030 2805 pauloet
1050 2738 1183 2800 latitudo,
1204 2744 1230 2789 et
1250 2738 1397 2803 lonpitudo
1416 2745 1442 2789 et
1460 2736 1584 2789 altitudo
1597 2744 1624 2789 et
1643 2737 1767 2790 latitudo
1780 2739 1842 2805 ejus

141 2816 287 2886 specialius
307 2818 454 2888 agendum.
489 2818 633 2873 Pertinent
651 2820 738 2890 igitur
757 2821 792 2874 ad
811 2827 977 2876 structuram
1005 2825 1140 2892 aeqmrlia
1158 2832 1223 2875 sum
1240 2841 1266 2878 1.
1290 2829 1327 2879 16.
1365 2823 1471 2893 Figura
1489 2822 1539 2875 illa
1564 2822 1702 2891 quadrata
1730 2824 1841 2893 signum

140 2907 224 2977 hujus
257 2907 376 2961 civitatis
411 2911 438 2972 1)
466 2909 545 2963 situs,
586 2909 706 2961 Sustulit
732 2925 776 2961 me
802 2911 832 2962 in
858 2918 976 2962 montem
1005 2919 1045 2964 est
1064 2908 1256 2980 perfectiouis,
1281 2908 1351 2962 nihil
1375 2908 1481 2978 obliqui
1506 2908 1548 2964 vel
1575 2909 1653 2962 curri
1675 2909 1703 2963 in
1722 2909 1841 2963 civitatis

142 3011 273 3061 rnapnum
292 3001 318 3045 et
335 2994 473 3046 ereelmm
494 3001 521 3046 et
538 2997 657 3047 ostendit
674 2994 743 3046 mihi
760 2994 898 3047 ciuhetem
912 3012 977 3047 san·
1004 2998 1087 3067 hujus
1105 2996 1203 3052 incolis
1223 2994 1453 3065 deprehendetur,
1475 2996 1524 3049 sed
1540 2996 1632 3051 omnia
1650 3002 1731 3050 erunt
1744 2992 1840 3070 τετρά-

141 3087 214 3132 etam
232 3078 321 3148 Apoc.
343 3085 384 3142 21,
404 3097 430 3133 1.
450 3084 489 3135 10.
510 3079 668 3135 Denotatur
686 3081 746 3150 ejus
766 3079 890 3150 firmitas,
911 3083 977 3150 quia
1003 3101 1089 3154 pura.
1108 3081 1205 3138 Potest
1218 3083 1301 3137 etiam
1315 3080 1406 3153 figura
1419 3081 1652 3152 quadrangularis
1667 3083 1703 3137 ad
1718 3082 1838 3152 pulchri-

140 3166 260 3220 fundata
288 3171 331 3219 est
362 3183 445 3236 super
474 3172 583 3236 petram
613 3166 795 3235 immobilem,
829 3184 901 3237 quae
935 3174 977 3221 est
1003 3169 1127 3223 tudinem
1148 3185 1181 3224 sc
1199 3168 1382 3224 stabilitatem
1396 3168 1479 3239 hujus
1493 3168 1613 3222 civitatis
1630 3169 1840 3224 accommodari.

140 3251 267 3307 Christus
287 3260 309 3308 1.
327 3251 390 3307 Cor.
414 3259 454 3321 10,
473 3270 497 3307 1.
520 3260 543 3308 1.
565 3255 765 3307 Fundamenta
783 3255 845 3321 eius
857 3256 886 3307 in
901 3273 975 3308 meu·
1004 3254 1105 3309 Omnes
1125 3256 1200 3311 besti
1220 3260 1301 3310 erunt
1319 3255 1433 3308 stabiles
1453 3272 1487 3307 ac
1497 3255 1579 3322 firmi
1595 3256 1625 3306 iu
1644 3257 1717 3318 Deo,
1736 3260 1767 3308 ut
1787 3270 1839 3308 nec

140 3339 213 3391 tibus
240 3339 360 3402 sanetis,
390 3355 445 3392 riou
473 3340 687 3394 commovebitur
716 3339 817 3394 Psalm.
838 3348 879 3405 et,
907 3350 975 3398 1,1.
1003 3341 1099 3409 averti,
1113 3357 1164 3395 nec
1177 3341 1299 3409 concuti,
1318 3357 1369 3395 nec
1379 3340 1513 3395 felicitate
1522 3357 1574 3395 sua
1588 3339 1713 3394 excidere
1723 3342 1839 3412 possint.

141 3425 169 3494 2)
191 3423 325 3478 Claritas.
346 3425 480 3494 Magnum
498 3424 811 3491 urbiconciliatdecus,
831 3427 855 3481 11
872 3427 975 3482 inloco
1003 3433 1029 3493 6)
1052 3427 1210 3492 Quantitas.
1246 3427 1381 3497 Ampelus,
1406 3428 1457 3496 qui
1472 3427 1639 3496 loquebatur
1657 3444 1771 3494 mecum,
1790 3429 1839 3481 hu·

141 3518 274 3565 1101111110
294 3517 321 3567 11
340 3510 442 3564 illustri
457 3511 511 3564 sita
530 3514 594 3566 aire
613 3511 716 3566 salubri
737 3528 769 3566 ac
787 3513 848 3567 lucc
867 3511 977 3567 fruatur
1003 3515 1083 3566 behet
1100 3530 1259 3566 mensuram
1284 3513 1452 3566 arundinem
1477 3529 1608 3575 auream,
1638 3520 1668 3565 ut
1696 3513 1841 3567 metiretur

140 3604 282 3667 perpetua,
304 3597 378 3650 uude
397 3598 606 3652 commendatur
631 3600 732 3652 ciuitas
756 3616 841 3668 super
859 3607 976 3653 montem
1003 3600 1142 3653 ciuitatem
1159 3607 1186 3652 et
1199 3607 1301 3668 pertas
1323 3599 1385 3666 ejus
1402 3606 1429 3652 et
1446 3616 1556 3651 murum
1576 3616 1602 3652 1.
1625 3602 1663 3654 15.
1690 3606 1716 3651 et
1730 3615 1840 3652 manase

137 3683 234 3753 posita
255 3682 353 3737 Matth.
374 3690 440 3751 5,1,
464 3689 501 3739 14.
538 3682 673 3738 coelestis
697 3684 745 3738 illa
773 3685 871 3738 civitas
897 3685 976 3738 habet
1004 3695 1044 3739 cst
1061 3685 1201 3739 ciuitatem
1223 3687 1365 3738 arundine
1381 3702 1436 3754 per
1455 3687 1553 3738 studia
1573 3686 1722 3739 disodecim
1747 3685 1838 3740 millia

139 3771 299 3823 claritatem
320 3771 381 3823 Dei
395 3787 421 3823 1.
443 3777 482 3827 11.
506 3778 603 3826 ornata
625 3776 668 3826 est
694 3771 807 3826 coelesti
830 3777 858 3826 et
882 3771 976 3826 divina
1004 3790 1027 3830 1,
1051 3777 1090 3828 lt.
1110 3770 1188 3826 Sicut
1205 3772 1323 3826 ecclesia
1340 3772 1462 3825 militans
1481 3770 1509 3824 in
1528 3771 1581 3825 hac
1600 3771 1658 3825 1111
1676 3770 1841 3826 aedificatur

141 3856 276 3920 claritate,
295 3855 335 3909 sic
353 3855 425 3910 euim
444 3858 592 3927 exponitur
609 3876 633 3911 1.
652 3862 698 3913 23:
717 3857 824 3911 Ciuitas
841 3876 897 3912 non
917 3865 977 3927 epet
1000 3862 1081 3930 juxta
1106 3859 1231 3928 regulam
1255 3875 1288 3912 ac
1315 3873 1456 3928 gnomone
1480 3856 1572 3924 verbi,
1599 3861 1632 3911 11
1660 3858 1753 3914 omnia
1785 3859 1841 3912 sint

139 3942 200 3996 sole
218 3959 268 3994 nrc
287 3942 370 4005 lunc,
395 3950 426 3995 ut
444 3944 556 3998 luceant
573 3944 603 3998 in
621 3962 670 4010 ea,
693 3962 760 3997 nam
777 3945 896 3998 claritas
918 3945 978 3998 Dei
1002 3951 1069 4016 apta
1088 3949 1116 3999 et
1128 3944 1295 4008 conformis;
1312 3944 1353 3998 sic
1365 3944 1484 3999 ecclesia
1504 3943 1677 4014 triumphans
1695 3946 1748 4002 erit
1764 3931 1842 4000 men·=

140 4030 312 4084 illuminabit
331 4045 400 4092 eam,
420 4037 445 4082 et
465 4031 582 4084 lucerna
599 4032 660 4099 ejas
678 4039 717 4084 est
736 4033 843 4100 Apnus.
871 4033 1109 4111 Lumenaurata,
1138 4031 1165 4084 h.
1184 4047 1208 4085 e.
1235 4030 1358 4101 perfecte
1381 4029 1532 4086 conformis
1557 4028 1668 4086 divinae
1692 4030 1839 4087 voluntati.

140 4115 209 4182 eius,
231 4113 246 4167 ὁ
265 4110 388 4189 φωστήρ,
407 4114 501 4170 lumen
514 4132 547 4170 cx
563 4133 596 4170 ea
614 4116 803 4186 resplendens,
823 4117 916 4170 simile
936 4117 1164 4189 estssLongitudo
1183 4119 1319 4188 cujusque
1337 4117 1432 4173 laterts
1449 4116 1573 4171 habebat
1591 4118 1740 4170 duodecim
1761 4116 1839 4170 mille

139 4200 235 4269 lapidi
248 4203 374 4270 pretioso
392 4209 525 4272 tanquam
538 4204 633 4272 lapidi
641 4205 760 4273 jaspidi
770 4205 978 4271 crystallizants'
988 4208 990 4273 ζ
1002 4205 1107 4265 stadia,
1126 4203 1152 4257 lr.
1164 4219 1186 4259 e.
1200 4205 1277 4257 ultra
1294 4207 1419 4257 trecenta
1428 4202 1556 4256 milliaria
1571 4200 1745 4266 Germanica,
1764 4219 1838 4256 cum·

139 4304 164 4339 1.
186 4292 225 4343 11.
247 4304 298 4357 per
312 4287 384 4342 hanc
401 4305 538 4359 gemmam
556 4289 724 4359 pellucidam
738 4290 905 4353 acviridem,
924 4291 975 4344 sd·
988 4278 990 4314 ³
1003 4307 1057 4360 qus
1076 4289 1175 4345 civitas
1193 4289 1221 4343 in
1241 4288 1347 4359 quadro
1364 4288 1449 4343 fuerit
1466 4294 1495 4342 et
1513 4286 1661 4356 longitudo
1679 4289 1740 4358 ejus
1754 4287 1839 4343 merit

139 4381 238 4443 spectu
255 4376 408 4445 jucundam
429 4374 594 4445 intelligitur
614 4376 742 4430 coelestis
767 4376 893 4440 claritas,
919 4377 974 4441 lux,
1002 4383 1095 4442 tanta,
1121 4382 1227 4448 quanta
1246 4381 1275 4430 11
1291 4375 1423 4442 latitudo,
1451 4390 1483 4428 ex
1507 4372 1736 4443 cointelligitur,
1763 4374 1838 4445 quod

140 4460 230 4531 gloria
244 4468 271 4515 11
284 4462 424 4530 maJ‘estas,
437 4461 559 4532 itemque
572 4462 654 4532 vigor
668 4467 696 4515 11
708 4461 888 4529 pulchritudo
901 4462 975 4515 illius
1002 4463 1122 4517 ambitus
1141 4463 1200 4530 ejus
1219 4461 1379 4531 complexus
1395 4460 1480 4513 fuerit
1497 4458 1578 4528 plura
1599 4468 1681 4529 quam
1700 4460 1775 4514 mille
1788 4462 1838 4514 du·

138 4547 267 4601 civitatis.
304 4552 330 4616 3)
353 4551 464 4605 Mutua
502 4550 633 4602 Habebat
655 4565 764 4600 murum
791 4566 922 4615 maenium
949 4557 974 4603 et
1001 4557 1083 4604 centa
1103 4548 1232 4602 milliaris
1251 4546 1424 4601 Germanica.
1445 4545 1603 4600 Denotatur
1623 4545 1705 4617 hujus
1718 4546 1838 4602 civitatis

136 4634 227 4687 ultum
245 4639 323 4689 112.
343 4634 502 4688 Deuotatur
520 4633 747 4705 inexpugnabilis
767 4633 819 4688 Dei
838 4634 974 4703 protectio
1001 4635 1168 4706 amplitudo,
1199 4632 1274 4703 quod
1308 4648 1362 4686 non
1393 4631 1430 4684 sit
1457 4631 1606 4686 defuturus
1634 4631 1838 4690 habitatoribus

137 4725 166 4774 et
183 4719 305 4774 civitatis
327 4721 468 4788 securitas,
490 4722 564 4791 quod
577 4720 646 4774 nihil
665 4720 780 4791 periculi
795 4720 819 4773 ei
832 4720 976 4774 immineat
1002 4721 1092 4788 locus,
1117 4719 1192 4790 quod
1217 4733 1272 4772 non
1292 4718 1348 4771 sint
1367 4718 1566 4790 compingendi
1585 4720 1615 4773 in
1634 4725 1753 4791 angusta
1773 4737 1837 4791 gur-

138 4806 174 4860 ab
194 4805 330 4861 hostibus.
359 4806 435 4860 Deus
455 4807 514 4877 ipse
535 4807 685 4862 circaeam
704 4812 746 4860 est
766 4825 862 4858 munis
876 4807 974 4875 igneus
987 4794 989 4867 l
1001 4807 1102 4877 gustis,
1121 4806 1169 4859 sed
1187 4803 1357 4873 amplissima
1375 4803 1498 4858 habituri
1517 4803 1574 4859 sint
1590 4805 1709 4876 palatia,
1726 4806 1793 4877 quia
1808 4805 1838 4860 in

137 4891 221 4947 Zach.
241 4898 264 4961 2,
284 4909 308 4947 1.
330 4899 353 4947 5.
395 4892 487 4948 llsbet
513 4893 558 4948 hic
581 4912 677 4947 murus
697 4894 883 4955 fundamenta
903 4896 974 4945 duo·
987 4896 989 4951 Ξ
1001 4893 1082 4946 domo
1099 4891 1191 4945 Patris
1210 4890 1337 4946 coelestis
1356 4892 1513 4945 mansiones
1530 4892 1836 4956 1111111101.14,1.2,

138 4979 244 5047 decim,
271 4987 298 5031 et
323 4981 354 5032 in
378 4981 450 5047 ipsis
472 4980 587 5033 nomina
612 4979 762 5033 duodecim
781 4980 974 5047 apostolarum
987 4959 989 5037 l
1001 4978 1074 5043 Quia
1093 4993 1158 5033 1110
1180 4977 1300 5047 spatium
1320 4975 1438 5031 civitatis
1458 4976 1504 5032 hic
1523 4978 1690 5048 descriptum
1705 4984 1838 5034 consueta

136 5067 215 5134 Apni
246 5081 270 5119 1,
301 5071 339 5120 ll.
375 5065 495 5121 Unicum
528 5071 570 5120 est
602 5065 734 5119 ecclesiae
765 5051 1112 5120 fundamentum⁵urhium
1138 5064 1231 5135 sputis
1248 5063 1398 5133 plurimum
1424 5063 1546 5130 excedit,
1574 5062 1638 5119 idco
1660 5064 1713 5118 hac
1738 5064 1839 5120 descri-

137 5150 265 5206 Christus
294 5151 551 5218 1.001.3,1.11,
578 5151 698 5220 apostoli
724 5151 853 5205 dicuntur
876 5151 974 5206 funda·
1001 5150 1107 5221 ptionis
1139 5156 1219 5221 parte
1255 5149 1426 5217 insinuatur,
1457 5148 1532 5219 quod
1564 5148 1714 5205 electorum
1747 5151 1839 5221 patria

138 5242 232 5291 ments
249 5237 356 5291 ratione
376 5236 519 5291 doctrinae
538 5237 573 5290 dc
591 5236 710 5301 Christo,
731 5254 814 5308 quam
831 5238 973 5308 praedica·
1001 5255 1109 5293 omnem
1130 5238 1268 5291 viatorum
1292 5235 1491 5290 habitationem
1519 5235 1729 5304 incomparabili
1753 5255 1836 5309 caps·

136 5329 358 5395 runt,etsuper
378 5323 974 5394 11111εωί1111111111111111Μ11111.16,
1001 5325 1085 5378 citata
1104 5322 1304 5378 transscendat.
1340 5321 1504 5392 Aequalitas
1525 5320 1718 5391 longitudinis,
1742 5323 1835 5379 latitu-

136 5427 161 5462 v.
183 5414 221 5464 18.
241 5409 343 5479 Ephes.
362 5417 386 5475 t,
407 5427 432 5462 1.
451 5415 492 5466 2ο.
523 5407 650 5463 Observa
666 5408 758 5477 etism,
779 5410 854 5479 quod
874 5411 974 5465 unicus
1001 5410 1074 5464 dinis
1100 5417 1127 5464 et
1151 5409 1306 5463 altitudinis
1333 5407 1398 5462 cubi
1427 5406 1545 5463 formam
1572 5414 1775 5478 repraesentat,
1803 5427 1836 5466 ac

1001 5497 1118 5568 proinde
1146 5496 1343 5559 stabilitatem,
1375 5493 1534 5550 firmitatem
1562 5510 1597 5549 ac
1621 5497 1836 5566 perpetuitatem

1577 5580 1632 5638 20*

987 5542 989 5549 r

87 5502 92 5510 '
137 5496 275 5552 duntaxat
292 5495 378 5552 fuerit
397 5513 499 5551 murus.
517 5494 664 5566 Templum
674 5494 815 5550 Ezechieli
833 5502 974 5552 ostensum
