4050 6014
267 214 327 271 228
918 204 1148 263 amorreus
1168 204 1337 270 QUINTUS

264 377 298 414 ae
315 359 421 414 malitia
444 359 567 426 excludi,
591 359 619 412 id
645 361 718 430 quod
744 359 856 430 probari
883 368 977 431 potest
1002 361 1101 415 iisdem
1113 370 1116 407 ι
1130 377 1199 426 mm,
1218 377 1317 414 nornen
1334 360 1383 413 illi
1398 377 1482 427 mors,
1512 366 1539 413 st
1558 359 1690 424 inser-nus
1709 359 1881 427 aequatam
1899 374 1970 413 erem.

265 445 466 509 fundamentis,
490 446 592 516 quibus
619 463 669 499 suo
697 445 758 500 loco
786 447 972 511 ostendimus,
1006 447 1102 501 mortis
1129 447 1246 500 Mortem
1265 446 1367 500 dicitur
1388 445 1465 516 sequi
1487 444 1632 510 inseraris,
1657 445 1724 515 quia
1746 441 1839 514 impiis
1864 449 1971 513 tempo

265 532 426 600 temporalis
444 547 556 584 causam
576 530 687 585 diabolo
707 548 766 585 esse
792 532 982 599 tribuendam,
1005 539 1102 601 utpote
1115 576 1116 605 ,
1129 532 1193 585 ralis
1218 548 1291 586 rnors
1315 537 1358 585 est
1389 530 1497 584 initium
1529 529 1624 584 mortis
1654 536 1790 584 aeternae.
1828 529 1875 584 Sic
1903 545 1971 600 ergo

268 621 291 683 1)
317 634 350 670 sn
373 619 473 687 lapsas
497 619 634 670 Adamics'
657 619 851 686 demptione.
886 618 996 671 Primus
1022 617 1297 696 homojcolligimus:
1316 618 1363 686 qui
1384 623 1427 671 est
1448 633 1532 670 causa
1546 615 1640 669 mortis
1656 616 1827 685 temporalis,
1845 616 1869 668 is
1884 615 1969 669 etiarn

265 720 321 757 non
338 704 426 757 solum
446 703 482 758 ad
501 703 581 765 hanc,
597 703 645 756 sed
668 704 751 758 etiam
768 703 939 761 adfuturam
956 705 1101 759 coelestem
1129 711 1171 758 est
1196 720 1281 758 causa
1313 703 1408 757 mortis
1433 709 1574 762 aeternae,
1606 701 1672 771 quia
1698 707 1813 755 mortem
1842 700 1971 770 sequitur

265 790 350 845 vitam
368 806 387 843 a
405 788 465 844 Deo
485 794 545 842 erat
568 790 709 854 conditus,
733 791 799 861 quia
821 790 857 843 ad
877 790 929 844 Dei
952 791 1102 862 imaginem
1115 826 1116 833 ι
1130 788 1260 843 infernus.
1299 789 1384 860 Atqui
1412 787 1539 842 diabolus
1565 793 1607 840 est
1636 803 1721 841 causa
1742 788 1840 840 mortis
1859 793 1970 857 tempo·

266 883 325 930 erat
345 876 486 942 conditus,
513 879 593 945 eujus
620 893 683 945 pars
712 875 766 929 fuit
792 876 876 931 beata
904 857 1203 968 immortalitasqralis,
1225 893 1291 945 ergo
1312 875 1395 930 etiam
1415 882 1458 928 est
1478 890 1562 927 eausa
1582 873 1676 925 mortis
1695 879 1833 928 aeternae.
1872 873 1971 928 Potest

266 962 371 1026 Quodsi
402 979 468 1032 ergo
501 963 528 1014 in
562 970 709 1018 concreata
737 963 898 1032 integritate
929 962 1211 1032 perstitisset‘etiam
1230 960 1299 1014 visio
1328 960 1376 1014 illa
1393 959 1525 1029 explicari
1550 959 1603 1013 hoc
1634 959 1728 1013 modo:
1754 965 1886 1021 mortem,
1917 959 1971 1014 hoc

264 1066 320 1104 non
339 1049 427 1103 solum
445 1048 554 1102 beatam
579 1050 607 1102 in
626 1049 669 1101 his
695 1050 776 1103 terris
799 1050 884 1103 vitam
912 1050 1028 1120 egisset,
1054 986 1171 1117 sedlest
1189 1047 1341 1123 diabolum,
1366 1046 1416 1113 qai
1431 1045 1511 1097 tedet
1532 1045 1679 1114 importem
1696 1047 1796 1098 mortis
1815 1052 1844 1099 et
1860 1051 1905 1098 est
1922 1061 1969 1114 pa·

265 1136 348 1189 etiam
368 1133 446 1189 finito
465 1135 592 1189 animalis
610 1136 684 1188 vites
702 1135 839 1189 curriculo
856 1135 891 1189 ad
912 1143 1050 1189 aeternam
1074 1137 1101 1189 in
1115 1128 1117 1204 ᾗ
1129 1139 1171 1187 ter
1189 1133 1284 1186 mortis
1304 1131 1388 1200 (sicut
1407 1138 1553 1199 peccatum
1571 1137 1616 1184 est
1631 1131 1726 1184 mortis
1745 1132 1853 1198 mater),
1878 1133 1969 1202 seqni-

266 1222 353 1276 coelis
372 1220 457 1274 vitam
477 1221 576 1275 fuisset
595 1223 789 1275 translocutus.
824 1221 928 1274 Verum
949 1221 1020 1275 hanc
1042 1208 1174 1297 feli-ltur
1195 1221 1334 1285 infernin,
1361 1219 1426 1287 quia
1445 1216 1570 1271 infernus
1588 1224 1632 1272 est
1648 1216 1787 1271 horribilis
1808 1218 1856 1272 ille
1876 1234 1912 1272 ac
1931 1225 1969 1273 ts·

151 1325 192 1366 xx.
207 1308 376 1365 raucitatem
400 1306 543 1371 diabolus,
568 1323 616 1376 per
642 1324 720 1359 suam
740 1307 907 1375 apostasiam
920 1307 1047 1375 jamdum
1074 1305 1258 1371 interrimus
1277 1321 1385 1371 carcer,
1415 1304 1441 1356 in
1461 1321 1542 1373 quem
1561 1303 1689 1358 diabolus
1718 1305 1892 1358 truculentus
1921 1304 1968 1359 ille

265 1391 401 1445 infernum
420 1391 574 1460 prolapsus,
593 1392 697 1444 homini
720 1391 827 1459 invidit,
853 1392 971 1462 ideoque
990 1392 1102 1446 nefariis
1115 1401 1117 1466 1
1129 1398 1266 1460 tyrannus
1287 1391 1418 1456 detrudit,
1436 1407 1505 1459 quos
1524 1390 1643 1459 praedae
1662 1390 1723 1445 loco
1736 1408 1768 1444 ex
1783 1390 1906 1446 humano
1922 1410 1968 1463 ge

266 1477 411 1531 fraudibus
430 1482 458 1530 ει
475 1475 582 1531 artibus
608 1477 698 1547 ipsum
724 1478 875 1547 permovit,
902 1484 933 1530 ut
953 1495 1002 1547 per
1025 1479 1194 1547 prae-'nere
1213 1477 1266 1531 sibi
1286 1477 1457 1547 mancipavit
1476 1477 1559 1546 inque
1587 1477 1776 1546 captivitatem
1801 1495 1881 1531 suam
1908 1478 1967 1532 red·

266 1565 339 1634 cepti
360 1564 447 1617 divini
471 1564 718 1634 transgressionem
745 1563 841 1617 itidem
866 1580 882 1617 a
906 1572 1029 1621 creatore
1053 1582 1102 1619 suo
1115 1563 1117 1661 ,
1131 1564 1196 1633 egit.
1232 1563 1385 1633 Gregorius
1415 1563 1461 1616 lib.
1490 1571 1513 1618 t.
1541 1563 1635 1619 moral.
1667 1579 1727 1632 cap.
1749 1569 1792 1617 tr:
1824 1565 1968 1635 Antiquae

267 1667 326 1704 sese
356 1657 500 1705 averteret.
548 1651 670 1705 Noverat
701 1652 788 1714 enim,
828 1659 976 1720 praecepto
1008 1653 1102 1706 divino
1115 1651 1223 1783 lhostis,
1247 1653 1315 1717 quio.
1337 1658 1452 1702 mortem
1475 1650 1577 1717 intulit,
1600 1668 1676 1703 mors
1695 1658 1813 1703 coeatur
1833 1651 1966 1704 Johnnsr

267 1736 338 1789 hanc
358 1736 597 1790 comminationem
613 1735 698 1790 fuisse
712 1736 849 1789 additam:
873 1737 1041 1807 Qaacrraqac
1056 1738 1285 1805 dieflotteetonte,
1304 1737 1353 1805 qai
1372 1737 1422 1802 ait,
1440 1751 1539 1788 nornen
1560 1735 1609 1788 illi
1626 1753 1710 1803 mors,
1730 1753 1786 1805 quo
1802 1753 1887 1791 sensu
1907 1738 1965 1809 qui·

267 1824 303 1872 de
321 1822 406 1873 recen
423 1823 522 1875 ordor-e
540 1822 702 1889 comederis,
727 1830 814 1874 inor-te
833 1822 963 1875 ntoricrie
987 1822 1055 1878 Gen.
1079 1829 1102 1891 2,
1115 1850 1118 1880 ;
1131 1822 1193 1875 dam
1215 1821 1356 1890 accipiunt
1375 1821 1479 1874 dietum
1501 1821 1562 1873 Eae.
1584 1827 1626 1888 28,
1647 1839 1672 1874 v.
1694 1827 1740 1876 15:
1772 1822 1967 1878 Per-emimus

267 1925 291 1959 v.
312 1911 350 1963 17.
378 1905 425 1960 ubi
448 1907 544 1961 mortis
578 1909 687 1961 nomine
714 1925 768 1960 non
798 1907 887 1961 solum
914 1908 1102 1978 temporalem,
1116 1888 1232 1973 lsoedae
1252 1925 1313 1959 cnm
1333 1914 1434 1974 morte,
1460 1906 1513 1960 hoe
1531 1915 1573 1959 est
1598 1922 1661 1959 cum
1686 1907 1829 1964 daemone.
1863 1907 2017 1964 Conferat.

267 1991 316 2045 sed
339 1993 421 2046 etiam
448 1998 733 2062 aeternamgmortem
761 1992 879 2063 intelligi
909 2010 958 2046 suo
987 1995 1045 2047 loco
1074 1977 1297 2047 iulPrimasium
1319 1998 1347 2046 et
1372 1990 1540 2044 Ansbertum
1569 1992 1595 2045 in
1614 2008 1673 2061 cap.
1696 1998 1717 2046 1.
1744 1993 1860 2062 Apocal.
1884 2011 1968 2065 super

268 2085 347 2133 tract.
378 2079 412 2132 de
441 2085 528 2132 morte
558 2078 736 2133 ostendimus.
777 2079 871 2142 Quare
896 2096 958 2132 cum
985 2079 1103 2134 Satanas
1116 2080 1118 2147 ι
1131 2078 1214 2132 verba
1239 2079 1326 2130 dobeo
1351 2079 1443 2130 claves
1468 2080 1566 2131 inor-tis
1592 2086 1617 2130 et
1643 2080 1760 2145 inferni.
1799 2083 1825 2144 2)
1847 2081 1969 2134 Diaboli

268 2165 324 2219 voti
342 2166 384 2218 sui
405 2176 518 2234 compos
536 2164 625 2218 faetus
644 2165 811 2234 permoverit
830 2164 982 2233 hominem,
1005 2172 1036 2220 ut
1055 2183 1103 2235 per
1116 2154 1118 2250 1
1129 2166 1263 2217 reductio.
1293 2163 1419 2216 Christus
1438 2163 1613 2216 sanctissima
1633 2179 1684 2218 sua
1696 2166 1826 2234 passione
1840 2183 1891 2236 pro
1903 2182 1966 2236 pcc·

267 2258 411 2320 peccatum
438 2251 533 2305 aDeo
560 2256 683 2305 creatore
706 2266 756 2304 suo
779 2265 838 2304 sese
862 2258 1013 2318 averteret,
1040 2251 1199 2319 indefieatis
1216 2250 1301 2303 totius
1322 2249 1433 2302 humani
1453 2249 1563 2318 generis
1582 2249 1757 2306 satisfaciens
1771 2250 1904 2307 liberavit
1917 2270 1967 2308 nos

267 2336 350 2390 etiam
372 2337 400 2389 in
418 2343 558 2390 aeternam
579 2343 693 2389 mortem
713 2336 830 2390 eundem
848 2338 1028 2407 praeeipitem
1056 2326 1118 2393 de-t'
1130 2357 1148 2390 a
1173 2345 1315 2405 potestate
1343 2336 1520 2389 teminorum
1551 2343 1575 2388 et
1605 2354 1636 2388 ee
1664 2337 1776 2402 inferni
1801 2340 1966 2406 captivitate

268 2421 319 2486 dit,
339 2422 465 2491 adeoque
482 2422 557 2475 exitii
578 2438 662 2474 causa
682 2421 783 2474 homini
814 2423 927 2476 exstitit.
966 2423 1010 2476 Sic
1036 2441 1102 2494 ergo
1130 2423 1217 2477 Oscae
1236 2428 1276 2488 13,
1296 2441 1320 2474 ν.
1345 2427 1383 2476 14.
1412 2420 1494 2476 Zaeh.
1516 2426 1541 2489 9,
1560 2438 1583 2474 v.
1606 2428 1646 2478 11.
1673 2422 1733 2477 Uol.
1758 2430 1780 2490 1,
1797 2441 1823 2478 v.
1854 2429 1894 2481 13.
1914 2430 1966 2478 etc.

268 2506 436 2577 colligimus:
477 2507 643 2577 Quicunque
668 2506 847 2561 mendacibus
875 2508 932 2560 suis
961 2511 1102 2579 promissis
1115 2557 1117 2567 ‚
1130 2509 1180 2562 sed
1208 2510 1260 2562 hoc
1284 2507 1447 2562 beneficium
1474 2509 1552 2576 pauci
1581 2516 1661 2579 grato
1684 2509 1777 2563 animo
1801 2518 1966 2581 agnoscunt,

270 2593 406 2647 hominem
423 2593 567 2661 permovit,
589 2602 619 2646 ut
636 2610 685 2662 per
700 2595 946 2664 transgressionem
963 2597 1102 2665 praecepti
1115 2627 1117 2666 ,
1131 2602 1161 2649 ut
1178 2594 1233 2649 fide
1253 2593 1305 2646 sibi
1324 2593 1392 2647 illud
1412 2593 1561 2662 applicent.
1586 2594 1721 2648 Diabolus
1739 2592 1967 2672 ὁκοσμοιιριέιιιρ

269 2678 362 2733 aDeo
381 2685 505 2732 creatore
522 2693 583 2731 sese
603 2686 754 2748 averteret,
781 2679 809 2730 is·
830 2680 912 2733 etiam
938 2681 965 2732 in
988 2689 1102 2735 mortem
1116 2672 1232 2748 latenter
1250 2681 1404 2744 infidelium
1429 2681 1513 2748 trojus
1531 2683 1619 2734 necati
1637 2689 1773 2745 excaecat,
1800 2699 1855 2751 qao
1874 2685 1967 2737 minsis

269 2771 410 2819 aeternam
441 2764 559 2817 eundem
591 2765 795 2834 praecipitavit.
836 2766 918 2820 Ratio
950 2773 1004 2829 εει,
1038 2755 1190 2836 quia'illie
1216 2769 1328 2837 fulgeat
1353 2767 1525 2820 illuminatio
1549 2768 1689 2837 erranpelii
1720 2773 1742 2822 2.
1761 2766 1824 2822 Cor.
1844 2775 1869 2832 4,
1897 2786 1924 2823 v.
1942 2775 1966 2825 t.

269 2850 483 2920 transgressioni
510 2859 622 2919 propter
651 2851 773 2904 divinam
800 2852 1038 2907 comminationem
1075 2846 1162 2908 ettae
1182 2853 1236 2907 fide
1255 2854 1337 2923 hujus
1357 2851 1484 2905 beneficii
1509 2854 1660 2924 participes
1687 2853 1851 2915 reddantnr;
1886 2854 1967 2909 multi

265 2937 449 3005 justissimam
479 2941 507 2989 et
536 2936 738 2990 veracissimam
766 2937 923 2990 immediate
956 2912 1213 3009 conjunctaletiam
1231 2959 1264 2994 ex
1284 2939 1347 3003 illis,
1369 2939 1414 3008 qui
1436 2938 1492 2993 lide
1511 2937 1562 2992 hoc
1583 2938 1747 2993 beneficium
1767 2938 1819 2992 sibi
1840 2940 1966 3009 applica·

270 3023 323 3076 fuit
341 3040 414 3075 mors
433 3028 553 3078 aeterna.
588 3023 675 3093 Atqui
700 3023 818 3077 Satanas
843 3024 1024 3079 mendacibus
1047 3027 1103 3079 suis
1116 3000 1118 3068 i
1130 3033 1202 3088 runt,
1221 3025 1373 3095 patiuntur,
1391 3041 1408 3077 a
1426 3023 1536 3077 diabolo
1551 3024 1697 3079 seductore
1714 3024 1764 3079 sibi
1779 3023 1880 3079 iterum
1895 3026 1965 3080 illud

270 3108 412 3178 promissis
430 3106 568 3161 hominem
581 3109 726 3177 permovit,
746 3115 776 3161 ut
792 3125 842 3178 per
856 3112 1102 3182 transgressionem
1116 3141 1118 3181 t
1131 3112 1198 3181 eripi
1219 3111 1286 3163 Luc.
1311 3116 1350 3178 11,
1369 3129 1394 3166 v.
1415 3114 1455 3164 26.
1476 3115 1499 3166 2.
1519 3110 1592 3163 Ρειι.
1613 3117 1637 3174 2,
1658 3129 1685 3163 v.
1703 3116 1744 3166 20.
1778 3109 1882 3182 Utique
1900 3129 1968 3183 ergo

269 3194 409 3264 praecepti
430 3194 523 3248 aDeo
541 3202 664 3248 creatore
684 3211 743 3248 sese
760 3201 911 3258 averteret,
938 3205 969 3250 ut
995 3203 1104 3252 constat
1116 3186 1119 3213 ⁷
1131 3214 1215 3252 causa
1234 3196 1418 3250 damnationis
1436 3203 1464 3249 et
1484 3204 1613 3249 aeternae
1631 3198 1727 3252 mortis
1744 3197 1765 3250 si
1782 3212 1839 3250 uon
1853 3215 1886 3252 ex
1900 3204 1967 3263 toto,

269 3296 302 3333 ex
323 3280 439 3333 historia
463 3279 557 3349 lapsus
581 3279 681 3335 Genea.
699 3285 723 3335 3.
760 3279 834 3350 Ergo
859 3282 941 3334 etiam
967 3281 1223 3338 hominem‘tamen
1243 3299 1275 3335 en
1295 3289 1373 3350 parte
1398 3288 1472 3335 reete
1497 3281 1628 3335 tribuitur
1653 3282 1778 3351 diabolo,
1804 3282 1853 3354 qui
1880 3284 1969 3338 modis

270 3366 298 3418 in
315 3372 431 3420 mortem
450 3370 588 3420 aeternam
609 3366 804 3435 praecipitavit
821 3372 849 3420 et
867 3385 917 3437 per
934 3385 1104 3439 consequens
1117 3418 1119 3465 7
1131 3368 1232 3439 quibus
1252 3373 1343 3436 potest
1362 3366 1490 3419 omuibus
1510 3367 1645 3436 prohibet,
1664 3386 1699 3422 ne
1723 3386 1755 3423 ex
1776 3367 1906 3423 infernali
1924 3385 1968 3424 ca·

270 3468 287 3503 a
311 3467 396 3505 causa
420 3451 606 3507 damnationis
633 3451 690 3505 sive
715 3453 811 3505 mortis
839 3459 967 3507 aeternae
996 3455 1103 3508 excludi
1117 3524 1118 3529 ἵ
1131 3454 1259 3524 ptivitete
1279 3458 1392 3520 exeant,
1419 3452 1520 3521 quibus
1538 3453 1730 3508 liberationem
1750 3453 1880 3509 Christus
1907 3473 1969 3526 pro-

270 3538 374 3607 nequit.
411 3540 436 3605 2)
455 3539 502 3590 Ea
522 3537 682 3590 Salvatordr
700 3539 862 3591 arcemone.
889 3539 953 3594 Joh.
973 3545 995 3608 8,
1013 3559 1037 3592 v.
1057 3547 1104 3596 44:
1117 3568 1119 3628 7
1132 3540 1241 3607 meruit,
1267 3539 1315 3593 sed
1334 3544 1509 3607 peccatorum
1529 3538 1647 3593 vinculis
1665 3540 1807 3594 constricti
1829 3547 1858 3595 et
1874 3540 1968 3597 innexi

272 3623 413 3679 Diabolus
444 3630 483 3674 eet
513 3619 746 3694 ἀνθρωποκτόνος
777 3625 813 3675 ad
840 3625 934 3692 initio,
975 3626 1188 3705 nimirumttoto
1207 3626 1280 3679 vitae
1298 3630 1422 3693 tempore
1441 3632 1585 3691 maneant,
1609 3626 1652 3680 vel
1677 3625 1699 3679 si
1728 3643 1760 3680 ex
1788 3626 1843 3680 illis
1875 3627 1970 3681 diuino

272 3709 337 3778 quia
353 3709 382 3762 in
403 3713 517 3762 mortem
540 3725 595 3761 non
622 3709 708 3763 solum
731 3711 921 3779 temporalem,
944 3711 993 3764 sed
1020 3710 1270 3788 etiam}adjut0n'o
1289 3709 1401 3763 eluctati
1420 3709 1506 3775 fuere,
1521 3710 1634 3763 summis
1652 3710 1757 3764 viribus
1776 3719 1894 3766 conatur
1909 3729 1969 3768 eos·

271 3802 411 3849 aeternam
435 3811 484 3863 per
508 3800 652 3863 peccatum
677 3794 814 3849 hominem
838 3797 1039 3865 praecipitavit.
1078 3799 1104 3866 3)
1132 3799 1193 3851 dem
1214 3799 1241 3850 in
1263 3797 1405 3865 pristinam
1425 3795 1614 3865 captivitatem
1640 3795 1772 3850 reducere
1796 3802 1824 3850 et
1852 3798 1969 3853 damua-

273 3883 319 3935 Ea
355 3880 425 3933 libri
458 3880 622 3947 Sapientiae
654 3882 840 3937 consensione.
878 3883 942 3951 Sap.
963 3888 988 3945 2,
1013 3901 1039 3938 v.
1059 3870 1214 3944 23:{tionis
1235 3899 1302 3936 suso
1321 3887 1462 3935 consortes
1481 3881 1581 3935 facere.
1619 3889 1640 3936 1.
1660 3881 1735 3936 Ρειι.
1755 3889 1779 3946 5,
1800 3900 1826 3939 v.
1844 3889 1874 3939 8:
1893 3886 1968 3938 Dia·

274 3972 352 4021 Deos
371 3967 476 4021 ereoed
487 3967 623 4020 hominem
644 3965 693 4021 ἐπ’
708 3965 874 4043 ἀφθαρσίᾳ
894 3987 918 4022 v.
932 3975 973 4024 24.
997 3971 1105 4024 invidie
1117 3957 1120 4027 ἶ
1132 3972 1212 4024 botre
1229 3977 1361 4036 tanquam
1379 3968 1423 4020 leo
1440 3967 1552 4035 rapiens
1567 3968 1702 4029 circumit,
1721 3984 1870 4039 quamne,
1888 3987 1969 4041 quens

271 4063 365 4109 autern
384 4054 496 4107 diaboli
513 4072 586 4108 ιιοιι
607 4056 723 4109 intrauit
741 4057 771 4107 s'n
783 4059 923 4125 mandam,
943 4039 1121 4132 illascilieet:
1134 4055 1287 4124 deglutiat,
1318 4054 1343 4106 h.
1364 4070 1385 4107 e.
1406 4070 1488 4124 quern
1514 4053 1541 4105 ln
1566 4052 1725 4107 barathrum
1751 4053 1851 4110 inferni
1875 4073 1968 4111 secum

271 4157 352 4207 mors,
373 4157 456 4210 quam
476 4139 581 4194 homiui
598 4146 776 4210 praeceptum
795 4141 919 4195 divinum
938 4143 1107 4213 transgredi·
1120 4203 1122 4207 v
1133 4139 1286 4195 absorbeat.
1842 4138 1848 4148 “

272 4228 329 4281 euti
347 4226 423 4280 Deus
443 4225 536 4280 fuerat
554 4227 743 4281 comminatus.
771 4227 812 4279 Ea
830 4243 895 4281 vero
913 4244 967 4281 nou
982 4234 1025 4282 est
1038 4228 1122 4282 dun-⁴
1169 4231 1208 4281 29.
1246 4231 1269 4279 2.
1285 4226 1416 4277 Hominia
1435 4225 1623 4293 delinquentiis
1643 4226 1738 4295 erslpa.
1775 4225 1875 4295 Neque
1895 4228 1968 4283 enim
1983 4247 2023 4287 ar

271 4321 349 4367 taxat
369 4330 441 4366 mors
461 4313 635 4380 tenporalir,
656 4313 704 4366 sed
723 4313 806 4366 etium
825 4321 948 4378 naono,
967 4310 1032 4384 qnia
1045 4331 1105 4384 pec·
1121 4287 1313 4381 {cogitandum
1339 4317 1393 4376 est,
1420 4309 1512 4363 Deum
1538 4326 1572 4364 ex
1601 4309 1729 4364 absoluto
1757 4311 1878 4382 quodam
1907 4299 2023 4398 odiogff,

271 4406 363 4454 catum
391 4404 488 4451 eontra
516 4398 607 4453 Deum
637 4398 773 4452 infinitum
802 4397 905 4452 bonurn
934 4398 1295 4467 commissumivelprimos
1314 4397 1447 4458 homines,
1468 4397 1511 4451 vel
1531 4397 1665 4466 quosdam
1685 4397 1860 4468 exipsorum
1880 4402 2023 4469 poste-vab

273 4491 315 4538 est
334 4482 473 4537 infinitum
492 4484 602 4550 malum,
624 4501 657 4538 ac
678 4484 796 4554 proinde
815 4502 869 4539 non
889 4485 976 4539 solum
1002 4493 1106 4555 tempo·
1134 4485 1171 4538 ris
1188 4485 1224 4537 ad
1246 4483 1449 4538 damnationem
1468 4500 1589 4546 creasse,
1615 4484 1664 4538 sed
1684 4500 1769 4538 causa
1787 4484 1972 4542 damnationis

244 4644 247 4648 Ι
272 4570 352 4637 rales,
369 4569 419 4623 sed
438 4569 521 4622 etiam
539 4586 572 4623 ac
592 4571 636 4623 vel
655 4571 774 4625 mamme
789 4577 915 4626 aeternas
932 4586 1034 4640 poenas
1047 4590 1109 4641 pro·
1121 4533 1123 4661 ξ
1135 4570 1302 4632 immediata,
1321 4569 1445 4638 proxima
1464 4576 1491 4622 et
1512 4570 1669 4640 adaequata
1697 4571 1724 4623 in
1749 4569 1861 4625 homine
1890 4587 1971 4642 quee-

273 4662 400 4709 meretur.
436 4655 463 4723 t)
491 4657 538 4709 Ea
564 4655 675 4708 diaboli
701 4658 932 4712 denominatione.
970 4656 1057 4711 Hebr.
1083 4664 1106 4723 2,
1120 4658 1220 4711 ³renda
1240 4663 1288 4710 est.
1325 4655 1388 4709 Ose.
1410 4659 1449 4720 13,
1468 4672 1493 4707 v.
1513 4661 1544 4709 ιιι
1574 4657 1704 4710 Perditio
1722 4666 1770 4710 tao
1788 4674 1821 4710 ee
1839 4665 1871 4712 te.
1910 4659 1973 4715 Siva

273 4761 298 4797 v.
322 4749 358 4797 14.
380 4741 415 4794 de
435 4740 548 4795 diabolo
567 4741 677 4809 dicitur,
694 4743 770 4812 quod
785 4741 889 4797 habeat
903 4742 935 4797 τὸ
945 4740 1046 4817 κράτος
1057 4748 1109 4798 τοῦ
1134 4743 1206 4797 ειιίιιι
1226 4743 1328 4812 primos
1345 4740 1484 4808 homines,
1509 4740 1567 4794 sive
1586 4747 1712 4810 posteros
1737 4743 1859 4811 ipsorum
1884 4743 1969 4814 respi-

273 4825 408 4894 ttavrirov,
429 4827 622 4896 imperiumne
642 4827 727 4881 robur
744 4828 848 4892 mortis,
875 4845 929 4882 non
948 4828 1107 4897 temporalis
1120 4846 1122 4877 ι
1134 4829 1247 4896 ciamus,
1265 4827 1413 4896 utrobique
1432 4826 1612 4894 inveniemus,
1631 4842 1677 4881 eos
1693 4827 1746 4881 sibi
1767 4828 1834 4898 ipsis
1853 4835 1968 4884 mortem

272 4920 380 4968 tantum
401 4912 450 4966 sed
468 4913 552 4966 etiam
573 4922 709 4968 aeternae.
746 4913 848 4968 Confer
868 4930 916 4980 ea,
941 4930 1013 4983 quae
1032 4915 1108 4968 dicta
1133 4922 1272 4969 aeternam
1300 4912 1420 4983 peccatis
1451 4913 1508 4966 suis
1538 4913 1683 4968 attrahere.
1730 4914 1814 4967 Primi
1846 4915 1970 4970 homiues

273 5004 338 5052 sunt
357 4999 385 5052 in
404 5003 483 5053 tract
502 4999 537 5053 de
557 5006 644 5053 morte
661 5000 684 5066 ξ.
704 5004 744 5054 21.
772 4999 821 5052 illa
847 4999 919 5052 enim
944 4998 1036 5052 omnia
1059 5017 1109 5069 per
1120 5001 1122 5065 ζ
1134 5000 1294 5055 mandatum
1313 5016 1330 5051 a
1350 4997 1410 5052 Deo
1431 5007 1596 5068 acceperant
1614 5000 1649 5054 ds
1666 5016 1721 5054 non
1740 5000 1913 5057 comedendo
1925 5016 1968 5055 vs·

274 5084 412 5156 quandam
432 5083 588 5155 analogiam
614 5091 643 5137 et
666 5084 893 5154 consequentiam
920 5083 975 5137 huc
1002 5101 1107 5139 accom-
1133 5089 1203 5142 titas
1223 5085 1329 5140 arboris
1349 5085 1441 5139 fructu
1459 5085 1556 5140 addita
1571 5086 1792 5156 comminatione,
1812 5090 1892 5158 quood
1904 5105 1968 5158 qne·

273 5172 377 5231 mederi
398 5177 522 5241 possunt.
1135 5189 1240 5241 artaque
1259 5173 1307 5225 die
1325 5189 1357 5224 es:
1376 5190 1408 5224 ea
1429 5173 1615 5234 comederint,
1641 5183 1730 5226 morte
1747 5174 1804 5226 sint
1829 5175 1967 5242 monstrari,

307 5265 348 5314 28.
385 5257 468 5311 Hisce
490 5262 609 5327 quatuor
626 5255 813 5309 fundamentis
838 5256 902 5309 addi
928 5264 1045 5325 possunt
1068 5242 1160 5316 ιιι-111.
1173 5275 1196 5311 e.
1215 5259 1360 5327 temporali
1380 5266 1408 5313 et
1427 5265 1556 5313 aeternae
1574 5260 1655 5314 morti
1674 5258 1786 5313 obnoxii
1800 5259 1888 5315 futuri
1900 5259 1966 5316 Gen.

273 5361 356 5414 super
375 5344 443 5406 alia,
472 5348 566 5411 utpote
595 5343 618 5407 1)
639 5341 839 5411 apocalyptica
862 5343 941 5395 nisio.
977 5341 1066 5411 Apoc.
1085 5351 1108 5410 e,
1136 5352 1159 5411 2,
1180 5363 1204 5398 v.
1226 5352 1264 5399 11.
1302 5346 1374 5408 Quia
1401 5362 1467 5415 ergo
1491 5342 1594 5398 diaboli
1620 5344 1779 5399 seducentis
1808 5346 1968 5416 impulsus

274 5449 300 5487 v.
319 5438 349 5486 8:
380 5433 453 5484 Ecce
477 5446 563 5497 equae
584 5426 730 5495 pallidas,
759 5437 783 5481 et
808 5431 857 5496 qai
881 5429 995 5482 sedebat
1022 5414 1196 5498 saperlDeo
1214 5437 1337 5484 creatore
1356 5437 1385 5483 et
1400 5436 1497 5484 sancto
1515 5431 1602 5498 ipsius
1619 5432 1749 5486 mandato
1777 5446 1839 5485 sese
1864 5437 1966 5486 averte·
