4050 6014
226 285 289 343 tte
874 274 1105 338 nectarus
1126 275 1273 337 sextus

229 429 676 501 compressansteneras,
694 431 894 502 quamaccipit
907 431 1064 497 Ζασλαιιιι,
1092 445 1162 494 msa.
1201 436 1226 491 2.
1251 430 1382 486 Glom'oen
1402 432 1552 499 fidelitatis
1576 433 1764 488 actoritatis.
1796 431 1877 487 Deus
1902 430 1933 487 iu

229 519 332 573 matur
342 518 501 589 peccatrice,
512 517 640 572 Lanam
659 525 684 572 et
701 518 757 572 olii
771 524 824 573 etc.
1092 515 1184 580 serbo
1197 517 1336 588 evangelii
1360 517 1537 575 credentibus
1562 518 1593 573 in
1611 517 1751 573 l'irristum
1769 517 1934 587 spiritualia

1091 617 1125 661 sc
1144 601 1278 657 conaris
1289 602 1427 658 benefida
1437 602 1519 659 offert
1530 619 1614 674 sanas
1626 603 1654 659 in
1673 604 1826 674 plenariam
1839 612 1933 671 aeter-

1091 703 1145 745 nae
1164 687 1327 746 beredtatis
1351 690 1550 759 possessiouem
1576 689 1687 769 eosdem
1704 689 1933 753 introductarum

508 830 695 901 ossus
730 824 789 886 Π·
1091 774 1933 931 lzllitt‘etttttttttrite?felte?

385 980 438 1036 DE
456 978 548 1035 FINE
566 978 684 1037 VITAE
700 977 915 1035 AETERNAE.
1091 954 1167 1001 fluat·
1190 952 1214 1004 l·
1233 945 1295 1003 001¹.
1318 952 1342 1013 ¹5
1360 964 1385 1004 V.
1406 950 1438 1003 82
1465 946 1648 1009 confinitimi
1669 965 1718 1003 2¹08
1737 950 1817 1003 Dm
1840 963 1932 1014 1484150

1092 1031 1121 1084 ia
1144 1033 1227 1094 baem
1243 1033 1305 1087 sine
1327 1032 1445 1089 crimine
1469 1033 1501 1087 in
1525 1034 1572 1086 die
1597 1034 1717 1087 Domini
1739 1033 1833 1087 nostri
1855 1033 1934 1086 Jasu

78 1113 216 1209 fflm·
231 1148 233 1153 ·
250 1124 322 1174 vitii.
358 1118 476 1189 ligimus
493 1116 629 1173 hactenus
649 1117 684 1171 de
703 1135 790 1173 casua
809 1118 958 1186 aspiciente,
980 1124 1065 1169 mate·
1094 1118 1209 1174 Clsristi.
1239 1134 1266 1175 r.
1295 1123 1320 1173 n.
1360 1118 1472 1173 Fidelis
1504 1119 1597 1182 Deus,
1626 1135 1681 1190 pes·
1716 1136 1797 1188 auem
1832 1121 1934 1172 moaci

195 1194 204 1231 ³
228 1206 277 1258 ria
295 1213 321 1258 et
335 1208 438 1274 sarna
458 1203 534 1261 vitae
550 1210 695 1270 aeternae,
720 1209 821 1271 restat,
836 1209 867 1259 ut
884 1202 921 1259 ad
940 1202 1064 1273 ejusdem
1091 1203 1164 1258 estis.
1183 1218 1245 1272 cap.
1268 1208 1308 1268 lu,
1325 1220 1352 1259 s.
1374 1209 1417 1261 1³:
1440 1204 1553 1259 diaetis
1569 1212 1608 1259 est
1623 1207 1709 1271 oea,
1724 1204 1774 1273 qui
1791 1223 1848 1259 naa
1859 1206 1932 1258 sinit

116 1330 120 1338 ·
228 1294 312 1357 baem
331 1306 472 1349 aocmsunt
497 1290 639 1346 iaciamus
678 1289 756 1344 Finis
777 1290 851 1345 vitae
868 1299 998 1345 aeternae
1016 1288 1063 1343 do·
1090 1307 1140 1344 uos
1157 1290 1263 1343 tentari
1273 1307 1362 1358 aspra
1377 1291 1419 1357 id,
1437 1292 1515 1358 quod
1527 1291 1771 1360 patestissuffere.
1793 1290 1931 1348 lunas.

229 1377 310 1432 cendi
325 1393 410 1431 cansa
420 1375 524 1444 duplex
536 1375 621 1430 statui
636 1380 736 1445 potest,
752 1374 924 1446 principalis
940 1393 974 1426 aa
991 1393 1063 1441 snm·
1091 1381 1159 1438 Μ.
1180 1380 1227 1434 tt:
1248 1375 1367 1430 Fidelis
1389 1383 1444 1444 est,
1472 1376 1523 1444 gui
1544 1377 1654 1432 uacauit
1676 1394 1738 1446 sos,
1768 1379 1818 1445 gui
1840 1378 1931 1431 stiam

229 1480 292 1516 mus
304 1462 364 1528 Dei,
380 1463 521 1532 proximus
534 1461 758 1515 aeintermestius
771 1461 877 1530 piorum
890 1459 1063 1531 glorificatio,
1089 1461 1187 1523 faciet
1226 1466 1250 1517 2.
1269 1460 1366 1516 Thess.
1384 1465 1408 1528 ³,
1428 1479 1453 1514 v.
1467 1466 1496 1517 ³:
1516 1462 1626 1516 dictetis
1647 1471 1688 1518 est
1708 1464 1858 1529 Daninus,
1877 1463 1933 1530 oui

536 693 753 703 ----—--

229 1548 424 1615 (diversimode
438 1553 529 1600 nmen
549 1553 673 1616 accepta,
692 1552 724 1600 ut
741 1561 774 1600 ex
793 1544 974 1615 sequentibus
987 1556 1063 1615 pate-
1091 1547 1266 1610 confirmabit
1280 1565 1330 1603 aas
1345 1548 1520 1613 elcostodiet
1532 1568 1552 1602 a
1570 1549 1657 1605 maio.
1686 1556 1705 1604 1.
1718 1548 1792 1605 Petr.
1807 1554 1868 1614 5,,ν.
1881 1552 1930 1603 lb:

228 1633 293 1704 bit)
343 1633 460 1698 Quando
486 1633 559 1686 enim
588 1631 803 1702 benignissimus
828 1631 912 1686 Pater
936 1632 1063 1688 coelestis
1091 1634 1170 1685 Deus
1184 1634 1831 1702 ananuyratiae,aaiaocaoitcasiaaetsrnam
1843 1652 1930 1688 saum

138 1708 141 1714 ’
229 1719 337 1773 animas
362 1719 471 1789 piarum
495 1725 559 1787 past
583 1728 698 1772 mortem
724 1718 753 1770 in
778 1717 923 1773 caelestem
947 1717 1062 1787 gloriam
1089 1718 1210 1786 atatam
1228 1721 1259 1774 in
1271 1717 1383 1774 Christo
1398 1721 1479 1785 Jesa,
1493 1722 1632 1775 modicum
1652 1738 1757 1790 passas
1775 1721 1836 1788 ipse
1860 1736 1930 1788 per-

228 1800 360 1859 usnsfsit
383 1803 452 1859 Luc.
474 1809 513 1863 16.
534 1819 558 1858 ι.
580 1808 621 1858 22.
647 1803 816 1874 easdemque
841 1803 870 1856 in
895 1802 941 1856 die
962 1803 1062 1872 judicii
1089 1804 1177 1869 ficiat,
1212 1812 1382 1876 καταρτίσει,
1414 1810 1549 1878 στηρίξει,
1582 1803 1725 1871 σθενώσει,
1753 1801 1930 1874 θεμελιώσει.

229 1891 391 1960 corporibus
411 1889 554 1945 restitutas
569 1907 618 1959 per
632 1888 774 1944 Christum
792 1889 820 1943 in
839 1888 1061 1967 acdestislregni
1090 1894 1113 1944 3.
1137 1888 1270 1945 Gloriam
1296 1893 1519 1960 omnipotentiae.
1557 1892 1632 1957 Quas
1653 1892 1728 1947 Deus
1750 1891 1781 1946 in
1803 1893 1864 1947 vita
1879 1909 1931 1948 ae·

228 1978 430 2047 passemouem
448 1981 531 2031 vocat
549 1974 646 2030 Mat-th.
661 1981 702 2038 ts.
721 1994 746 2032 v.
759 1980 799 2032 tt.
819 1984 886 2031 tunc
903 1993 957 2030 uon
972 1975 1061 2031 solnm
1089 1984 1168 2031 terna
1186 1974 1361 2047 glorificabit,
1380 1977 1443 2031 illos
1461 1979 1497 2032 ab
1516 1987 1628 2035 aeterno
1649 1978 1677 2034 iu
1698 1977 1807 2032 Christo
1825 1979 1863 2033 ad
1880 1994 1928 2032 sa·

229 2064 290 2134 pios
309 2063 338 2117 in
351 2062 489 2117 Christum
507 2072 763 2132 perseveranterac
781 2060 901 2116 firmiter
918 2061 1061 2117 credentes
1089 2062 1174 2116 lutem
1190 2063 1289 2133 elegit,
1314 2062 1392 2118 Ram.
1411 2075 1434 2129 a,
1457 2081 1483 2116 v.
1502 2068 1544 2118 tu.
1570 2063 1642 2134 pr.
1662 2070 1684 2132 1,
1704 2082 1727 2120 v.
1746 2069 1771 2118 t.
1788 2063 1852 2119 Hoc
1870 2061 1929 2118 Dei

231 2148 370 2220 glorificat
389 2147 468 2204 Ram.
491 2152 515 2211 8,
533 2165 559 2203 s.
580 2152 621 2202 30.
640 2146 693 2202 bac
713 2155 754 2202 est
779 2147 924 2202 acelutem
944 2148 1062 2219 gloriam
1089 2148 1234 2202 canalium
1246 2165 1280 2202 ae
1292 2149 1432 2203 decretum
1449 2149 1637 2220 diabolusper
1651 2166 1703 2205 sua
1720 2166 1826 2220 organa
1841 2149 1930 2203 iuter·

228 2234 298 2306 ipsis
326 2234 433 2289 cossiert
458 2239 487 2289 et
517 2233 570 2287 hac
596 2233 703 2287 ratione
731 2231 839 2288 labores
867 2242 896 2287 et
919 2232 1061 2303 passiones
1090 2240 1198 2288 vertere
1217 2242 1245 2289 et
1261 2250 1398 2288 summum
1419 2233 1494 2289 hunc
1514 2233 1673 2303 thesaurum
1693 2235 1790 2290 salutis
1809 2233 1928 2288 creden·

229 2336 333 2387 omues,
352 2337 422 2390 quas
442 2320 469 2374 in
489 2319 542 2374 hac
559 2319 617 2374 sita
628 2326 743 2389 propter
754 2318 845 2389 ipsum
862 2319 1062 2387 sustinuerunt,
1089 2318 1166 2374 tibus
1177 2319 1283 2390 eripere
1296 2320 1385 2375 modia
1397 2320 1524 2375 omuibus
1534 2320 1684 2386 annititur,
1705 2321 1817 2391 qnando
1836 2320 1929 2390 igitur

170 2404 176 2415 “
228 2408 389 2478 plusquam
406 2405 562 2476 largissime
576 2405 673 2460 iisdem
690 2411 852 2474 compensat
869 2421 940 2460 vers.
959 2410 997 2461 ts,
1013 2404 1062 2460 aed
1091 2405 1165 2459 Deus
1183 2411 1247 2461 actu
1267 2406 1295 2460 in
1310 2406 1370 2461 rita
1388 2417 1502 2461 aeterna
1519 2407 1582 2476 pias
1600 2405 1750 2478 glorificat,
1768 2405 1928 2476 potentiam

229 2493 313 2548 micro
334 2509 364 2546 se
380 2492 469 2562 ipsum
482 2489 628 2562 glorificat,
648 2491 701 2545 hcc
716 2500 759 2545 est
771 2491 886 2562 gloriam
908 2509 986 2545 suam
1005 2507 1060 2543 ma·
1089 2506 1167 2544 auam
1184 2490 1395 2548 manifestati.
1415 2491 1536 2547 'limatis
1551 2499 1573 2557 t,
1592 2511 1618 2548 v.
1639 2498 1683 2549 tn:
1705 2493 1780 2561 Scia,
1800 2494 1849 2545 cui
1864 2509 1928 2546 cre·

229 2578 351 2640 uifestat,
372 2577 445 2632 unde
465 2578 523 2631 vita
534 2585 648 2633 aeterna
665 2584 781 2631 vacatur
797 2578 893 2643 pluria
908 2579 965 2632 Dei
981 2575 1061 2631 Rom
1088 2576 1161 2644 didi,
1181 2585 1207 2630 et
1224 2586 1316 2633 certus
1333 2596 1402 2646 sum,
1420 2581 1497 2646 gssod
1512 2579 1537 2633 is
1552 2580 1642 2650 possit
1658 2580 1817 2648 ἀφοιίειιιιι
1832 2596 1925 2632 meram

227 2670 252 2729 b,
273 2681 298 2718 r.
319 2671 343 2719 2.
361 2672 477 2718 asiana
496 2666 556 2719 Dei
571 2664 667 2733 gloria
689 2669 710 2719 1.
727 2663 803 2718 Petr.
822 2669 846 2727 b,
867 2681 891 2716 v.
915 2669 954 2719 tt.
972 2663 1061 2718 lieni·
1087 2679 1253 2717 conservare
1276 2679 1364 2734 usque
1382 2666 1425 2718 ad
1448 2665 1523 2717 diem
1548 2664 1639 2719 iiluna
1665 2670 1685 2722 t.
1705 2665 1782 2720 Patr.
1803 2670 1825 2730 1,
1847 2683 1872 2719 v.
1892 2671 1926 2721 ba

226 2751 311 2806 tutat
337 2756 430 2805 mrem
460 2756 483 2806 1.
513 2751 634 2818 pieriam
661 2750 810 2803 immensae
838 2750 1061 2814 misericordiae,
1093 2747 1199 2802 Virtute
1224 2749 1284 2803 Dei
1315 2750 1499 2804 custodimini
1525 2767 1580 2820 par
1604 2753 1693 2820 fidem
1725 2755 1767 2806 ad
1793 2750 1926 2804 samem

228 2837 360 2891 bonitatis
386 2854 420 2890 aa
439 2836 633 2906 benipnitatis,
661 2835 735 2906 quad
752 2835 789 2890 sit
803 2852 940 2891 summum
957 2834 1059 2889 bonum
1088 2843 1110 2891 t.
1134 2834 1266 2889 Gloriam
1275 2836 1440 2903 sapientias.
1469 2835 1547 2890 Deus
1566 2836 1603 2893 ab
1621 2845 1734 2893 aeterua
1751 2836 1923 2907 sapientissi-

225 2922 270 2978 sui
288 2923 407 2977 maxime
426 2922 584 2978 diffusirnm
603 2938 637 2975 ac
657 2921 928 2977 communicativum.
962 2921 1061 2991 Neque
1087 2937 1162 2974 mum
1180 2920 1246 2976 fecit
1265 2921 1405 2975 decretum
1430 2922 1466 2976 de
1488 2921 1599 2976 homine
1618 2922 1654 2976 ad
1673 2922 1824 2993 imaginem
1843 2938 1923 2977 suam

225 3009 298 3063 enim
314 3008 427 3063 coelesti
442 3008 577 3063 felicitate
589 3007 664 3063 solus
681 3007 786 3078 perfrui
798 3007 894 3072 saluit,
913 3008 1059 3063 sedetiam
1087 3022 1120 3061 ac
1138 3006 1256 3076 proinde
1267 3007 1350 3061 etiem
1367 3006 1402 3060 ad
1414 3005 1524 3061 beatam
1539 3007 1773 3062 immortalitatem
1790 3010 1926 3079 creando,

226 3102 367 3150 creaturas
387 3095 535 3149 rationales
555 3094 679 3163 ejusdem
700 3093 851 3163 participes
869 3092 969 3158 iacere,
991 3111 1059 3165 quas
1086 3108 1118 3144 ac
1138 3093 1205 3162 quia
1217 3093 1367 3162 praevidit,
1389 3091 1526 3147 hominem
1552 3093 1682 3148 satanicis
1706 3092 1853 3149 fraudibus
1874 3094 1921 3149 de·

225 3181 342 3250 proinde
364 3181 401 3234 ad
426 3181 574 3250 imaginem
601 3196 678 3232 suem
707 3178 819 3233 creavit
862 3178 921 3234 Nec
946 3180 1059 3251 angelos
1086 3186 1198 3247 ceptum
1224 3179 1254 3232 in
1280 3184 1397 3249 paccata
1422 3179 1631 3247 prolapsurum,
1656 3179 1718 3233 ideo
1745 3179 1781 3234 ab
1807 3190 1922 3236 ostano

162 3288 165 3292 ’
225 3265 328 3331 salum,
356 3267 405 3320 sed
428 3266 511 3321 etiam
537 3265 662 3320 homines
685 3264 866 3320 beatitudinis
894 3281 960 3320 snae
983 3278 1059 3322 certo
1086 3263 1152 3318 iacit
1174 3264 1314 3320 decretum
1338 3264 1384 3333 de,
1398 3263 1567 3319 redembcne
1589 3265 1699 3335 generis
1727 3265 1841 3320 humani
1871 3284 1922 3337 per

226 3352 322 3415 mado,
350 3353 397 3422 qui
425 3352 453 3405 in
480 3357 621 3406 creaturas
644 3350 743 3404 cadere
761 3355 867 3419 potest,
889 3350 976 3407 soluit
998 3368 1058 3408 esse
1087 3349 1227 3404 Christum
1250 3350 1445 3413 mediatorem,
1469 3350 1504 3403 de
1532 3349 1680 3407 afferendis
1699 3352 1759 3420 ejus
1778 3349 1921 3407 beneflciis

225 3444 381 3507 consortes,
406 3453 458 3492 nec
480 3439 570 3492 solum
595 3436 697 3507 primos
723 3436 847 3491 homines
872 3437 909 3490 ad
928 3437 972 3492 sui
991 3439 1057 3494 ima·
1085 3435 1113 3489 in
1131 3434 1217 3490 verbo
1234 3434 1373 3504 evangelii
1391 3435 1519 3489 omnibus
1539 3435 1705 3504 hominibus,
1723 3438 1760 3491 de
1778 3437 1923 3492 salvandis

224 3523 319 3594 gisem
344 3540 377 3578 se
401 3523 517 3592 proinde
534 3521 672 3576 etiamad
690 3527 829 3576 aemrnam
848 3521 1010 3577 felicitatem
1031 3533 1059 3579 et
1085 3528 1113 3576 et
1124 3521 1314 3593 glorificandis
1326 3520 1381 3574 illis
1393 3520 1530 3589 amnibus,
1549 3527 1687 3593 quotquot
1704 3522 1819 3577 verbum
1836 3541 1918 3579 evau-

225 3610 340 3680 glan'am
360 3608 497 3676 condidit,
523 3609 573 3662 sed
599 3607 709 3662 easdem
735 3607 817 3661 etiam
844 3624 905 3664 cum
930 3609 1058 3664 omnibus
1083 3607 1145 3674 gelli
1158 3606 1377 3675 audiuntfidem
1390 3606 1563 3677 perSpiritus
1576 3609 1665 3662 mucii
1678 3607 1831 3663 eiiicaciam
1843 3625 1920 3664 exeo

224 3696 343 3765 posteris
363 3697 390 3748 in
403 3702 547 3764 peccatum
560 3692 703 3764 prolapsos
716 3710 765 3761 per
780 3692 918 3748 Christum
934 3695 1056 3760 redemit,
1084 3693 1244 3763 canmpiuut
1258 3700 1286 3747 ct
1299 3693 1327 3748 in
1339 3692 1394 3747 fide
1404 3693 1440 3746 ad
1453 3692 1535 3748 hem
1549 3711 1637 3764 usque
1648 3693 1721 3749 vitae
1734 3703 1919 3764 perseverant

222 3788 256 3835 ut
279 3781 316 3835 ad
345 3780 471 3836 caelestis
490 3780 569 3849 regni
587 3779 801 3848 possessionem,
829 3782 909 3851 cujus
925 3782 988 3850 jure
1007 3796 1057 3851 per
1084 3780 1202 3844 Quando
1227 3778 1312 3850 igitur
1336 3779 1413 3833 Deus
1439 3778 1491 3834 hoc
1518 3780 1749 3850 sapientissimum
1777 3783 1921 3837 decretum

221 3865 331 3936 lapsum
342 3866 442 3935 privati
454 3871 542 3929 erasst,
563 3865 663 3919 iterum
675 3865 820 3935 adspirare
832 3874 946 3936 possent
977 3865 1055 3930 Quae
1086 3865 1182 3919 ultimo
1194 3862 1402 3935 glorificationis
1421 3871 1486 3919 actu
1503 3865 1635 3936 complet,
1656 3867 1822 3936 sapientiam
1840 3885 1918 3923 suam

103 3966 150 4010 xx.
162 3966 211 4012 tlt.
223 3952 316 4006 omnia
336 3950 543 4006 evidentissima
561 3949 673 4004 divinae
693 3957 799 4020 gratiae
814 3957 842 4004 et
854 3951 1058 4006 misericordiae
1084 3952 1144 4021 ipsa
1158 3950 1420 4006 iactademaustrat
1440 3950 1512 4021 Eph.
1522 3956 1579 4019 3‚v.
1590 3957 1619 4008 9:
1633 3954 1806 4007 illuminare
1815 3972 1921 4019 amaa,

224 4033 443 4111 suntrsapipsa.
471 4034 541 4102 Eph.
557 4041 579 4099 t,
596 4040 663 4090 ab:
680 4036 833 4089 Benediait
850 4038 1058 4091 nobisiaamni
1085 4055 1157 4106 qnae
1174 4037 1212 4091 sit
1230 4037 1403 4108 dispensatio
1424 4041 1595 4091 sacramenti
1607 4038 1769 4093 absconditi
1787 4041 1920 4095 asarota

223 4122 413 4176 benedictione
428 4121 576 4189 spirituali
585 4123 615 4174 in
626 4122 797 4188 cantatibus,
810 4140 836 4177 v.
850 4127 872 4177 4.
888 4123 959 4176 aaut
973 4122 1057 4193 clepit
1084 4125 1114 4176 in
1134 4125 1206 4191 Dea,
1227 4140 1252 4178 v.
1278 4128 1316 4178 tt.
1343 4131 1373 4176 nt
1394 4123 1550 4177 montescot
1576 4142 1650 4178 nunc
1665 4126 1877 4195 principatibus
1894 4135 1921 4182 et

223 4227 274 4262 nas
290 4209 320 4260 ιἰι
340 4209 404 4277 ipso
422 4215 488 4260 ante
501 4208 584 4275 jacta
609 4208 709 4260 mundi
726 4209 926 4275 fundamenta,
944 4225 1014 4264 vers.
1032 4217 1056 4263 o.
1079 4209 1266 4278 potestatibus
1285 4209 1315 4261 in
1333 4208 1497 4262 coelestibus
1504 4226 1559 4278 per
1577 4210 1722 4264 ecclesiam
1734 4212 1920 4272 multiformis

222 4296 254 4347 in
269 4296 385 4348 laudern
404 4294 514 4362 ylariae
531 4294 658 4359 pratiaa,
677 4293 706 4345 id
725 4298 768 4347 est
785 4293 923 4363 gloriosae
941 4295 1056 4364 gratiae,
1084 4295 1227 4366 sapientia
1253 4296 1320 4349 Dei.
1357 4301 1382 4351 5.
1409 4293 1540 4348 Gloriam
1553 4295 1694 4363 justitiae.
1740 4296 1816 4360 Quas
1841 4297 1920 4352 Deus

223 4381 356 4448 utipsins
373 4379 464 4450 matis
483 4378 519 4433 ab
539 4377 668 4433 amnibus
685 4378 860 4434 collaudetur
876 4387 904 4434 et
921 4379 1056 4448 glorifice·
1083 4380 1113 4434 iu
1139 4381 1197 4434 vita
1222 4386 1335 4434 aeterna
1353 4379 1538 4451 glorificabit,
1564 4380 1626 4435 illas
1651 4382 1680 4438 in
1696 4382 1748 4439 hac
1770 4385 1829 4437 vita
1845 4385 1922 4439 cruci

222 4471 277 4520 tur.
296 4472 401 4536 capt,
427 4482 452 4522 v.
472 4472 502 4522 bs
535 4465 639 4520 Gratia
663 4468 727 4520 estis
750 4466 863 4519 calcati.
888 4482 913 4519 r.
933 4471 958 4521 6.
984 4466 1055 4520 Can·
1084 4465 1206 4535 subjicit,
1224 4472 1255 4518 ut
1269 4468 1427 4528 conformes
1441 4467 1512 4529 fiant
1530 4467 1650 4536 inrapiat
1660 4469 1722 4536 filii
1739 4469 1786 4523 sui
1804 4469 1883 4525 Rom.
1896 4475 1921 4537 8,

222 4553 756 4613 udarsnossecitincaeiestibasin
776 4552 1056 4620 carantanas.
1084 4570 1109 4606 r.
1129 4556 1171 4608 29.
1200 4559 1231 4604 ut
1249 4566 1301 4619 per
1321 4551 1424 4603 multas
1446 4551 1642 4607 tribulationes
1667 4556 1871 4621 inprediaatur
1890 4557 1920 4609 ia

222 4645 253 4691 ut
273 4641 432 4692 ostenderet
449 4638 479 4692 in
496 4638 865 4707 seculissuperuenientibas
882 4639 1056 4693 abundantes
1082 4656 1198 4707 repnum
1217 4636 1357 4691 cadorum
1380 4637 1444 4689 Act.
1467 4641 1506 4704 ll,
1530 4655 1556 4693 v.
1578 4642 1619 4694 22.
1643 4647 1673 4691 ut
1694 4641 1750 4692 sint
1768 4649 1919 4704 consortes,

223 4725 341 4778 diuitias
354 4727 467 4793 gratiae
484 4744 560 4789 suae,
577 4725 627 4780 τὸν
643 4720 851 4794 ὑπερβάλλοντα
866 4729 991 4781 πλοῦτον
1008 4729 1057 4795 τῆς
1083 4728 1278 4796 ooynasrurot,
1296 4721 1327 4774 in
1345 4721 1526 4774 tribulatione
1546 4729 1676 4792 strepeto
1695 4725 1776 4794 Apoc
1807 4732 1830 4789 l,
1849 4745 1874 4781 r.
1893 4733 1916 4782 9.
1929 4749 2015 4798 mla

201 4830 209 4842 ·
220 4807 339 4884 χάριτος
358 4809 445 4868 αὐτοῦ
470 4815 500 4866 tr
521 4807 688 4883 χρηστότητι
713 4809 756 4883 ἐφ’
783 4811 855 4884 ὑμᾶς
877 4813 908 4866 tr
934 4818 1054 4885 Χριστῷ,
1082 4809 1199 4874 Quando
1217 4808 1303 4878 igitur
1321 4807 1398 4860 Deus
1421 4806 1482 4875 pios
1506 4823 1539 4862 ex
1565 4809 1692 4863 amnibus
1710 4812 1915 4868 calamitatibus

222 4913 246 4951 v.
268 4901 292 4953 8.
310 4901 407 4962 pratia
425 4899 498 4950 eram
512 4899 578 4950 estis
596 4895 709 4950 salvati.
740 4895 796 4949 Tit.
814 4902 838 4958 3,
859 4914 883 4950 v.
903 4903 931 4955 5:
949 4898 1055 4952 Secan·
1083 4896 1214 4951 liberatos
1231 4895 1259 4946 in
1279 4893 1426 4947 coelestem
1439 4894 1556 4963 gloriam
1573 4895 1704 4950 transfert
1717 4904 1745 4951 et
1759 4898 1916 4968 glorificato

222 4984 290 5035 dum
309 4985 532 5038 mism'oardiam
553 5001 634 5035 snam
651 4981 744 5036 ednas
761 4999 813 5035 aaa
825 4983 906 5048 fecit.
943 4990 964 5038 l.
979 4983 1054 5038 Petr.
1083 4980 1186 5037 Christi
1214 4979 1322 5048 corpori
1351 4978 1474 5047 ipsorum
1503 4997 1618 5049 corpora
1645 4981 1798 5037 conformis
1822 4982 1918 5055 efficit,

224 5072 247 5131 1,
268 5086 294 5122 s.
315 5075 344 5124 t:
377 5070 538 5123 Sententiam
567 5066 790 5119 misericordiam
815 5085 895 5121 suam
923 5087 1055 5136 mapsam
1083 5072 1258 5121 conmanere
1277 5062 1418 5118 diabolum
1436 5070 1573 5119 etcmnes
1590 5066 1917 5135 piorumhcsteadebitis

221 5156 396 5224 reponeraoit
408 5171 461 5206 aas
474 5154 503 5204 in
515 5169 590 5220 spem
602 5153 700 5218 sicam,
712 5170 738 5204 v.
746 5158 769 5208 t.
781 5152 811 5207 ia
820 5154 1004 5207 hereditatam
1013 5156 1054 5207 in·
1083 5151 1179 5221 paenis
1199 5149 1295 5216 afficit,
1312 5149 1449 5218 justitiam
1470 5167 1549 5203 suam
1569 5151 1629 5222 ipso
1644 5168 1726 5222 opere
1739 5154 1919 5211 demonstrat.

221 5240 431 5309 corruptibilem
446 5247 471 5291 et
486 5239 734 5292 incontaminatam
750 5248 776 5292 et
791 5241 1055 5308 immarcescibilem,
1083 5244 1106 5294 2.
1125 5238 1219 5292 Thess.
1243 5241 1265 5302 l,
1284 5253 1308 5289 n.
1328 5243 1358 5292 5:
1379 5233 1532 5289 Sustinetis
1549 5243 1757 5306 persecutiones
1775 5260 1810 5295 ac
1828 5244 1918 5297 tribn-

220 5334 411 5380 conservatam
438 5325 468 5376 in
489 5325 582 5381 coelis.
613 5330 635 5380 1.
646 5323 709 5381 coh.
727 5330 752 5391 t,
778 5343 803 5380 v.
821 5331 851 5382 ir
879 5328 916 5380 Ia
937 5327 987 5380 bac
1004 5344 1057 5396 ap·
1082 5325 1202 5379 testona
1228 5324 1259 5377 in
1286 5322 1440 5391 exemplum
1459 5322 1535 5389 jocati
1546 5324 1658 5392 judicii
1680 5327 1750 5389 Dei,
1777 5336 1808 5382 ut
1836 5330 1920 5397 diam

219 5412 319 5480 paruit
334 5411 441 5463 caritas
462 5412 519 5464 Dei
537 5413 569 5465 in
588 5410 680 5470 nabis,
697 5413 829 5480 maniam
844 5413 955 5479 Filiam,
976 5431 1056 5467 suum
1083 5412 1242 5464 habeamini
1265 5427 1352 5478 repro
1373 5409 1443 5476 Dei,
1465 5426 1524 5477 pro
1548 5428 1602 5479 gno
1626 5419 1652 5465 et
1675 5414 1822 5480 patimini,
1845 5433 1873 5471 r.
1892 5421 1919 5472 6.

220 5497 394 5562 unigenitum
414 5498 490 5549 misit
505 5499 587 5551 Deus
606 5498 637 5551 in
655 5499 797 5561 mundum,
814 5506 845 5552 ut
860 5500 986 5552 uiuamus
1001 5515 1056 5568 per
1083 5497 1224 5567 siquidem
1240 5497 1350 5564 justum
1368 5502 1409 5548 est
1429 5498 1511 5564 apua
1532 5499 1626 5552 Deam
1649 5500 1805 5557 retribuere
1831 5504 1921 5557 triba·
