4050 6014
244 369 302 424 170
891 359 1122 417 TRACTATUS
1140 359 1305 418 TERTIUS

240 531 311 566 mur.
349 519 372 567 2.
391 512 511 577 Quidam
530 514 711 567 deerratura
728 514 877 582 rationali,
894 514 1022 568 videlicet
1039 515 1073 570 dc
1099 514 1169 583 jecti
1188 522 1215 569 et
1235 532 1252 569 a
1273 515 1404 570 servitute
1425 514 1610 585 corruptionis
1637 515 1782 571 liberandi,
1819 516 1938 572 Nande

240 598 406 666 hominibus,
423 604 529 652 textum
546 599 730 669 apostolicum
750 600 899 671 accipiunt,
916 600 964 654 sed
985 601 1073 654 diser-
1099 600 1151 665 bis,
1168 602 1235 671 quia
1254 600 1331 670 impii
1352 619 1408 656 non
1426 607 1482 654 tem
1510 600 1617 656 solicite
1644 607 1808 672 exspectant
1835 601 1933 658 libera·

240 685 352 741 simodc.
389 685 508 749 Quidam
532 685 603 738 enim
629 688 664 737 dc
686 687 843 740 lraminibus
866 688 896 740 in
917 704 1003 741 carno
1022 690 1074 740 arl-
1099 687 1201 741 tionem
1222 687 1341 743 filiorum
1359 685 1420 751 Dei,
1451 702 1502 741 uec
1525 686 1709 756 ingemiscunt
1733 703 1784 757 pro
1809 687 1859 742 illa
1884 687 1933 745 ob·

240 771 293 823 buc
316 771 484 840 uiuentibus,
512 770 625 840 quidam
653 773 688 824 dc
711 773 857 842 spiritibus
875 775 1074 836 defunctorum
1099 772 1221 827 tinenda.
1257 774 1284 839 2)
1306 771 1444 843 Apostolo
1463 787 1519 825 uon
1538 777 1580 825 est
1598 771 1772 842 propositum
1797 772 1933 830 hocloco

240 860 345 910 textum
364 855 513 924 accipiunt.
550 856 664 911 Illorum
685 858 771 928 aliqui
797 859 827 911 in
845 876 943 926 penere
962 861 997 912 de
1018 876 1073 910 om·
1100 858 1250 927 explicare,
1277 858 1345 929 quid
1371 857 1456 911 sitin
1476 857 1586 912 bomine
1612 858 1656 912 vel
1685 859 1752 930 quid
1778 859 1807 912 in
1825 858 1936 915 bomine

240 942 320 995 nibrss
343 942 513 1008 bominibus,
541 960 574 996 ac
597 943 714 1012 proinde
737 945 771 998 de
797 943 921 1011 bomine,
941 950 973 998 ιιι
991 944 1072 998 bomo
1101 943 1234 1012 patiatur,
1263 945 1312 999 sed
1341 944 1412 1013 quid
1436 951 1515 996 satra
1540 943 1676 997 bominem
1704 961 1760 998 una
1784 960 1848 999 cum
1875 946 1935 1017 ipso

240 1033 282 1082 est
312 1032 340 1081 et
367 1026 422 1081 Dei
452 1034 592 1092 creatura,
621 1028 790 1101 intelligunt.
837 1030 1011 1100 Augustinus
1045 1030 1072 1090 in
1101 1029 1229 1098 patiatur.
1261 1047 1287 1083 v.
1314 1035 1354 1085 21.
1381 1048 1437 1081 nors
1460 1029 1552 1081 solum
1576 1029 1649 1097 apsa,
1673 1036 1809 1093 creatura,
1834 1033 1887 1086 sed
1911 1039 1936 1086 et

240 1113 354 1182 exposit.
363 1113 498 1183 proposit.
509 1114 588 1182 epist.
605 1114 684 1171 lium.
700 1135 726 1168 n.
743 1122 784 1172 53.
795 1122 824 1169 et
841 1116 889 1171 lib.
907 1122 948 1172 83.
967 1121 1072 1186 quaest.
1101 1133 1151 1166 nos
1174 1116 1232 1183 ipsi
1251 1116 1280 1171 lu
1298 1118 1414 1178 ἑαυτοῖς,
1442 1114 1519 1167 intra
1536 1130 1589 1167 nos
1614 1115 1699 1182 ipsos,
1722 1115 1936 1184 inpomiseimus.

241 1218 267 1269 q.
287 1205 333 1254 fit:
360 1199 456 1252 Omnis
471 1208 603 1252 creatura
618 1201 647 1253 in
666 1202 776 1255 laiseins
791 1211 840 1270 est,
858 1205 925 1271 quia
942 1203 1074 1271 iutellipit
1100 1200 1300 1255 Cohortsturus
1325 1200 1399 1254 enim
1423 1200 1484 1268 pios
1510 1198 1546 1252 ad
1571 1199 1732 1268 patientiam
1759 1200 1787 1255 in
1811 1199 1936 1256 adversis

239 1285 342 1354 spiritu
364 1293 391 1338 et
409 1285 493 1338 sentit
513 1286 610 1340 anima
626 1296 651 1340 ct
669 1288 798 1342 louditer
810 1305 928 1358 corpore
943 1296 1072 1343 mouetur.
1099 1286 1230 1356 proponit
1246 1288 1285 1342 eis
1306 1286 1462 1354 exemplum
1481 1289 1540 1338 tum
1563 1285 1652 1353 ipsius
1666 1285 1739 1339 Filii
1752 1287 1813 1340 Dei
1832 1286 1938 1341 Christi

156 1371 159 1376 “
239 1369 345 1425 Probat
363 1387 398 1424 ex
415 1387 456 1433 en,
480 1371 548 1442 quia
566 1374 710 1442 apostolus
736 1391 792 1428 non
816 1374 884 1429 dicit
912 1382 1006 1442 totam,
1025 1375 1073 1429 sed
1099 1373 1171 1425 Josu
1195 1391 1219 1425 v.
1241 1380 1278 1429 l'l.
1303 1389 1366 1426 cum
1395 1388 1449 1442 quo
1476 1371 1499 1424 si
1524 1371 1677 1441 patiantur,
1702 1371 1936 1442 glorificationem

241 1473 348 1509 omnem
363 1465 529 1525 creaturam,
556 1465 584 1511 et
608 1459 674 1528 quia
687 1461 851 1522 ¹absurdum
878 1469 918 1514 est
942 1461 1072 1529 pumilum
1100 1465 1175 1513 certo
1195 1463 1355 1528 exspectare
1374 1457 1498 1528 possint3
1515 1463 1574 1510 tum
1588 1458 1674 1511 totius
1687 1467 1845 1526 creaturae,
1864 1476 1936 1529 quae

240 1541 362 1596 tribuere
381 1551 529 1595 creaturas
542 1545 717 1603 irrationali.
744 1545 818 1599 ldem
832 1551 959 1600 statuunt
973 1546 1071 1600 Ansel·
1100 1550 1213 1613 propter
1236 1544 1327 1599 Deum
1345 1550 1498 1599 creatorem
1520 1542 1635 1597 vanitati
1659 1543 1786 1614 subjecta
1811 1546 1931 1600 aserm-

241 1643 301 1680 rnus
320 1627 348 1681 iu
367 1634 512 1682 comment.
534 1636 562 1682 et
581 1645 614 1681 ex
638 1629 791 1683 Pontificiis
818 1631 944 1686 Andreas
969 1632 1073 1685 Masius
1099 1634 1158 1682 tute
1175 1630 1361 1700 corruptionis
1379 1629 1530 1698 aliquando
1555 1628 1725 1683 liberabitur.
1761 1632 1789 1699 3)
1807 1629 1935 1686 Gemitus

240 1711 268 1765 in
288 1728 313 1765 c.
333 1718 357 1767 6.
377 1712 497 1768 Josuae:
535 1715 631 1767 Omnis
651 1724 793 1777 creatura,
820 1716 957 1787 inquiunt,
981 1719 1073 1770 idest
1098 1713 1230 1769 tribuitur
1253 1715 1307 1770 boc
1331 1716 1392 1770 loco
1416 1721 1559 1768 creaturae
1578 1729 1633 1768 non
1650 1717 1786 1784 proprie,
1810 1717 1859 1771 sed
1880 1734 1935 1771 me·

240 1798 435 1864 omnishomo,
453 1800 561 1867 quiesi
580 1803 714 1855 nodaret
731 1803 976 1857 vinculumomnis
996 1821 1072 1856 crsa-
1099 1802 1244 1868 taplorice
1263 1817 1313 1870 per
1330 1800 1570 1870 prosopopoeiam,
1597 1804 1629 1853 ut
1647 1805 1746 1869 postea
1767 1801 1934 1858 monebitur.

241 1889 329 1952 turae,
344 1884 542 1939 microcosmus
561 1895 584 1940 et
603 1889 702 1941 mundi
719 1889 897 1956 marcersium,
913 1891 980 1958 quia
993 1890 1073 1944 lromo
1100 1888 1127 1951 l)
1146 1886 1288 1940 Particala
1307 1889 1384 1941 πᾶσα
1404 1886 1432 1938 in
1445 1884 1595 1954 Scripturis
1607 1884 1744 1954 accipitur
1758 1891 1818 1940 tam
1835 1887 1936 1942 colleo-

240 1970 276 2021 ab
303 1970 430 2023 omuibus
455 1972 596 2026 creaturis
623 1974 737 2042 aliquid
756 1976 930 2044 participat,
957 1976 993 2027 ol>
1019 1976 1072 2029 ets·
1099 1973 1167 2040 tius,
1195 1979 1255 2027 tum
1283 1972 1474 2038 distributius,
1506 1986 1539 2024 ac
1575 1985 1625 2039 pro
1655 1969 1763 2025 ratione
1791 1971 1935 2043 subjectae

240 2055 338 2108 mentis
357 2056 464 2109 seilicet
483 2074 550 2122 esse,
571 2076 590 2110 a
600 2058 711 2125 plantis
735 2061 868 2128 repetas-i,
887 2061 922 2112 ab
941 2060 1072 2114 animali·
1099 2056 1228 2113 materiae
1255 2056 1418 2127 explicanda
1446 2061 1489 2110 cst
1520 2073 1570 2126 per
1598 2057 1630 2110 rb
1663 2055 1754 2110 omnis
1786 2058 1832 2111 vel
1865 2066 1931 2114 tota.

240 2140 290 2193 bers
312 2141 432 2208 rendre,
456 2143 491 2195 ab
514 2143 624 2210 onpslis
649 2145 833 2209 ratiocinari,
864 2153 890 2198 ot
915 2147 956 2199 sio
980 2163 1072 2200 omnes
1099 2143 1218 2207 Quidam
1235 2159 1301 2213 ergo
1320 2148 1428 2213 putant,
1450 2142 1504 2196 hoc
1529 2141 1590 2196 loco
1611 2142 1773 2196 vertendam
1800 2159 1861 2199 esse
1883 2160 1935 2215 per

239 2228 553 2296 araturaepatiuntur
574 2229 731 2284 labamine
752 2231 991 2286 etoumlromine.
1026 2231 1072 2286 Sic
1100 2227 1131 2284 rb
1148 2229 1247 2294 omnis,
1267 2246 1330 2283 cum
1349 2229 1493 2301 apostolus
1511 2228 1642 2298 loquatur
1664 2243 1720 2282 non
1745 2226 1779 2282 de
1792 2230 1936 2298 partibus,

239 2319 369 2368 ereatura
387 2313 497 2384 capitur
521 2331 571 2385 pro
596 2315 706 2370 bomine
724 2316 810 2372 Marc.
833 2322 872 2380 16,
895 2335 921 2373 v.
950 2322 987 2372 15.
1012 2317 1070 2371 l'ol.
1099 2314 1148 2368 sed
1165 2316 1307 2383 speciebus
1325 2320 1476 2376 creaturae,
1494 2321 1579 2366 tolum
1593 2312 1666 2366 enim
1686 2311 1788 2368 dicitur
1807 2321 1936 2385 respectu

243 2404 265 2462 1,
282 2416 307 2452 v.
327 2402 367 2454 23.
403 2400 490 2472 Atqui
514 2401 538 2470 1)
557 2418 608 2456 nec
625 2402 660 2456 de
680 2401 733 2471 piis
747 2420 799 2458 nec
818 2402 852 2457 dc
871 2402 961 2471 impiis
986 2402 1071 2456 homi·
1099 2399 1259 2468 specierum,
1280 2417 1359 2454 omns
1376 2405 1505 2470 respectu
1523 2397 1652 2468 partium.
1688 2396 1744 2453 Sed
1761 2405 1857 2468 potest
1875 2402 1936 2457 sine

240 2482 322 2538 nibus
356 2485 461 2540 dictum
492 2488 678 2557 apostolicum
710 2488 830 2559 intelligi
863 2494 970 2558 potest,
1004 2504 1071 2558 ergo
1098 2485 1155 2540 ulle
1174 2486 1345 2541 absurditate
1361 2487 1451 2556 accipi
1468 2501 1524 2540 non
1544 2485 1634 2539 solum
1654 2487 1689 2537 de
1710 2487 1859 2552 penes-ibus
1879 2489 1934 2542 sin·

239 2568 323 2623 etiam
354 2570 389 2626 de
418 2572 576 2628 hominibus
604 2573 634 2627 in
663 2573 820 2629 universum
849 2574 940 2644 accipi
967 2574 1071 2644 nequit.
1098 2572 1240 2639 pulcrum,
1263 2573 1311 2626 sed
1338 2573 1422 2626 etiam
1449 2574 1484 2625 de
1503 2569 1623 2637 sinpulis
1646 2587 1792 2640 penarum,
1817 2588 1883 2627 nam
1907 2581 1936 2628 et

178 2707 180 2710 ,
239 2654 303 2710 Non
326 2656 362 2711 de
385 2656 450 2722 illis,
474 2657 541 2727 quia
563 2665 700 2713 ereturam
725 2659 950 2730 ingemiscentem
977 2675 995 2713 a
1019 2657 1072 2728 piis
1099 2659 1187 2710 omnis
1210 2666 1355 2726 aratura,
1380 2657 1407 2712 h.
1431 2675 1456 2714 e.
1482 2670 1577 2710 omnes
1605 2660 1750 2711 creaturae
1782 2658 1935 2728 corporalis

239 2756 367 2812 expresse
384 2743 532 2815 distinguit
548 2763 573 2799 v.
593 2749 634 2800 23.
670 2743 790 2809 Quidam
807 2761 883 2814 sane,
899 2751 932 2800 ut
950 2745 1071 2807 Aretim,
1099 2743 1212 2812 species,
1231 2749 1257 2796 et
1275 2751 1332 2798 totu
1345 2751 1486 2807 aratura,
1504 2741 1530 2795 h,
1545 2757 1568 2796 e.
1582 2741 1677 2796 omnia
1690 2742 1845 2812 specierum
1864 2744 1932 2799 indi·

239 2826 437 2897 Salmeronius‚
455 2831 491 2882 de
510 2829 579 2884 solis
597 2831 734 2898 apostolis
751 2830 780 2884 in
799 2831 847 2887 illo
862 2831 997 2888 versiculo
1018 2847 1072 2885 ser·
1099 2829 1190 2898 vidua,
1208 2829 1333 2884 servituti
1354 2828 1539 2898 corruptionis
1557 2832 1621 2880 sunt
1641 2828 1774 2897 subjecta

238 2929 348 2970 monem
374 2931 434 2970 csse
461 2915 573 2980 volunt,
601 2934 665 2971 cum
692 2915 732 2970 illi
760 2917 863 2971 luerint
893 2916 1071 2971 Christianae
1133 2920 1174 2971 53.
1209 2914 1330 2979 Quidam
1360 2930 1426 2970 vero
1453 2915 1482 2967 in
1504 2912 1597 2983 specie
1625 2915 1660 2966 ds
1684 2921 1763 2967 certa
1792 2914 1934 2971 bantinum

238 3000 374 3055 eacbsiae
394 3002 558 3070 primitias,
581 3001 677 3057 confer
700 3002 896 3058 oecumenium
913 3003 942 3057 in
962 3019 1071 3071 comm,
1098 3002 1189 3055 alasse
1206 3000 1298 3057 locum
1316 3000 1389 3057 hunc
1408 3003 1558 3071 exponunt
1590 2998 1659 3052 Cum
1678 2998 1867 3056 enimomnes
1886 3000 1933 3057 bo·

238 3084 288 3140 sed
319 3086 487 3142 contrarium
514 3088 635 3142 ostendit
663 3090 836 3157 pcnerolitas
862 3090 1070 3160 &ruptionis
1097 3087 1184 3141 mines
1201 3086 1229 3141 in
1249 3087 1318 3142 duas
1336 3087 1541 3142 distribuantur
1557 3085 1669 3153 classes,
1694 3085 1722 3139 in
1745 3086 1813 3156 pios
1829 3086 1935 3142 scilieet

239 3169 364 3241 loquitur
381 3171 454 3226 enim
467 3172 571 3226 Paulus
588 3173 622 3227 de
639 3173 767 3227 omnibus
780 3174 842 3244 piis,
861 3175 911 3242 qui
923 3174 1071 3244 primitias
1098 3189 1130 3226 ac
1150 3174 1259 3241 impios,
1283 3174 1376 3242 justos
1399 3181 1428 3228 et
1453 3173 1580 3242 injustos,
1606 3177 1717 3227 renatos
1736 3177 1764 3227 et
1780 3187 1837 3227 non
1856 3188 1933 3228 rena·

240 3255 365 3323 Spiritus
384 3258 485 3311 lrabeat
504 3267 529 3311 et
547 3261 746 3312 redemtionem
765 3261 894 3330 eorporis
911 3268 1071 3330 respectant
1097 3265 1150 3326 tos,
1170 3258 1234 3311 inde
1254 3258 1366 3329 quidam
1386 3259 1421 3315 de
1439 3258 1496 3326 illo,
1515 3256 1627 3328 quidam
1644 3272 1709 3310 vero
1726 3256 1762 3311 de
1780 3256 1836 3312 hoe
1848 3257 1933 3315 bemi-

237 3358 263 3394 v.
288 3347 329 3398 2³.
355 3343 457 3413 quiesse
477 3361 526 3412 spe
549 3345 625 3399 solvi
646 3346 722 3408 facti
744 3354 808 3400 aas
835 3365 861 3401 v.
887 3351 925 3402 24.
952 3348 1002 3415 qui
1016 3364 1070 3415 per
1098 3360 1163 3396 num
1186 3358 1288 3414 genere
1313 3345 1403 3397 locum
1427 3343 1574 3413 explicant.
1616 3341 1742 3396 Priorem
1770 3342 1933 3414 interpreta-

233 3428 403 3495 patisntiam
426 3429 620 3485 liberationem
647 3440 805 3501 suspectant
830 3451 854 3487 v.
881 3439 922 3489 25.
954 3451 1070 3502 pisorum
1097 3427 1202 3482 tionem
1217 3429 1324 3498 profert
1340 3428 1493 3501 Gregorius
1519 3428 1548 3480 in
1575 3430 1720 3481 comment.
1747 3426 1811 3483 lob.
1845 3434 1867 3484 ³.
1887 3428 1933 3486 lib.

238 3513 430 3582 infirmitatem
451 3516 575 3584 Spiritus
598 3519 724 3588 adjuvat,
750 3535 801 3589 pro
824 3519 926 3590 quibus
946 3519 1071 3588 Spiritus
1097 3520 1121 3570 l.
1141 3515 1237 3570 moral.
1256 3531 1278 3568 c.
1297 3521 1339 3572 tl.
1367 3516 1475 3581 dusios,
1494 3513 1594 3584 inquit,
1611 3512 1844 3581 quamoisnullus
1861 3516 1934 3570 desi·

237 3599 403 3668 interpellat
418 3603 565 3669 gemitibus
584 3604 824 3659 inenarrabilibus
841 3623 867 3660 v.
880 3610 921 3660 26.
940 3607 990 3676 qui
1008 3611 1072 3658 sunt
1098 3601 1242 3654 deriorum
1259 3601 1418 3655 carnalium
1430 3600 1562 3654 tumultus
1568 3599 1727 3667 porsidmt,
1741 3600 1823 3653 duria
1842 3608 1934 3656 tamen

237 3685 331 3738 sandi
354 3703 380 3740 v.
412 3692 452 3740 27.
476 3689 527 3755 qui
559 3689 653 3742 Deum
683 3691 812 3760 dilipunt‚
846 3691 946 3761 quibus
977 3691 1072 3744 omnia
1096 3686 1217 3741 vinculis
1240 3704 1287 3741 eos
1311 3689 1342 3742 in
1356 3689 1409 3743 bac
1434 3689 1492 3741 cita
1506 3687 1616 3756 positos
1632 3701 1701 3738 suae
1726 3685 1857 3740 mokstia
1874 3705 1935 3744 eor·

238 3779 428 3838 cooperantur
458 3772 487 3825 iu
511 3774 624 3842 bouum,
650 3776 701 3844 put
716 3777 868 3829 secundum
894 3777 1070 3845 propositum
1097 3773 1238 3840 ruptionis
1265 3773 1343 3841 lipal.
1387 3774 1482 3828 Aliud
1507 3788 1605 3842 nempe
1634 3771 1707 3838 jussi
1733 3773 1768 3826 de
1794 3781 1883 3828 morte
1909 3781 1934 3828 st

238 3857 332 3909 uocati
348 3866 412 3911 sunt
426 3864 477 3914 ete
497 3875 524 3914 v,
543 3864 584 3915 28.
609 3876 680 3930 quae
706 3861 798 3915 omnia
821 3879 877 3917 non
900 3869 1017 3933 possunt
1033 3864 1069 3917 ad
1097 3858 1180 3911 aluid
1205 3860 1241 3912 dt
1265 3876 1382 3928 corpore
1415 3859 1552 3922 lolliam,
1587 3864 1613 3910 ⁶3
1642 3864 1742 3910 wilm
1771 3860 1934 3929 &mistim

237 3943 313 3998 solos
337 3945 481 4013 apostolos
505 3947 717 4002 accommodari.
753 3947 850 4019 Neque
877 3965 942 4003 vero
966 3948 1070 4003 Paulus
1097 3944 1223 4012 quotidie
1248 3949 1359 4000 interno
1380 3945 1531 3999 certamine
1561 3945 1702 3997 desudant
1726 3947 1780 4001 ete.
1833 3944 1933 4000 Vas-usn

238 4028 278 4082 sic
301 4028 432 4100 loquitur,
456 4049 512 4085 non
535 4034 626 4086 solum
650 4042 742 4088 autem
764 4036 816 4088 scd
840 4044 866 4089 et
891 4054 944 4088 nos
965 4036 1071 4089 Christi
1096 4031 1164 4083 llaec
1184 4039 1317 4086 creatura
1335 4040 1401 4085 tune
1419 4049 1437 4084 a
1453 4029 1585 4084 seruitute
1600 4029 1791 4097 corruptions&
1803 4032 1932 4101 eripitur,

237 4115 281 4170 vol
307 4114 435 4185 Spiritus
456 4119 617 4188 primitiae,
644 4137 716 4190 quae
737 4121 845 4191 phrasis
868 4123 905 4177 ad
929 4123 1070 4194 apostolos
1096 4133 1158 4169 cum
1183 4121 1224 4172 ad
1253 4119 1375 4188 pluriam
1407 4118 1531 4183 filiorum
1556 4116 1617 4170 Μ
1640 4117 1814 4184 *merendo
1842 4119 1931 4174 suble

238 4200 333 4256 referri
350 4203 527 4274 peculiariter
545 4214 648 4276 posset,
667 4207 718 4262 scd
737 4208 813 4276 dicit,
831 4228 882 4264 nos
907 4211 957 4281 qui
968 4212 1069 4278 primi·
1096 4210 1185 4256 vatur.
1222 4205 1298 4257 Hitw
1319 4205 1413 4272 bladi&
1432 4203 1514 4257 elffii
1530 4201 1646 4255 'Mlm‘'
1665 4201 1755 4255 ‘’inii''
1771 4211 1843 4271 “Mis
1863 4205 1932 4274 ΨΜ

237 4288 293 4342 tras
313 4287 440 4357 Spiritus
459 4293 624 4360 accepimus,
638 4293 712 4362 quod
731 4294 859 4350 omnibus
878 4312 943 4351 vere
962 4295 1015 4366 piis
1029 4301 1071 4349 cst
1097 4290 1190 4342 adbuc
1215 4291 1408 4358 corruptionis
1431 4305 1500 4343 suae
1521 4303 1617 4359 poena
1642 4287 1854 4356 deprimuntur,
1882 4292 1933 4344 sed

237 4390 392 4431 commune.
428 4375 545 4431 Socinus
559 4378 587 4432 in
606 4395 677 4449 resp.
695 4380 732 4434 ad
751 4381 833 4437 Pucc.
854 4399 882 4451 p.
903 4388 959 4439 rte.
985 4383 1070 4436 refert
1096 4391 1157 4428 cum
1170 4377 1349 4445 corruptibsli
1359 4393 1445 4430 ceree
1460 4381 1604 4436 extruetur,
1623 4374 1658 4427 αὖ
1676 4375 1811 4439 Omnibus
1830 4377 1930 4446 medus

237 4462 279 4513 ad
303 4459 446 4514 Christum
473 4461 582 4532 piorum
607 4471 707 4535 caput,
723 4471 756 4519 ut
782 4466 819 4520 sit
841 4484 953 4536 sensus,
976 4485 1070 4523 omnes
1096 4478 1169 4514 ormo
1188 4462 1321 4515 adstricti
1344 4470 1418 4529 sunt,
1443 4460 1588 4531 molestr'ae
1610 4459 1731 4513 uinculis
1755 4461 1931 4517 relocantur.

237 4544 410 4601 Christianos
427 4546 465 4602 ab
483 4548 596 4602 interitu
621 4556 649 4604 et
666 4551 843 4620 corruptione
866 4553 1012 4609 liberatum
1037 4554 1070 4607 iri
1096 4545 1263 4617 Gregorium
1287 4547 1412 4619 sequitur
1436 4547 1566 4617 Lyranus
1589 4545 1618 4598 in
1644 4552 1804 4602 comment:
1846 4547 1932 4603 Orsa-

236 4648 294 4688 non
319 4649 399 4688 secus
426 4651 459 4688 ac
484 4634 609 4691 Christus
638 4637 699 4708 ipse
726 4638 860 4693 liberatus
886 4638 948 4708 fuit,
974 4645 1006 4694 ut
1029 4640 1070 4695 sie
1095 4643 1177 4687 lurae
1197 4642 1261 4687 wei
1280 4635 1351 4697 boni,
1375 4635 1426 4702 dui
1454 4634 1485 4685 in
1508 4633 1649 4685 creatione
1676 4633 1737 4684 Dei
1759 4643 1933 4703 mansorum,

237 4724 380 4789 respectus
406 4720 543 4777 habeatur
569 4723 605 4777 sd
623 4742 648 4778 v.
670 4730 708 4780 17.
736 4727 886 4780 coheredes
914 4726 1027 4791 Christi,
1044 4728 1072 4780 si
1095 4721 1140 4772 set
1163 4722 1231 4789 qnia
1254 4729 1319 4774 suns
1337 4739 1424 4774 causa
1448 4719 1579 4773 omniun.
1615 4717 1700 4776 Item:
1732 4717 1874 4775 Creotura
1892 4729 1932 4777 est

237 4813 329 4859 tamen
358 4809 541 4875 compatimur
567 4816 620 4864 ete.
663 4812 703 4865 At
729 4811 868 4881 quomode
899 4812 934 4866 de
960 4811 1069 4866 Christo
1096 4808 1175 4860 bomo
1205 4824 1262 4861 uon
1293 4825 1392 4860 amant
1426 4809 1482 4861 itte
1512 4807 1636 4872 caduca,
1663 4805 1809 4872 patitui&
1838 4813 1931 4861 lamet·

237 4891 293 4946 dici
309 4898 408 4964 potest,
428 4896 503 4966 quod
516 4897 648 4952 liberatus
663 4897 747 4952 fuerit
765 4914 782 4950 a
799 4897 930 4952 servitute
949 4902 1069 4972 φθορᾶς,
1095 4894 1204 4959 serens,
1227 4894 1331 4962 sciens,
1349 4897 1443 4947 Deum
1460 4893 1611 4961 subjecisse
1629 4892 1671 4943 ud
1695 4893 1931 4948 conseruationem

236 4995 298 5031 eum
320 4997 389 5034 caro
416 4982 478 5048 eius
504 5001 560 5036 non
587 4983 691 5035 uiderit
714 4981 878 5055 διαφθοράν
900 4984 1000 5039 Psalm.
1030 4989 1070 5052 16,
1095 4981 1278 5046 humilitatis,
1307 4979 1473 5035 liberabitur
1499 4985 1593 5032 autem
1620 4995 1640 5030 a
1670 4994 1741 5030 eura
1773 4981 1931 5046 mendi

235 5080 261 5116 v.
283 5069 321 5119 10.
341 5064 406 5121 Act.
423 5074 446 5131 2,
467 5085 490 5120 v.
510 5072 549 5121 31.
569 5084 591 5121 e.
610 5072 649 5131 13,
669 5086 692 5120 v.
715 5069 769 5122 37?
792 5073 823 5120 ut
840 5066 907 5121 nihil
926 5069 1016 5123 dicam
1034 5070 1070 5124 de
1095 5067 1193 5119 uictum
1214 5075 1241 5121 et
1259 5066 1329 5136 ulia,
1355 5068 1454 5135 quibua
1477 5065 1601 5119 servitur
1618 5070 1733 5116 nostrae
1754 5065 1930 5120 mortalitati.

235 5167 277 5215 eo,
297 5153 373 5222 quod
384 5169 519 5223 perquam
538 5158 635 5207 coacte
650 5153 687 5206 ad
701 5154 832 5207 remotius
849 5154 934 5209 verba
948 5157 1068 5225 apostoli
1094 5152 1200 5208 Eadem
1226 5153 1417 5223 interpretatio
1441 5151 1577 5222 probatur
1599 5147 1747 5218 cusiano,
1774 5148 1926 5208 Catbnrino

234 5235 397 5292 referantur.
439 5237 526 5291 Missa
551 5236 637 5306 igitur
659 5237 712 5291 bac
738 5237 966 5307 interpretatione
990 5242 1069 5295 addit
1094 5240 1122 5293 in
1142 5245 1286 5296 comment
1307 5246 1335 5292 ct
1355 5237 1528 5293 Salmeronio
1545 5235 1615 5304 disp.
1637 5239 1676 5289 17.
1699 5234 1728 5287 in
1749 5235 1830 5305 epist.
1849 5235 1929 5293 Rem.

232 5319 351 5376 Secinus
367 5321 531 5391 particulam
554 5332 580 5375 et
608 5328 720 5392 propter
743 5324 857 5394 angelos
880 5325 967 5381 fuisse
985 5344 1067 5382 anne·
1093 5331 1158 5381 tom.
1183 5331 1221 5380 13.
1249 5342 1276 5395 p.
1303 5330 1359 5380 556.
1383 5323 1431 5394 qui
1456 5338 1517 5376 eam
1540 5320 1616 5375 bisce
1639 5326 1740 5375 ornant
1762 5321 1927 5393 pigmentis:

125 5430 171 5476 χχ,
185 5433 218 5474 7⁸,
231 5423 302 5473 xam,
323 5407 371 5475 uui
390 5407 443 5462 Dei
462 5406 596 5462 beneficio
615 5423 649 5462 ac
665 5408 834 5465 liberalitate
851 5428 869 5464 a
889 5415 1067 5483 corruptione
1095 5413 1210 5465 Dicitur
1227 5413 1306 5464 lamo
1321 5412 1419 5479 justus
1439 5407 1566 5478 praecise
1590 5414 1733 5471 creatura,
1756 5407 1801 5461 uel
1818 5410 1928 5477 wast

230 5489 341 5546 absunt.
377 5491 432 5547 Sed
456 5493 626 5548 causamur
642 5495 702 5565 jam
727 5502 801 5560 ante,
826 5513 882 5552 non
905 5498 972 5552 satis
992 5515 1064 5554 eom·
1094 5505 1184 5552 manet
1203 5499 1234 5550 in
1253 5514 1286 5550 eo
1306 5498 1384 5565 bono,
1401 5498 1432 5550 in
1449 5514 1504 5566 quo
1523 5504 1636 5551 meatus
1655 5513 1675 5549 a
1693 5498 1758 5552 Deo
1776 5498 1885 5570 fuerat,
1898 5501 1926 5553 ia

229 5574 312 5631 mode
331 5577 367 5632 de
384 5578 491 5650 angelis
508 5578 563 5635 dici
579 5595 671 5652 pesse,
688 5581 765 5653 quod
784 5582 901 5638 vanitati
921 5583 979 5638 sint
999 5584 1064 5639 sub·
1092 5586 1189 5652 pratia
1208 5582 1315 5640 aalma
1334 5589 1361 5637 st
1375 5581 1509 5651 justitia5
1527 5583 1571 5638 rel
1584 5593 1706 5654 proptor
1724 5583 1926 5653 multamilia,
