4050 6014
213 299 274 358 396
873 288 1103 346 TRACTATUS
1123 286 1270 344 SEXTUS

71 443 202 537 'mm
218 445 354 500 centiores
382 444 488 497 Graem
511 444 586 512 apud
607 443 813 500 Armechsnum
836 444 884 499 lib.
908 451 946 500 11,
971 461 1054 516 quae·
1082 461 1178 511 umens,
1201 444 1253 496 hoc
1277 445 1361 496 credo
1383 440 1441 494 Dei
1462 441 1554 508 Filio,
1578 438 1628 507 qui
1653 438 1704 493 hoc
1729 439 1876 492 emanarit
1893 446 1916 493 et

198 522 339 582 'stionum
366 542 464 584 contra
489 530 639 593 Armenes,
666 531 713 600 qui
742 536 883 597 asserunt,
913 531 1006 585 beatos
1025 532 1055 584 in
1080 531 1268 600 praedicauit,
1284 540 1310 584 et
1325 529 1449 598 Spiritui
1464 536 1577 590 sancto,
1597 526 1647 596 aui
1663 526 1859 595 hocpatribue
1878 526 1915 578 in·

219 615 296 668 coelo
314 633 369 668 non
387 617 484 667 videre
504 616 628 668 divinam
648 616 795 668 essentiam
813 616 985 683 immediate,
1004 619 1056 670 sed
1080 617 1209 684 spiravit,
1227 619 1305 685 qrtod
1323 615 1397 669 enim
1415 614 1565 677 credimus,
1583 614 1634 666 hoe
1652 613 1820 667 auctoritati
1835 612 1915 665 emhe-

219 700 362 768 fulporem
386 702 527 768 quendam
551 700 586 752 ab
611 718 645 754 ea
665 710 848 755 emanantem.
887 706 913 766 21
933 702 1055 765 Quidam
1080 720 1148 757 mus.
1185 703 1360 756 insecundo
1375 703 1459 755 modo
1478 709 1518 753 est
1529 715 1666 768 praesens
1681 700 1712 751 in
1730 701 1832 768 effectu
1848 715 1914 766 pro·

219 801 251 838 ee
263 786 402 853 patribus.
435 785 654 857 Chrysostomus,
667 786 869 856 Theodoretus,
886 786 1054 857 Euthymius
1076 789 1154 854 prio,
1167 790 1217 857 qui
1228 791 1326 842 modus
1340 796 1419 841 tanto
1432 795 1471 841 est
1483 786 1655 851 eminentior,
1674 793 1779 853 quanto
1791 785 1915 854 effmtum

218 886 251 924 ac
263 870 499 942 Theophyiaetne,
518 873 640 943 itemque
652 871 788 927 Aicuinus
805 873 852 928 lib.
866 878 889 929 2.
905 873 939 928 (11
954 873 1054 930 Τ11111.
1082 874 1194 926 divinae
1212 874 1323 941 pretias
1339 873 1430 940 mapis
1445 873 1529 926 sentit
1547 873 1576 924 in
1592 888 1620 924 se
1639 871 1735 935 homo,
1761 870 1807 924 uel
1834 869 1915 924 etiam

218 971 279 1026 cap.
302 963 342 1013 16.
360 957 491 1012 videntur
507 975 619 1029 negare,
640 960 766 1013 divinam
785 961 932 1013 essentiam
952 962 986 1013 ab
1006 979 1055 1013 an·
1082 967 1186 1026 quanto
1209 959 1309 1012 arelius
1329 959 1383 1012 scit
1407 958 1588 1011 considerare
1608 959 1701 1010 Deum
1719 957 1749 1009 in
1771 957 1916 1010 auteriori·

218 1043 291 1111 pelis
317 1051 365 1094 ant
393 1043 482 1097 heats's
507 1044 663 1097 hominibus
690 1045 786 1097 videri
808 1062 906 1117 posse,
938 1062 1055 1116 quorum
1083 1044 1132 1096 bus
1150 1045 1299 1098 creaturis.
1337 1045 1374 1098 In
1391 1045 1473 1097 tertio
1494 1052 1534 1096 est
1550 1061 1684 1111 maerens
1704 1043 1733 1094 in
1752 1043 1834 1109 sipno
1852 1060 1916 1110 pro·

219 1134 312 1182 tamen
337 1128 413 1183 dicta
437 1130 604 1185 recentiores
625 1137 762 1185 conantur
787 1132 870 1185 variis
897 1132 985 1185 modis
1011 1147 1056 1184 er·
1077 1130 1161 1196 prio,
1180 1130 1251 1182 11111
1271 1131 1409 1198 apparuit
1427 1129 1563 1183 Abrahae
1582 1130 1611 1182 in
1630 1130 1756 1198 subjecta
1774 1136 1916 1194 meatum,

218 1229 330 1278 eusare,
356 1215 431 1284 quod
449 1215 556 1270 seilicet
578 1215 728 1287 loquantur
745 1220 789 1271 vel
808 1219 844 1270 de
862 1219 965 1272 anione
983 1235 1055 1272 com·
1082 1232 1153 1283 ettae
1162 1217 1255 1286 ipsum
1266 1218 1358 1269 Deum
1373 1215 1525 1284 figurabat,
1544 1223 1569 1268 st
1582 1217 1654 1268 sicut
1665 1215 1792 1283 Spiritus
1803 1223 1917 1268 saache

217 1298 394 1369 prudenciae,
414 1302 460 1354 vel
480 1304 515 1356 ele
534 1302 641 1355 visione
661 1303 815 1370 corporali,
834 1303 877 1358 vel
896 1305 932 1356 de
952 1305 1056 1358 visione
1082 1302 1219 1368 apparuit
1239 1302 1268 1354 iu
1286 1302 1415 1356 columba
1433 1309 1459 1354 et
1476 1302 1507 1354 in
1524 1301 1631 1369 tinpaa
1644 1301 1735 1367 ipneis
1749 1302 1916 1369 dispertitis

218 1384 249 1437 in
273 1385 403 1439 haesita
427 1387 555 1453 mortali,
587 1390 632 1441 vei
657 1390 693 1441 de
719 1389 826 1442 aimone
851 1390 981 1443 naturali
1000 1407 1055 1458 per
1081 1386 1118 1439 In
1141 1396 1241 1455 quarto
1266 1397 1307 1441 est
1327 1404 1463 1458 praesens
1480 1389 1512 1441 in
1528 1404 1558 1439 se
1577 1387 1654 1455 i'pso.
1681 1403 1736 1454 qvo
1761 1388 1917 1440 videturin

220 1473 297 1525 solas
310 1481 430 1526 naturae
448 1473 523 1526 eires
534 1475 623 1537 facta.
644 1478 668 1540 3)
692 1473 816 1535 Quidam
828 1493 861 1529 ee
873 1477 1055 1533 Caluinionis.
1081 1473 1186 1527 lumine
1200 1475 1332 1543 proprio,
1352 1475 1419 1542 quia
1435 1474 1514 1537 facie
1530 1474 1571 1526 aa
1589 1473 1694 1538 faciem
1714 1473 1745 1525 in
1762 1474 1841 1526 oultn
1859 1490 1918 1538 suo,

219 1557 313 1612 Herm.
335 1557 554 1612 Hamelmannus
576 1576 639 1613 ann.
667 1565 740 1616 1585.
759 1560 883 1616 libellum
900 1562 1002 1629 edidit,
1026 1561 1055 1614 in
1082 1575 1153 1626 quas
1180 1559 1252 1612 nisio
1279 1567 1319 1614 est
1344 1576 1449 1612 merces
1475 1559 1598 1612 omnium
1627 1559 1780 1614 lentorum.
1820 1556 1919 1613 Potest

219 1661 274 1715 quo
299 1644 483 1711 demonstrat,
513 1647 651 1712 quomodo
667 1642 914 1700 'Sacc-amentarii
946 1648 1055 1714 panetio
1083 1643 1165 1697 etiem
1185 1645 1254 1698 visio
1272 1644 1326 1700 Dei
1346 1644 1386 1698 sic
1404 1643 1552 1713 distingui,
1571 1642 1646 1712 quod
1664 1643 1803 1712 quaedem
1821 1641 1872 1696 fiat
1889 1644 1919 1695 in

101 1744 145 1787 ιι.
159 1743 207 1786 eti.
219 1731 293 1782 citae
301 1739 432 1784 aeternae
440 1739 591 1796 extenuent,
602 1732 744 1786 obscurent
751 1733 795 1786 cel
798 1733 887 1801 plane
898 1735 927 1787 in
936 1734 1055 1786 nihilum
1082 1731 1186 1784 lumine
1205 1739 1339 1799 naturae,
1361 1730 1497 1801 quaedam
1518 1731 1547 1782 in
1566 1730 1670 1782 lumine
1687 1732 1813 1798 pretias,
1834 1745 1918 1800 quae·

219 1817 361 1882 redipant,
383 1816 411 1870 in
432 1834 487 1887 quo
508 1835 533 1886 p.
556 1823 578 1871 1.
598 1818 637 1871 sic
658 1817 767 1872 scribit:
790 1819 844 1871 Est
864 1828 1010 1888 conpertus
1030 1828 1056 1871 ct
1083 1815 1147 1869 dam
1166 1817 1197 1869 in
1216 1817 1319 1869 lumine
1337 1817 1456 1882 pieriae.
1487 1814 1637 1884 Apostolus
1660 1820 1682 1870 1.
1697 1817 1758 1869 Cor.
1775 1819 1817 1881 13,
1836 1832 1862 1872 v.
1879 1821 1916 1871 12.

221 1904 357 1967 Bremae,
382 1903 454 1956 sicem
480 1920 512 1956 es
539 1905 634 1956 multis
660 1905 832 1969 arpumentis
855 1905 972 1971 callipo,
993 1923 1055 1959 cors·
1083 1920 1132 1971 per
1149 1901 1219 1955 duas
1237 1902 1344 1971 species
1364 1900 1600 1976 ἀντιδιῃρημένως
1624 1899 1678 1954 vibi
1696 1900 1814 1955 invicem
1833 1918 1917 1972 oppo-

220 1988 344 2056 scriptus
369 1989 462 2042 trinus
485 1996 624 2042 tractatus
648 1989 750 2043 Latine
776 1991 826 2042 sul
851 1993 916 2054 ficto
945 1993 1055 2045 nomine
1083 1989 1150 2043 sitas
1172 1988 1304 2043 visionem
1318 1988 1372 2042 Dei
1385 1988 1425 2041 sie
1437 1987 1592 2057 distinguit,
1612 1985 1686 2056 quod
1706 2002 1761 2040 nna
1780 1987 1818 2040 sit
1835 1989 1919 2056 tajm

221 2074 303 2126 Petri
323 2075 524 2142 Warenhurpii
547 2077 582 2137 sle
599 2075 802 2130 Altenlcirclsen
824 2084 850 2128 et
869 2078 960 2130 editus
981 2079 1056 2131 Nea·
1082 2077 1156 2128 vitae
1172 2076 1301 2143 proprio,
1332 2091 1415 2145 quem
1443 2080 1525 2129 vocat
1542 2074 1733 2142 specularem,
1760 2090 1817 2143 qna
1845 2090 1919 2127 nunc

216 2160 283 2228 poli
298 2161 334 2212 al
353 2159 464 2229 impuro
486 2168 511 2213 et
530 2160 712 2229 diffamatore
735 2163 911 2230 typoprapho
930 2164 1056 2216 Matthia
1083 2175 1132 2229 per
1151 2159 1294 2230 speculum
1310 2160 1340 2215 in
1363 2159 1520 2230 aenigmate
1541 2157 1680 2228 videmus,
1697 2156 1814 2212 alterum
1833 2159 1919 2212 intui·

221 2245 376 2310 Harnisch‚
394 2245 425 2298 in
441 2246 523 2312 cnjus
542 2248 664 2299 secundo
677 2254 803 2299 tractatu
814 2249 900 2301 audet
918 2249 1011 2301 dicem
1029 2256 1056 2302 et
1082 2248 1177 2314 tisana,
1195 2261 1251 2316 qna
1269 2251 1337 2299 tunc
1353 2261 1371 2298 a
1391 2243 1463 2298 iacis
1480 2243 1517 2298 ad
1534 2243 1634 2298 faeiem
1654 2242 1817 2298 videbimus
1850 2243 1917 2313 Spe

221 2331 344 2383 scribere
370 2330 421 2383 iste
455 2331 691 2399 Warenhurpius,
723 2334 801 2401 quod
825 2334 918 2386 sancti
941 2335 972 2386 in
997 2336 1056 2388 vita
1083 2332 1178 2386 culum
1204 2329 1274 2385 iilud
1302 2330 1388 2384 stetini
1412 2335 1504 2400 potest
1522 2331 1636 2399 triplex:
1669 2329 1694 2395 1)
1721 2331 1788 2397 ipsa
1814 2339 1919 2383 natura

221 2423 337 2467 aetmna
358 2417 451 2468 Deum
468 2433 526 2467 non
545 2417 575 2468 in
595 2434 625 2468 se
642 2426 667 2468 et
687 2417 771 2469 sicuti
787 2426 827 2472 est
842 2419 897 2472 sint
915 2420 1007 2472 essuri
1025 2436 1056 2472 rs
1083 2435 1132 2471 seu
1150 2435 1196 2471 res
1216 2425 1343 2483 meatus,
1377 2416 1412 2470 in‘
1440 2415 1540 2487 quibus
1569 2414 1683 2486 quidam
1710 2415 1792 2485 qussi
1827 2415 1920 2485 fulgor

221 2517 288 2555 sera
305 2509 331 2553 et
358 2516 389 2553 re
407 2500 480 2569 apsa.
512 2499 693 2569 Bndovvisins,
713 2503 780 2558 bero
800 2503 947 2572 Bohemus,
976 2505 1056 2560 horo·
1084 2502 1237 2558 divinitatis
1259 2502 1364 2556 relucet
1383 2501 1462 2557 Rom.
1487 2508 1509 2566 1,
1535 2520 1562 2558 1.
1578 2506 1620 2557 20.
1640 2517 1696 2572 quo
1710 2516 1793 2556 sensu
1812 2507 1919 2556 vet-eres

221 2585 296 2656 logio
314 2602 378 2658 pag.
401 2594 427 2641 l:
445 2586 543 2639 Etiam
561 2588 592 2640 in
604 2589 706 2651 futura
727 2589 757 2641 in
777 2589 863 2643 coelis
882 2590 942 2643 uita
968 2608 1055 2659 neque
1083 2589 1225 2659 accipiunt
1242 2588 1349 2642 dictum
1364 2586 1428 2643 lob.
1443 2591 1485 2652 36,
1505 2605 1530 2639 v.
1550 2592 1598 2645 25:
1620 2588 1721 2640 Omnes
1737 2586 1864 2640 homines
1880 2587 1986 2651 tri-124

222 2673 355 2734 homines,
374 2690 462 2742 neque
480 2672 596 2741 ampelos
618 2667 738 2741 capaces
761 2676 828 2738 fore
846 2683 918 2743 puto
936 2678 978 2728 ad
991 2694 1056 2747 per-
1084 2678 1230 2743 censeam,
1246 2673 1434 2741 unusquisque
1443 2672 1567 2725 intuetur
1572 2672 1678 2740 procul
1691 2673 1786 2725 Deum
1791 2692 1802 2738 ;
1818 2670 1920 2740 procu

222 2762 295 2821 fecte
307 2762 536 2826 evanescentium,
552 2760 646 2828 qualis
656 2763 736 2814 Dens
754 2763 791 2814 sit
809 2762 839 2814 in
855 2780 908 2814 sua
928 2764 1056 2817 essentia.
1083 2760 1196 2828 irstneri,
1213 2758 1351 2829 inquiunt,
1371 2767 1410 2811 est
1421 2774 1482 2811 eum
1494 2758 1600 2810 intueri
1616 2759 1648 2811 in
1665 2775 1715 2812 suo
1729 2774 1823 2826 opere,
1845 2757 1920 2826 estod

221 2845 376 2900 Bndowizii
388 2846 572 2916 patrocinium
586 2848 710 2916 suscepit
723 2846 852 2902 lulianus
867 2848 1057 2917 Poniatevius,
1080 2848 1184 2917 procul
1203 2847 1280 2899 alem
1294 2846 1382 2897 aDei
1395 2844 1588 2913 perfectione,-
1615 2847 1641 2910 2)
1659 2844 1794 2912 symbola,
1804 2846 1919 2910 fipurae

221 2931 321 2987 nobilis
341 2932 469 2999 l’oionns,
486 2932 516 2986 in
534 2931 726 2988 dissertatione
743 2933 827 2991 theol.
847 2934 881 2988 de
902 2935 953 2988 hac
971 2953 1055 3005 quae·
1085 2943 1110 2988 et
1138 2934 1273 3000 imapines
1300 2939 1443 2995 externae,
1477 2931 1506 2984 in
1536 2928 1637 3000 quibus
1663 2929 1760 2984 divine
1788 2931 1918 2999 majestas

223 3019 313 3075 stione
330 3017 414 3083 edite,
430 3018 479 3071 sed
498 3025 646 3089 utrumque
661 3019 768 3074 erudite
786 3019 996 3075 etsuiiicienter
1014 3038 1056 3077 re·
1084 3019 1187 3074 sanctis
1221 3035 1251 3072 se
1285 3017 1452 3087 quandoque
1484 3016 1630 3086 patefecit,
1665 3014 1737 3071 Gen.
1757 3020 1799 3082 at,
1825 3033 1853 3071 v.
1874 3019 1915 3070 30.

222 3103 295 3175 pulit
318 3104 504 3159 nobilissimus
527 3103 649 3176 theolog.
668 3103 746 3172 Hei,
774 3102 868 3159 fautor
897 3115 925 3159 et
952 3106 1057 3160 amicus
1084 3103 1172 3160 Exod.
1192 3107 1233 3173 33,
1253 3121 1277 3157 v.
1298 3106 1339 3158 23.
1362 3107 1382 3157 1.
1402 3100 1470 3171 Reg.
1491 3105 1533 3163 22,
1550 3120 1572 3156 v.
1594 3100 1803 3168 11131111.
1824 3105 1849 3155 3.
1868 3107 1918 3155 ete

222 3195 317 3243 noster
329 3189 486 3260 singularis,
503 3188 533 3241 in
551 3189 630 3258 epist.
650 3189 686 3242 ad
706 3189 844 3246 Budowit.
864 3197 892 3244 et
905 3191 935 3245 in
948 3191 1056 3247 dissert.
1085 3195 1110 3257 3)
1123 3190 1234 3245 uerbum
1246 3187 1409 3253 revelatum,
1424 3205 1474 3256 per
1488 3186 1564 3258 quod
1578 3186 1699 3256 Spiritus
1714 3195 1826 3242 sanctus
1845 3203 1918 3240 men·

222 3275 496 3344 Antiponiatovinne.
547 3275 574 3343 4)
600 3275 775 3330 Photiniani.
814 3275 1000 3331 Schmaltzins
1028 3277 1057 3330 in
1084 3284 1125 3332 tes
1154 3275 1296 3329 hominum
1322 3274 1437 3328 salutari
1462 3273 1516 3328 Dei
1542 3272 1700 3343 cognitione
1722 3273 1858 3341 illustrat,
1875 3272 1918 3337 [ad

223 3377 312 3415 exam.
333 3367 390 3418 151.
415 3377 538 3415 errorum
558 3377 609 3415 err.
631 3365 687 3416 129.
707 3379 733 3430 p.
748 3366 794 3416 35:
813 3362 851 3414 In
870 3363 947 3417 coelo
967 3381 1057 3417 meen-
1084 3360 1258 3434 quodetiam
1277 3360 1417 3429 pertinent
1432 3367 1620 3426 sacramenta,
1638 3374 1710 3428 quae
1725 3364 1791 3411 sunt
1803 3358 1919 3412 verbum

222 3451 291 3501 tiam
314 3448 372 3500 Dei
390 3446 484 3500 uideri
495 3464 596 3515 posse,
620 3449 744 3500 norisium
762 3455 872 3501 constat
893 3450 965 3503 inter
983 3451 1058 3504 theo·
1084 3447 1186 3525 ὁρατόν
1219 3450 1277 3503 1111
1309 3447 1429 3503 visibile.
1484 3448 1539 3501 Per
1568 3446 1640 3501 hane
1667 3446 1841 3517 specularem
1868 3446 1919 3501 Dei

220 3535 308 3601 lopus.
1084 3537 1271 3608 cognitionem
1282 3540 1391 3588 tuntum
1401 3536 1431 3588 in
1442 3539 1554 3608 μέρους,
1566 3550 1600 3586 ee
1609 3541 1703 3601 parts,
1719 3535 1919 3601 cognoscimus,

260 3625 316 3674 131.
354 3617 512 3688 Antequam
536 3634 600 3672 vere
624 3616 809 3673 affirmantem
830 3619 986 3691 probemus,
1007 3639 1056 3676 no·
1085 3624 1134 3678 sed
1159 3623 1188 3676 in
1206 3622 1270 3686 {vita
1297 3628 1412 3675 aeterna
1436 3620 1568 3675 succedet
1593 3619 1719 3690 perfecta
1742 3626 1772 3674 et
1790 3619 1920 3673 intuitivs.

224 3705 340 3760 tendum
359 3712 414 3773 est,
442 3710 462 3759 1.
490 3704 581 3757 varias
608 3720 669 3757 esse
688 3705 799 3759 divinae
818 3706 932 3761 visionis
951 3709 1058 3776 species
1085 3711 1138 3764 Dei
1156 3707 1287 3779 cognitio,
1307 3723 1365 3775 qua
1381 3707 1472 3761 Deum
1489 3707 1562 3759 sicut
1581 3706 1611 3758 in
1628 3722 1658 3758 se
1676 3713 1725 3771 est,
1743 3704 1770 3759 h.
1789 3722 1812 3759 e.
1831 3704 1920 3775 ipsum

223 3793 280 3844 eine
291 3793 399 3859 modos,
416 3807 485 3861 quos
495 3789 579 3860 aliqui
595 3790 631 3845 nd
644 3799 763 3860 quatuor
774 3792 947 3860 potissimum
966 3795 1059 3865 capite
1085 3794 1208 3849 divinam
1238 3792 1402 3857 essentiam,
1440 3790 1600 3846 immediate
1630 3796 1659 3844 et
1687 3789 1747 3843 sine
1778 3790 1922 3844 involucro

224 3876 346 3933 revocari
355 3893 436 3946 posse
446 3884 567 3930 censent.
579 3877 673 3930 Prima
681 3876 750 3934 visio
761 3878 959 3942 estnatnralis,
969 3895 1058 3950 eaque
1085 3881 1205 3951 quodam
1218 3885 1330 3936 externo
1343 3892 1549 3948 cognoscemus.
1572 3875 1617 3944 jSi
1638 3891 1765 3947 quaeras,
1785 3892 1842 3947 qna
1860 3891 1921 3946 per·

223 3964 268 4017 vel
286 3965 422 4036 ἔμφυιος,
441 3963 619 4030 implantata,
640 3978 674 4017 ex
691 3963 798 4018 notitiis
814 3964 995 4030 naturalibus,
1014 3967 1058 4020 vel
1084 3968 1173 4021 111111
1195 3966 1268 4020 risio
1285 3965 1468 4019 numanitatis
1487 3962 1608 4026 Christi,
1634 3972 1671 4016 an
1691 3962 1728 4016 ad
1745 3963 1920 4031 epemtlarem

224 4051 386 4117 ἐπίκτητος,
416 4047 570 4117 acquisita,
603 4064 636 4104 ex
667 4055 855 4102 creaturarum
887 4049 1058 4118 inspectione
1086 4052 1169 4121 hujus
1187 4051 1269 4116 vitae,
1293 4067 1330 4103 an
1356 4065 1421 4105 vero
1451 4051 1492 4102 od
1514 4049 1674 4101 intuitiuam
1698 4047 1773 4102 vitae
1796 4046 1920 4110 alterius,

223 4137 339 4203 haustn3
368 4134 456 4189 altera
474 4140 516 4187 est
535 4135 703 4203 specularis,
724 4150 795 4204 quae
812 4133 844 4187 fit
862 4152 912 4204 per
931 4146 1057 4192 externas
1085 4137 1298 4207 respondemus,
1324 4135 1361 4189 ad
1388 4139 1549 4204 utramque,
1575 4133 1624 4188 sed
1650 4132 1759 4188 diverso
1783 4139 1921 4203 respectu.

223 4221 428 4293 apparitiones,
462 4221 560 4290 quales
594 4219 658 4275 olim
695 4220 873 4290 contigerunt
900 4221 1057 4291 prophetis,
1086 4225 1229 4288 Quatenus
1253 4220 1326 4276 enim
1351 4220 1491 4275 Christum
1515 4220 1544 4273 in
1569 4218 1667 4272 diebus
1694 4219 1787 4272 carnis
1806 4216 1921 4273 sanein

223 4309 306 4363 tertia
323 4313 365 4362 est
383 4305 493 4370 fidelis,
521 4321 593 4376 quae
617 4305 703 4359 oritur
723 4323 757 4359 ex
777 4306 945 4363 revelatione
966 4307 1056 4376 verbi,
1086 4309 1165 4364 terris
1175 4306 1368 4361 obversantem
1378 4306 1465 4359 oculis
1476 4305 1598 4360 nondum
1612 4303 1776 4376 glorificetis
1796 4303 1920 4358 homines

225 4399 253 4449 et
267 4399 368 4464 quarta
384 4392 526 4455 eoelestis,
554 4407 626 4461 quus
650 4391 794 4463 continget
823 4392 852 4445 in
879 4392 938 4446 vita
960 4394 1057 4448 altere.
1085 4396 1216 4449 viderunt
1233 4399 1262 4447 et
1282 4399 1420 4461 quatenus
1439 4391 1557 4447 eundem
1576 4390 1722 4446 visibiliter
1734 4389 1771 4444 ad
1783 4390 1923 4458 judicium

224 4481 422 4536 Bonaventnra
448 4482 472 4533 2.
495 4483 563 4530 sent.
586 4476 650 4531 dist.
676 4481 717 4533 23.
741 4485 793 4531 111.
812 4483 835 4532 2.
860 4495 885 4547 q.
905 4483 928 4532 3.
948 4486 1059 4548 11ρο11
1086 4481 1240 4535 venientem
1267 4479 1295 4532 in
1322 4477 1443 4531 nubibus
1471 4477 1540 4532 coeli
1563 4477 1646 4531 etism
1671 4476 1749 4546 impii
1777 4475 1922 4539 videbunt,

224 4583 285 4622 eum
305 4563 405 4619 clarius
425 4561 487 4617 Biel
511 4561 558 4616 lib.
576 4571 605 4616 et
625 4562 748 4616 distinet.
769 4562 829 4618 iisd.
849 4581 873 4633 q.
895 4582 941 4617 nn.
963 4573 1013 4620 111.
1034 4569 1058 4619 3.
1087 4574 1201 4622 sumnus
1214 4564 1317 4619 Christi
1338 4565 1408 4619 visio
1424 4581 1480 4617 non
1498 4563 1617 4632 pertinet
1635 4563 1672 4616 ad
1684 4562 1817 4616 visionem
1835 4561 1922 4616 beati·

223 4651 280 4705 dub
310 4655 339 4704 2:
365 4651 473 4704 Modus
495 4649 683 4718 capnoscendi
699 4649 793 4701 Deum
816 4658 856 4699 est
873 4651 1060 4720 quadruplae,
1087 4652 1182 4718 ficnm3
1209 4658 1347 4720 quatenus
1371 4666 1437 4703 vero
1463 4648 1538 4703 beati
1564 4648 1594 4702 in
1619 4649 1677 4702 vita
1701 4655 1817 4702 aeterna
1835 4647 1923 4702 oculis

223 4737 330 4790 scilicet
344 4753 400 4804 per
412 4736 516 4804 fidem,
534 4751 590 4803 per
608 4734 882 4803 contemplationem,
896 4752 952 4803 per
970 4754 1059 4805 appa·
1087 4735 1250 4808 glorificatis
1266 4751 1375 4789 summe
1391 4751 1453 4788 cum
1468 4733 1653 4789 delectatione
1667 4733 1757 4802 ipsum
1770 4731 1923 4787 intuebun-

223 4824 352 4876 ritionem
374 4829 400 4874 et
413 4837 469 4890 per
481 4826 611 4889 apertam
627 4819 768 4872 visionem.
806 4819 922 4873 Primus
936 4831 976 4875 est
994 4840 1057 4892 pra·
1086 4829 1141 4890 tur,
1160 4829 1274 4876 eatenus
1294 4821 1330 4874 ad
1346 4820 1528 4890 posteriorem
1546 4821 1659 4876 visionis
1676 4819 1789 4874 divinae
1800 4818 1922 4888 speciem

225 4911 282 4963 tiae
301 4908 463 4973 cerimonia,
479 4908 619 4959 sccundus
636 4906 749 4973 pratiae
766 4906 939 4974 excellentis,
962 4909 1060 4962 tertius
1087 4909 1216 4977 pertinet.
1246 4906 1364 4970 Quando
1382 4921 1450 4975 ergo
1470 4904 1523 4960 hoc
1542 4905 1603 4959 loco
1621 4905 1773 4975 quaeritur,
1792 4922 1832 4958 an
1848 4904 1925 4958 beati

222 4997 334 5064 cratiae
363 4993 511 5062 specialis,
545 4999 664 5062 quartus
697 4992 807 5061 ploriae
834 4996 1060 5051 consummantis.
1087 4996 1117 5047 in
1128 4995 1188 5047 cita
1201 5000 1316 5045 aeterna
1330 4992 1456 5044 divinam
1470 4990 1618 5044 essentiam
1635 4992 1691 5044 siat
1707 4989 1806 5058 essuri,
1824 5003 1923 5044 sensus

226 5083 449 5150 Distinpunntur
469 5086 561 5130 autem
583 5078 630 5131 illi
649 5078 729 5130 modi
746 5079 898 5131 acciendum
920 5080 1060 5134 dissessum
1087 5078 1256 5149 quaestionis
1269 5084 1319 5139 est,
1337 5093 1374 5130 an
1389 5083 1499 5146 praeter
1512 5076 1645 5131 visionem
1663 5076 1846 5146 specularem,
1865 5089 1923 5144 qua

224 5170 337 5222 modum
363 5167 477 5218 divinae
497 5164 691 5234 praesemina,
709 5165 861 5216 secundnm
881 5167 959 5233 quod
974 5183 1059 5234 prae·
1072 5184 1075 5249 1
1089 5164 1165 5218 Dens
1182 5165 1212 5218 in
1230 5163 1288 5218 suis
1308 5161 1439 5233 operibus
1458 5163 1566 5230 creatis,
1586 5163 1617 5216 in
1633 5162 1730 5216 formis
1744 5161 1865 5216 externis
1885 5158 1923 5214 ud

224 5271 288 5308 sens
315 5252 404 5306 estin
422 5251 533 5304 ratione
555 5249 669 5318 objecti,
697 5249 828 5303 videlicet
850 5266 990 5321 praesens
1018 5252 1060 5304 in·
1088 5256 1196 5319 tempus
1219 5250 1348 5303 assumtis
1374 5258 1402 5303 et
1426 5249 1455 5303 in
1481 5247 1604 5303 revelate
1629 5247 1714 5302 verbo
1739 5247 1865 5315 videtur,
1889 5262 1923 5300 ac

223 5338 347 5393 tellectui
364 5340 405 5390 ad
423 5337 581 5390 uidendum.
612 5335 688 5388 Nam
706 5336 736 5388 in
750 5337 846 5405 primo
864 5353 1001 5405 praesens
1020 5345 1061 5390 est
1088 5343 1197 5407 praeter
1216 5336 1349 5391 visionem
1367 5334 1548 5390 humanitatis
1567 5333 1685 5398 Christi,
1708 5350 1764 5405 qua
1783 5332 1875 5387 Deum
1895 5333 1924 5387 in

224 5428 305 5477 Deus
324 5424 401 5491 aliis,
423 5423 522 5492 quihus
541 5439 569 5475 se
589 5423 737 5492 revelarit,
759 5440 877 5491 quorum
896 5423 1062 5477 auctoritati
1087 5439 1171 5477 carne
1197 5420 1351 5477 revelatum
1377 5421 1465 5476 oculis
1491 5420 1630 5491 corporeis
1656 5419 1751 5474 videre
1776 5418 1922 5488 contingit,

223 5515 371 5568 credimus.
403 5509 487 5570 Quod
509 5509 581 5562 enim
601 5512 696 5579 credo,
713 5511 808 5566 Deum
832 5527 892 5564 esse
909 5510 1014 5564 trinum
1033 5519 1060 5564 et
1087 5509 1169 5564 detur
1204 5508 1275 5563 alius
1305 5508 1419 5565 visionis
1446 5507 1561 5572 modus,
1592 5524 1648 5578 quo
1679 5505 1770 5575 ipsam
1799 5504 1924 5562 divinam
