4050 6014
231 189 248 244 2
883 181 1113 241 TRACTATUS
1132 184 1299 242 TERTIUS

228 334 341 405 penitus
359 335 531 405 ignorarunt,
553 333 647 389 Actor.
665 340 705 402 tr,
717 352 743 389 v.
758 339 800 401 st,
820 355 949 391 nonnam
970 339 1072 392 iudicii

229 439 262 477 ex
293 428 372 491 parte
401 425 536 477 duntaxat
566 431 769 493 cognoverunt,
799 425 935 492 abjectum
963 425 1070 490 iudicii
1394 429 1581 491 οΑΡΠΤ
1610 431 1635 491 Ῑ,

228 509 358 563 videlieet
378 509 502 564 homines
521 528 554 565 ex
584 516 672 566 morte
699 511 876 566 resuscitatos
899 512 1067 584 judicandos

228 614 288 651 esse
310 603 367 649 tam
387 598 412 650 in
432 599 558 668 corporib
572 617 607 664 s,
631 616 716 669 quam
736 599 763 652 iu
783 599 929 654 animabus
953 600 1010 653 suis
1034 617 1066 653 ex
1238 583 1294 647 De
1325 583 1524 647 ΟΝΟΜΛ
1538 584 1798 648 ΤΟΛΟΓΙΛ.

231 693 348 738 naturae
368 684 472 738 lumine
491 685 583 739 videre
597 703 651 738 non
665 695 823 755 potueruut,
842 686 986 739 sedetiam
1000 686 1067 738 mul·

229 770 264 823 tis
287 770 444 824 fabularum
463 779 491 825 et
509 788 632 826 errorum
653 770 849 825 additamentis
872 773 1066 828 corrtuminata.
1130 774 1153 825 3.
1190 768 1338 823 Ordiamur
1355 769 1566 839 explicationem
1585 770 1669 838 hujus
1691 769 1831 822 novissimi
1853 772 1939 841 juxta
1951 769 2013 828 'oso

229 864 260 910 ut
280 865 411 910 testatum
427 857 547 911 reddunt
560 857 671 911 tabulae
685 859 718 910 de
734 857 835 919 Mincii,
853 857 1067 911 Rhadamantho
1095 855 1252 909 methodum
1272 857 1404 910 hacteuus
1424 875 1440 909 a
1458 857 1536 911 uobis
1551 856 1725 909 observatam
1740 856 1775 909 ab
1794 855 1938 930 bropuro-
1953 819 2017 914 2⁰7)

228 954 255 997 et
281 944 383 1009 Aeaco,
405 961 473 1013 quos
494 945 568 1014 apud
588 943 690 998 inferos
704 945 816 1014 judices
835 946 1066 999 collocaruntetc.
1094 946 1184 1013 leym,
1205 959 1276 1012 quae
1296 946 1492 1017 tropoloyiur,
1514 942 1680 1018 ὁμωνυμίαν
1699 960 1732 996 aa
1752 916 2017 1034 assruvvprisr23³¹

231 1035 253 1084 2.
284 1030 356 1094 Quia
384 1037 426 1084 est
449 1032 539 1083 omnis
567 1032 694 1094 vivificae
723 1033 923 1085 consolationis
951 1034 980 1084 in
1006 1032 1066 1101 qvi·
1092 1029 1290 1098 complectitur.
1319 1035 1341 1085 1.
1355 1029 1548 1105 Ἐτυμολογία.
1580 1031 1727 1083 tarassiam
1748 1030 1932 1084 dictumceu-

229 1119 320 1170 briania
338 1118 420 1169 buius
438 1120 512 1169 vitae
529 1117 670 1185 periculis
690 1126 716 1170 et
740 1119 870 1171 adversis
893 1120 1063 1181 fundamen·
1092 1120 1153 1169 sent
1174 1133 1190 1169 a
1210 1118 1330 1169 dicendo
1343 1117 1421 1184 jare,
1441 1118 1506 1186 quia
1523 1117 1626 1186 judicis
1645 1124 1738 1187 partes
1751 1124 1814 1169 sunt
1832 1135 1932 1172 secuu-

225 1213 295 1269 tum,
323 1202 396 1256 unde
418 1203 560 1273 apostolus
578 1204 607 1256 in
628 1221 737 1257 carcere
756 1211 784 1259 et
804 1204 920 1258 vinculis
943 1204 990 1275 pia
1010 1221 1061 1257 me·
1092 1203 1156 1255 dum
1177 1202 1247 1273 legis
1266 1209 1293 1255 et
1318 1203 1388 1271 juris
1415 1204 1615 1274 praescriptum
1640 1204 1731 1257 dicere
1755 1205 1931 1258 sententiam.

226 1290 360 1345 ditatione
385 1293 434 1359 τῆς
458 1294 663 1366 δικαιοκρισίας
690 1294 740 1346 τοῦ
768 1294 839 1347 θεοῖ
866 1307 926 1345 sese
952 1290 1064 1352 solatur,
1091 1288 1253 1342 Extremum
1277 1289 1414 1359 judicium
1443 1296 1557 1344 vocatur
1586 1297 1713 1359 respectu
1736 1292 1865 1358 priorum
1897 1308 1932 1345 ac

224 1385 248 1436 2.
269 1378 340 1432 Tim.
361 1384 386 1446 t,
406 1396 431 1430 v.
453 1385 484 1433 t:
512 1380 625 1433 Bonum
644 1388 783 1435 certamen
807 1380 928 1448 certam,
952 1396 1064 1433 mirsam
1089 1373 1310 1439 particularium
1330 1375 1444 1429 istorum
1459 1374 1637 1446 judiciorum,
1663 1393 1734 1445 quae
1753 1377 1781 1429 in
1801 1375 1854 1430 hac
1872 1377 1932 1432 vita

223 1466 420 1530 consummavi,
442 1468 525 1529 fidem
543 1467 669 1531 servavi,·
689 1471 752 1523 ab.
772 1465 1063 1534 inreliqaoreposita
1091 1466 1119 1513 et
1137 1460 1165 1513 in
1186 1469 1274 1515 morte
1294 1460 1501 1515 hominisDeus
1519 1472 1633 1518 exercet
1664 1463 1850 1534 Hieronymus
1867 1465 1929 1536 qui-

224 1563 264 1608 ιιι
283 1552 353 1605 mihi
368 1569 471 1605 emona
485 1551 632 1623 justitiae,
657 1571 741 1623 quom
759 1554 860 1606 reddet
879 1553 947 1605 mitt
966 1551 1063 1606 Domi·
1090 1547 1151 1600 dem
1170 1547 1232 1604 libr.
1251 1552 1273 1603 2
1294 1549 1355 1604 adv.
1374 1549 1484 1602 lavian.
1505 1549 1616 1603 scribit:
1648 1551 1713 1603 Non
1731 1559 1771 1602 est
1791 1553 1820 1603 in
1844 1569 1931 1621 prae·

223 1658 275 1694 nus
294 1641 323 1692 in
344 1638 398 1691 illa
410 1639 456 1690 die
468 1640 565 1706 justus
575 1639 687 1709 judea,·
705 1654 738 1693 ac
753 1637 1013 1694 Thessalonicenses
1027 1636 1063 1690 ad
1089 1634 1162 1687 senti
1178 1636 1323 1688 retributio
1340 1637 1393 1687 sed
1411 1635 1440 1687 in
1461 1640 1574 1704 sartura,
1599 1638 1673 1688 uncle
1692 1645 1717 1690 et
1738 1638 1798 1690 dies
1819 1638 1933 1706 judicii

223 1725 339 1783 eandem
360 1723 475 1779 deducit
494 1729 518 1779 2.
532 1724 657 1779 Thessal.
673 1730 772 1793 1,v.6:
795 1725 941 1795 Siquidem
958 1726 1063 1792 iustum
1089 1719 1119 1771 in
1142 1722 1378 1774 consummatione
1401 1722 1592 1790 promittitur,
1617 1724 1683 1791 quia
1711 1741 1783 1776 niano
1810 1742 1864 1777 non
1887 1734 1929 1779 est

223 1821 264 1866 est
283 1814 364 1880 apud
382 1813 477 1864 Deam
498 1811 653 1864 retribuere
677 1812 889 1864 tribulationem
914 1811 988 1879 illis,
1015 1811 1064 1878 qni
1082 1806 1236 1874 judicium,
1256 1808 1316 1860 sine
1337 1825 1424 1860 causa
1447 1809 1519 1860 enim
1540 1809 1704 1877 appellatur
1724 1811 1786 1863 dies
1804 1819 1928 1865 extrema

223 1899 358 1952 tribulant
375 1916 432 1967 vos,
453 1914 477 1952 v.
497 1903 521 1952 l.
541 1906 567 1950 et
586 1898 671 1963 vobis,
690 1896 740 1966 qui
755 1897 963 1950 tribulationem
979 1896 1060 1948 susti·
1082 1894 1200 1960 judicii,
1223 1895 1249 1946 si
1267 1896 1349 1947 modo
1363 1896 1480 1963 judicat
1501 1897 1588 1951 Deus.
1624 1897 1664 1949 At
1681 1914 1735 1950 nou
1754 1902 1846 1966 potest
1864 1899 1928 1952 sim·
1996 1921 2001 1930 ⁴

222 1986 302 2053 actu,
321 1986 445 2053 requiem
466 1985 496 2036 in
513 1985 685 2037 revelatione
698 1985 820 2036 Domini
837 1984 905 2037 Iesu
925 1984 960 2035 de
974 1982 1059 2035 coelo.
1089 1979 1198 2047 pliciter
1217 1988 1245 2034 et
1262 1980 1389 2036 absolute
1407 1982 1512 2053 negari.
1542 1983 1632 2039 Deum
1649 1984 1730 2037 etiam
1751 1985 1779 2036 in
1798 1983 1849 2040 hac
1869 1986 1929 2040 vita

224 2076 248 2127 3.
268 2071 340 2135 Quia
357 2077 400 2125 est
420 2070 649 2136 efficacissimum
665 2070 781 2138 pietatis
801 2071 978 2124 incentivum.
1008 2066 1061 2131 Qui
1085 2065 1223 2134 judicare,
1243 2085 1305 2121 cum
1326 2073 1354 2121 et
1369 2068 1512 2139 Scriptura
1526 2076 1554 2122 et
1566 2069 1738 2139 experientia
1751 2069 1778 2123 id
1794 2077 1927 2126 testatum

221 2158 294 2212 enim
313 2174 377 2211 vere
396 2157 484 2211 credit
505 2162 533 2211 et
552 2158 623 2211 serio
644 2156 784 2225 expendit,
802 2155 877 2226 quod
897 2171 975 2209 omne
992 2173 1061 2223 opus
1087 2144 1194 2207 reddat.
1229 2154 1338 2225 Duplex
1357 2156 1430 2210 enim
1448 2164 1489 2210 est
1506 2155 1558 2210 Dei
1575 2157 1720 2227 judicium,
1739 2158 1813 2228 quod
1832 2174 1926 2228 respe·
1980 2144 1984 2153 ’

221 2245 301 2299 Deus
322 2245 499 2297 adducturus
518 2243 556 2297 sit
574 2245 603 2296 in
619 2243 760 2310 iudicium
778 2259 864 2311 super
879 2242 1060 2297 omneoccal·
1087 2246 1133 2291 cta
1152 2240 1294 2294 bominum
1313 2248 1429 2297 exercet.
1463 2241 1546 2296 Prius
1566 2252 1607 2298 est
1632 2245 1824 2312 particulare,
1849 2253 1927 2298 ante·

220 2340 292 2395 tum,
317 2328 374 2382 sive
393 2330 492 2382 bonum
510 2330 569 2383 sive
588 2329 694 2382 malum
714 2328 788 2385 Eccl.
811 2334 849 2397 ta,
867 2345 892 2382 v.
913 2335 958 2399 143
985 2328 1058 2399 quod
1087 2326 1196 2393 cesima,
1212 2329 1351 2396 partiale,
1371 2329 1526 2398 temporale
1546 2329 1727 2397 etoceultum,
1748 2330 1819 2400 quod
1833 2330 1861 2384 in
1874 2330 1927 2386 hac

222 2418 258 2472 da
276 2417 353 2471 amni
369 2415 453 2470 verbo
474 2417 563 2471 orioro
581 2417 656 2471 ratio
673 2418 824 2470 reddenda
844 2417 881 2470 sit
899 2417 930 2469 in
949 2416 995 2470 die
1010 2416 1058 2483 jn·
1086 2411 1142 2466 vita
1161 2414 1205 2467 rel
1230 2415 1259 2468 in
1278 2424 1364 2471 morte
1388 2418 1524 2487 cujusque
1550 2416 1668 2471 hominis
1695 2424 1817 2486 exercet,
1842 2417 1926 2489 idque

225 2502 580 2573 a1·ciiMatth.tr,v.aa;
608 2503 681 2575 quod
696 2505 842 2573 ,Dominus
859 2502 1056 2571 adjudicium
1085 2507 1142 2554 tum
1167 2503 1247 2571 pias,
1273 2511 1332 2558 tnm
1352 2505 1454 2573 impias
1477 2507 1632 2572 concernit,
1660 2506 1708 2560 sed
1734 2505 1927 2562 diversimode.

219 2591 330 2646 veniens
349 2590 562 2643 illuminatione
579 2591 615 2644 sit
638 2591 805 2645 abscondita
827 2589 1005 2644 tenebrarum
1032 2597 1057 2640 et
1085 2586 1149 2641 Pios
1166 2590 1238 2643 enim
1258 2597 1354 2645 contra
1367 2595 1498 2647 satanam
1519 2598 1546 2646 et
1564 2593 1651 2662 ipsius
1669 2609 1774 2663 organa
1793 2592 1925 2663 defendit,

221 2678 454 2742 manifestaturus
471 2679 592 2732 camilia
611 2679 740 2733 cordium
772 2684 781 2733 t
804 2674 868 2732 Cor.
890 2684 914 2743 t,
932 2695 958 2730 r.
980 2682 1005 2745 5,
1034 2675 1057 2728 is
1084 2674 1113 2727 iu
1131 2686 1276 2746 peccatum
1302 2677 1445 2748 prolapsos
1472 2684 1585 2749 paterne
1608 2680 1728 2750 castigat
1754 2696 1786 2734 ac
1812 2681 1925 2736 tandem

220 2763 350 2821 vitamet
367 2764 489 2820 actiones
517 2781 611 2819 omnes
634 2764 669 2818 ad
698 2765 830 2835 pietatem
859 2769 1006 2834 componet
1029 2770 1058 2817 et
1084 2779 1116 2816 ex
1136 2763 1263 2817 omnibus
1283 2764 1413 2834 periculis
1439 2769 1467 2820 st
1490 2765 1613 2819 adversis
1637 2764 1752 2834 liberat,
1778 2767 1924 2822 animabus

219 2851 248 2906 in
264 2868 330 2907 vero
350 2850 403 2906 Dei
419 2851 516 2905 timore
537 2848 656 2926 ἀκριβῶς
674 2850 835 2916 ambulabit,
854 2850 924 2921 Eph.
943 2856 967 2914 5,
979 2867 1005 2902 v.
1017 2856 1056 2905 15.
1084 2866 1179 2903 eorum
1197 2851 1232 2903 ad
1254 2869 1283 2905 se
1304 2851 1332 2904 in
1350 2853 1455 2906 coelum
1476 2853 1612 2922 receptis;
1632 2852 1729 2922 impios
1750 2871 1815 2907 vero
1834 2855 1862 2907 in
1883 2856 1925 2909 ira

219 2938 260 2995 Eo
285 2956 334 2994 nos
359 2937 504 2992 remittunt
531 2937 665 3009 apostoli,
687 2937 792 2991 Paulus
819 2936 882 2992 Act.
904 2943 944 3001 17,
962 2954 987 2991 v.
1007 2941 1055 2991 30:
1083 2954 1133 2990 sua
1157 2937 1251 3007 punit,
1278 2937 1464 2993 molitionibus
1489 2956 1585 2993 eorum
1610 2938 1720 2993 obsistit
1748 2958 1780 2994 ac
1802 2940 1924 3010 ipsorum

220 3028 302 3079 Deus
320 3025 470 3078 annuuntiat
489 3024 614 3077 omnibus
632 3023 733 3093 ubique
750 3022 919 3092 bominibus,
943 3031 975 3076 ut
988 3040 1055 3091 poe·
1083 3024 1189 3077 animas
1217 3041 1249 3077 ex
1274 3025 1396 3096 corporis
1422 3025 1560 3080 domicilio
1586 3042 1710 3096 egressas
1732 3029 1760 3080 in
1784 3027 1924 3083 infernum

88 3136 144 3177 111.
159 3135 204 3179 lot.
218 3113 364 3166 nitentium
381 3119 478 3181 cpont,
497 3129 522 3167 v.
539 3116 580 3168 31.
598 3129 629 3165 eo
647 3114 723 3180 quod
738 3112 838 3165 statuit
857 3111 938 3175 diem,
957 3111 987 3163 in
1001 3127 1055 3179 quo
1082 3108 1211 3167 detrudit.
1251 3110 1394 3166 Posterius
1424 3118 1466 3167 est
1494 3114 1666 3180 anniversale,
1690 3115 1797 3182 finale,
1828 3117 1923 3181 totale,

218 3199 401 3268 iudicaturus
422 3204 463 3252 est
486 3197 579 3251 orbem
599 3206 740 3252 terrarum
758 3199 788 3250 in
811 3198 924 3266 justitia
945 3214 998 3265 per
1017 3197 1055 3249 vi·
1083 3206 1308 3267 ceinsnmmatum,
1328 3207 1471 3252 aeternum
1491 3217 1525 3252 aa
1538 3200 1728 3269 manifestum,
1749 3199 1823 3270 quod
1836 3199 1923 3252 indie

217 3305 295 3352 rum,
326 3287 355 3338 in
375 3303 429 3354 qno
447 3285 559 3350 statuit,
584 3291 613 3338 et
630 3283 728 3339 Petrus
747 3289 772 3340 2.
789 3283 897 3354 epistol.
919 3288 943 3353 3,
963 3301 987 3337 r.
1010 3288 1055 3338 ll:
1082 3284 1191 3337 demum
1210 3284 1357 3339 novissimo
1378 3293 1440 3357 post
1459 3302 1603 3354 corporum
1630 3286 1867 3339 resuscitationem
1894 3287 1923 3339 iu

223 3373 291 3428 Cum
309 3373 377 3425 baec
402 3373 497 3426 ovinia
521 3371 559 3439 (in
583 3370 629 3425 die
648 3369 759 3442 judiciii
785 3371 967 3424 dissolvenda
991 3371 1055 3435 sint,
1083 3369 1194 3441 publico
1221 3371 1342 3425 universi
1367 3370 1441 3425 orbis
1465 3380 1620 3441 conspectu
1648 3372 1819 3438 instituetur,
1847 3373 1922 3442 quod

221 3458 319 3529 quala
339 3465 447 3529 oportet
464 3475 513 3511 nos
531 3474 590 3510 ease
613 3455 643 3509 in
670 3457 775 3510 sanctis
801 3456 1056 3510 conversationibus
1083 3457 1193 3528 proprie
1205 3460 1321 3512 extremi
1326 3460 1437 3527 judicii
1448 3460 1557 3513 nomine
1571 3458 1744 3529 intelligitur.
1772 3461 1920 3530 Angustia.

223 3552 250 3599 et
264 3545 419 3614 pietatibus
435 3561 459 3599 v.
482 3548 521 3599 12.
553 3550 743 3612 exspectantes
767 3551 794 3596 et
813 3550 1003 3612 properantes
1027 3543 1056 3594 in
1084 3545 1130 3598 hb.
1151 3550 1191 3600 20.
1210 3544 1245 3598 de
1265 3545 1339 3603 civit.
1359 3544 1411 3599 Dei
1432 3562 1495 3615 cap.
1516 3553 1542 3601 l:
1563 3546 1634 3598 Ideo
1652 3565 1714 3598 ιιιιιι
1727 3547 1801 3598 diem
1812 3547 1924 3616 judieii

1987 989 2017 1052 yt

222 3634 371 3686 adventum
391 3631 451 3684 diei
467 3631 525 3683 Dei
535 3637 587 3684 etc.
606 3629 672 3701 quin
686 3635 714 3683 et
727 3629 787 3698 ipse
796 3627 922 3682 Christus
936 3628 1056 3697 Lucil,
1084 3632 1211 3697 dicimus,
1236 3632 1370 3684 adelinus
1388 3632 1516 3684 ultimum
1534 3632 1577 3685 vel
1594 3633 1781 3700 novissimum,
1809 3635 1876 3703 quia
1898 3643 1925 3687 et

220 3736 246 3773 v.
266 3723 311 3773 ³4:
337 3717 483 3770 Attendite
501 3717 578 3769 vobis
596 3715 681 3784 ipsis,
708 3733 741 3769 ne
762 3717 851 3769 corda
873 3724 966 3769 vestra
990 3734 1056 3784 pra·
1084 3736 1157 3771 nisae
1174 3718 1286 3784 judicat
1305 3726 1331 3770 et
1350 3719 1385 3771 ab
1405 3719 1487 3771 initio
1505 3719 1623 3771 burnani
1638 3720 1749 3788 penoris
1774 3720 1921 3789 judicavit,
1937 3747 2017 3791 xlta]

221 3811 321 3857 ventur
340 3802 462 3872 crapula
481 3810 506 3855 et
525 3802 700 3855 ebrietateet
720 3801 897 3854 euricircias
916 3803 1004 3869 vitoe,
1032 3812 1056 3854 et
1085 3797 1241 3857 imo'etiam
1261 3806 1373 3874 picando
1394 3806 1504 3874 capelia
1521 3806 1702 3873 peccantibus
1714 3823 1769 3858 non
1788 3809 1921 3876 pepercit,

219 3890 396 3958 superveniat
413 3889 443 3942 in
461 3906 510 3942 vos
536 3889 597 3942 dies
621 3888 674 3941 illa
699 3888 860 3956 repentina,·
883 3905 908 3940 v.
930 3895 970 3943 35.
997 3895 1057 3940 tan·
1083 3891 1286 3959 proculdubio
1309 3892 1458 3960 judicavit.
1494 3892 1624 3958 (Quidam
1654 3892 1758 3959 triplae
1783 3894 1920 3964 judicium

221 3994 303 4046 ᾳαααι
324 3976 441 4047 loquerer
460 3976 532 4028 enim
551 3975 724 4042 superveniet
739 3975 769 4026 in
782 3992 882 4041 omnes,
903 3975 1057 4042 quieedent
1084 3977 1206 4031 divinum
1225 3984 1365 4033 statuunt:
1393 3979 1524 4046 penerale
1545 3979 1580 4031 ob
1604 3986 1748 4049 peccatum
1769 3981 1921 4049 primorum

220 4079 305 4134 saper
311 4062 422 4129 sociem
433 4069 534 4114 terrae.
554 4077 578 4112 v.
592 4064 634 4115 36.
652 4057 773 4129 Vipilate
792 4061 887 4129 daque
907 4061 982 4114 omni
993 4069 1057 4114 tern-
1084 4071 1228 4133 parentum
1247 4062 1324 4118 Rom.
1343 4071 1366 4122 5.
1385 4083 1409 4119 v.
1430 4069 1475 4131 163
1498 4064 1677 4134 particulare
1698 4066 1725 4118 in
1745 4065 1798 4119 hac
1817 4067 1873 4120 vita
1893 4073 1922 4121 et

217 4156 435 4219 pomoraniae,
462 4154 492 4199 ut
512 4146 595 4216 dipni
613 4145 776 4199 reddamini
798 4148 900 4213 fupere
928 4143 1056 4200 ista’om·
1084 4157 1184 4215 morte3
1208 4150 1366 4203 universale
1386 4159 1411 4202 et
1431 4150 1516 4212 ririale
1536 4151 1563 4203 in
1585 4149 1629 4203 die
1649 4151 1794 4206 novissimo
1812 4159 1921 4206 secutu-

220 4236 278 4303 via,
296 4251 366 4304 quae
381 4236 489 4299 sutura
508 4241 580 4302 sunt,
601 4241 626 4285 et
646 4241 723 4286 stare
736 4250 831 4286 coram
844 4233 922 4286 Filio
937 4234 1056 4287 bominis
1083 4254 1151 4289 rum.
1178 4233 1231 4290 Sed
1253 4253 1296 4289 res
1317 4237 1413 4290 eodem
1426 4237 1531 4303 recidit,
1552 4237 1617 4308 quia
1632 4244 1782 4291 extremum
1797 4245 1825 4291 et
1836 4237 1920 4293 finale

221 4321 425 4388 (universorum
445 4319 563 4390 judice).
600 4325 624 4374 4.
643 4318 716 4384 Quia
735 4326 777 4372 est
796 4320 937 4388 proprium
967 4319 1056 4374 eccle·
1083 4322 1150 4375 illud
1167 4322 1313 4392 judicium,
1335 4323 1370 4376 de
1392 4340 1445 4393 quo
1464 4322 1515 4376 hoc
1536 4322 1597 4377 loco
1618 4324 1734 4394 agimus,
1752 4324 1920 4396 abutroque

222 4407 278 4463 siae
296 4407 450 4483 κειμήλιον,
478 4412 604 4476 utpatet
624 4405 735 4470 axillis,
757 4422 828 4475 quae
847 4405 920 4460 circa
940 4407 1054 4476 primam
1084 4409 1203 4476 priorum
1222 4409 1391 4479 judiciorum
1414 4409 1608 4480 distinguitur,
1638 4417 1666 4464 et
1683 4411 1820 4483 generalis
1845 4412 1919 4465 illius

223 4493 356 4548 rationem
377 4494 460 4564 paulo
479 4493 606 4564 superius
626 4499 690 4546 sunt
711 4491 811 4556 allata,
835 4492 956 4564 August.
976 4511 1054 4548 serm.
1078 4495 1187 4563 judicii,
1207 4495 1252 4549 cui
1266 4495 1616 4566 propterprotoptastorum
1624 4498 1824 4567 lapsumtotum
1831 4516 1920 4569 genus

220 4585 261 4636 ³4.
292 4579 328 4635 de
348 4580 422 4637 verb.
441 4589 528 4651 apost
549 4598 605 4636 non
630 4579 713 4652 longe
739 4579 876 4649 aprinc.:
906 4581 1055 4649 Scriptura
1082 4582 1231 4636 humanum
1258 4592 1301 4637 est
1321 4582 1484 4645 obnoxium,
1513 4584 1650 4653 quaedam
1676 4585 1864 4639 manifestatio
1892 4592 1920 4640 et

218 4665 298 4719 nobis
318 4668 640 4732 commendatissimum
661 4683 719 4720 esse
736 4667 875 4735 jridicium
892 4668 960 4732 Dei,
981 4670 1056 4736 qnod
1082 4668 1220 4723 exsecutio
1241 4687 1296 4722 non
1315 4670 1451 4728 immerito
1474 4677 1609 4726 censetur.
1646 4672 1746 4728 Johan.
1767 4671 1920 4726 Chassanio

215 4758 284 4821 post
306 4753 535 4806 resurrectionem
565 4753 749 4820 complebitur
777 4761 955 4808 mortuoram.
992 4754 1055 4806 Hoc
1081 4754 1127 4811 lib.
1149 4761 1172 4811 3.
1192 4755 1274 4822 locor.
1293 4773 1389 4809 comm.
1408 4773 1432 4811 c.
1453 4761 1494 4812 21.
1514 4759 1692 4827 qiiaelrapler
1712 4756 1765 4810 Dei
1782 4757 1919 4828 judicium

219 4846 268 4900 est,
287 4839 365 4909 quod
382 4838 536 4908 praecipue
558 4839 732 4893 Christianos
749 4859 767 4893 α
785 4840 887 4911 pentsli
904 4857 1001 4894 errore
1015 4860 1055 4896 se·
1082 4842 1187 4911 statuit,
1206 4860 1292 4896 unum
1312 4859 1345 4895 ea
1368 4851 1479 4906 nutrire,
1504 4860 1559 4913 qno
1577 4862 1627 4914 per
1644 4860 1704 4897 eam
1725 4843 1823 4914 legem,
1848 4861 1920 4914 qnae

218 4925 323 4991 cernit,
349 4925 417 4994 qaia
437 4925 484 4978 illi
500 4925 572 4978 banc
591 4928 781 4981 tantummodo
799 4928 886 4981 vitam
913 4945 972 4981 esse
997 4947 1054 4982 cre·
1081 4932 1182 4999 natura
1202 4928 1230 4981 iu
1249 4929 1348 4982 animis
1366 4927 1506 4983 hominum
1524 4930 1664 5000 insculpta
1679 4936 1729 4998 est,
1750 4932 1784 4985 de
1802 4931 1872 4984 bene
1887 4949 1920 4985 ac

220 5013 291 5065 dunt
307 5019 332 5065 et
351 5012 416 5065 ideo
435 5013 495 5065 sine
517 5013 580 5066 Deo
599 5028 657 5065 erse
674 5019 702 5065 et
722 5014 843 5067 diversis
862 5015 989 5086 peccatis
1014 5024 1056 5068 at·
1082 5013 1152 5070 male
1165 5013 1247 5068 factis
1256 5014 1378 5086 judicat;
1396 5017 1513 5070 atterum
1532 5035 1565 5069 ea
1582 5018 1652 5084 iope,
1671 5034 1725 5085 quo
1743 5016 1778 5072 de
1796 5017 1875 5071 bonis
1893 5025 1921 5072 et

222 5114 274 5166 osse
298 5097 461 5151 criminibus
486 5115 542 5152 non
565 5105 687 5152 manunt
712 5099 864 5168 inquinari.
906 5102 967 5154 Nos
991 5119 1056 5156 vero
1083 5099 1163 5154 malis
1181 5099 1311 5170 operibus
1329 5119 1362 5155 ac
1380 5101 1414 5156 de
1433 5104 1525 5172 pravis
1549 5102 1764 5174 cogitationibus
1792 5109 1819 5159 et
1844 5106 1920 5174 cupi·

224 5183 266 5237 ita
287 5184 316 5236 in
336 5184 390 5237 bac
407 5184 465 5238 vita
481 5200 683 5253 conversemur,
701 5193 731 5238 ut
751 5188 792 5238 od
809 5187 1055 5257 aliamnosprae·
1083 5186 1217 5243 ditatibus
1240 5204 1290 5257 per
1315 5187 1476 5260 decalogum
1498 5190 1619 5262 judicat;
1646 5191 1758 5246 tertium
1782 5208 1814 5244 ιι
1839 5209 1920 5245 evan·

223 5285 367 5339 paremus,
384 5272 414 5324 in
435 5289 491 5341 qua
510 5280 535 5324 et
552 5271 630 5325 bonsir
649 5271 721 5325 bona
741 5281 766 5326 et
784 5271 867 5328 malis
888 5273 1057 5329 molaretri-
1084 5275 1172 5343 pelio,
1196 5292 1251 5344 quo
1270 5274 1304 5330 ds
1324 5274 1379 5330 fide
1405 5286 1433 5330 et
1458 5276 1650 5332 incredulitate
1680 5277 1820 5332 hominum
1843 5279 1920 5350 jndi-

221 5352 347 5412 buentur.
1085 5361 1157 5416 cium
1175 5368 1302 5431 exercet3
1321 5374 1450 5434 quartum
1469 5382 1528 5420 esse
1548 5362 1615 5418 dicit
1626 5362 1694 5418 illud
1707 5366 1843 5433 ultimum,
1865 5383 1920 5438 quo

1085 5448 1132 5515 illi,
1152 5447 1200 5519 qui
1216 5451 1262 5507 vel
1278 5451 1337 5507 sola
1355 5458 1472 5507 naturae
1490 5452 1552 5507 luce
1572 5453 1690 5524 praediti
1708 5459 1781 5521 sunt,
1808 5453 1853 5510 vel
1873 5454 1921 5523 qui
