4050 6014
679 186 731 242 DE
749 184 1078 247 consentiamus
1096 186 1240 247 eruum.
1747 197 1804 254 lta

113 336 203 390 malos
220 343 249 390 ct
271 340 383 391 animas
409 340 620 402 damnatorum,
649 339 771 409 itemque
796 337 944 393 moenium
971 343 1126 393 communis
1145 348 1192 408 ast,
1212 342 1264 395 sed
1280 340 1469 409 abjectionem,
1492 339 1677 409 ipnominiam
1698 347 1725 393 et
1740 356 1806 409 per·

113 439 138 474 v.
160 426 201 477 tt.
222 422 349 477 additum
367 428 446 479 πᾶσα
464 421 479 492 ἡ
499 430 585 486 κτίσις
604 422 691 478 videri
710 419 895 497 ἆιαηιορικόν,
914 427 945 476 ut
970 426 1115 492 passiones
1133 427 1211 495 silas,
1230 444 1352 495 quarum
1370 433 1456 479 anteo
1471 424 1618 495 apostolus
1642 427 1807 480 mentionem

113 510 149 562 uit
174 524 272 562 sensus
302 509 391 562 omnis
416 510 469 563 rita
503 518 651 577 creatura,
684 509 790 564 scilicet
824 509 858 563 de
890 525 946 579 qua
972 512 1081 575 fecerat
1100 519 1127 564 et
1147 530 1219 581 orme
1239 513 1467 566 Christianorum
1486 518 1550 565 sunt
1562 512 1712 581 propriae,
1734 528 1807 580 quas

113 591 246 649 hactenus
266 599 372 658 actum,
393 594 518 664 adeoque
542 592 610 663 αὐτὴ
640 592 656 662 ἡ
678 601 779 657 κτίσις,
807 595 860 648 illa
882 593 945 663 ipsa
972 597 1804 668 necessariononcorruptiotontum,aedpicrumqueimmo·

113 688 258 743 erectiora,
281 686 313 733 ut
335 699 360 735 v,
384 685 425 736 21.
454 679 587 751 habetur,
616 680 757 735 nobiscum
781 679 946 748 inpomiscit,
974 689 1039 734 turo
1049 684 1134 737 ctiam
1147 686 1291 755 corruptio
1299 684 1483 753 consequitur.
1498 684 1553 738 Sed
1562 683 1590 737 iu
1599 682 1806 754 nulloScriptu-

113 782 169 836 qua
194 765 302 819 ratione
328 764 459 819 identitas
485 764 604 834 subjecti
631 765 659 818 ia
687 765 805 836 singulis
829 771 947 833 quatuor
973 783 1020 821 rae
1034 766 1094 821 loco
1112 767 1209 843 φθορά
1228 786 1278 840 pro
1292 769 1349 823 illis
1367 768 1571 823 calamitatibus
1591 773 1620 821 et
1632 769 1808 839 passionibus

115 851 258 907 versieulis
277 852 418 907 evidenter
436 849 620 907 confirmatur.
871 891 905 919 ss
974 853 1081 922 Piorum
1103 861 1261 925 usurpatur,
1293 854 1369 910 Vera
1387 852 1472 925 igitur
1486 859 1514 907 ct
1532 853 1654 924 genuina
1673 854 1806 922 iuterpre-

149 944 190 992 55.
208 938 413 991 Praedicatum
429 937 482 991 tria
494 938 617 992 membra
630 935 829 1007 complectitur,
850 942 872 991 1.
886 935 947 988 snb·
974 938 1043 993 tatio
1056 945 1098 993 est
1109 956 1151 1009 ea,
1167 941 1451 1010 quaperoonitatem,
1471 942 1518 992 cui
1529 948 1664 993 creatura
1680 941 1808 1007 subjecta

112 1023 243 1090 iectionis
274 1024 436 1092 comitium,
466 1027 489 1077 2.
521 1025 737 1091 empectationis
765 1022 947 1086 desiderium,
975 1033 1024 1088 est,
1036 1025 1202 1097 intelligitur
1217 1044 1272 1080 non
1284 1029 1373 1081 solum
1391 1026 1514 1081 defectus
1529 1025 1730 1089 mutabilitatis,
1748 1041 1808 1079 cor-

116 1115 140 1164 3.
160 1110 338 1163 liberationis
364 1109 532 1172 beneficium.
567 1109 613 1164 De
638 1109 726 1178 primo
747 1108 816 1162 dicit
841 1112 948 1175 aposto·
975 1111 1067 1180 ruptio
1080 1118 1108 1167 et
1120 1112 1280 1180 mortalitas,
1295 1111 1341 1166 cui
1355 1127 1448 1165 omnes
1458 1117 1601 1166 creaturae
1613 1128 1762 1182 corporeae
1776 1128 1808 1165 ac

115 1196 157 1250 lua
177 1213 202 1248 v.
228 1200 270 1251 20.
294 1192 474 1270 ματαιότητι,
498 1194 627 1263 vanitati,
651 1195 777 1263 saiJccta
804 1201 844 1247 cst
872 1211 949 1247 mco·
976 1196 1094 1250 visibiles
1116 1198 1329 1267 subjectae,sed
1343 1199 1424 1252 etiam
1443 1198 1647 1268 accumprimis
1665 1198 1808 1252 servitium

114 1289 187 1348 tura,
205 1299 261 1335 non
276 1282 380 1345 coiens,
399 1284 451 1334 sed
466 1289 586 1350 propter
605 1299 674 1344 eum,
689 1281 739 1349 qui
757 1279 875 1346 subjecit
887 1295 950 1330 com
975 1281 1052 1350 illud,
1066 1300 1120 1353 quo
1132 1288 1276 1339 creaturae
1288 1284 1316 1336 in
1328 1283 1380 1338 hac
1394 1282 1452 1337 vita
1464 1282 1596 1338 abusibus
1609 1282 1755 1352 impiorum
1764 1299 1809 1337 co·

114 1366 424 1436 inspectionis,
449 1383 512 1421 eam
540 1385 597 1421 esse
621 1366 798 1421 constitutam
822 1364 874 1417 sub
892 1380 948 1417 ser·
976 1373 1081 1436 guntur
1100 1370 1369 1438 essesubjeetae.—
1383 1370 1571 1422 omnishomo
1589 1370 1809 1423 uivensuanitas

115 1456 200 1509 some
225 1453 424 1521 corruptionis.
460 1453 514 1506 Per
541 1448 714 1521 ματαιότητα
747 1456 768 1506 1.
786 1448 949 1520 Chrysosto·
976 1460 1024 1515 est,
1038 1453 1129 1523 inquit
1141 1453 1244 1523 psaltes
1256 1454 1359 1509 Psalm.
1369 1460 1411 1521 39,
1420 1475 1445 1512 v.
1458 1461 1481 1511 e.
1497 1455 1564 1525 quia
1580 1472 1647 1525 ergo
1667 1459 1810 1509 creaturae

116 1557 192 1609 mus,
216 1537 457 1608 Theophylactus,
491 1538 675 1594 Oecumenius
704 1543 755 1592 etc.
792 1536 951 1603 intelligunt
976 1539 1130 1593 inserviunt
1150 1539 1260 1605 homini,
1273 1540 1336 1595 ideo
1345 1557 1395 1611 per
1408 1541 1613 1596 hocservitium
1626 1540 1810 1610 subjiciuntur

116 1626 332 1694 corruptionem.
362 1625 603 1687 Qucnmdmoctum
622 1624 673 1691 (ait
691 1623 903 1692 Chrysostomus
923 1620 951 1673 in
977 1625 1102 1679 vanitati.
1139 1626 1241 1680 Omnes
1260 1626 1385 1681 homiues
1404 1633 1468 1680 sunt
1486 1627 1615 1682 mortales
1634 1632 1663 1682 et
1676 1626 1809 1695 corrupti·

116 1714 228 1775 comm.)
248 1711 358 1764 bomine
377 1711 557 1779 corruptibili
576 1711 673 1780 effecto
691 1717 824 1764 creatura
843 1722 951 1776 meoque
976 1710 1060 1778 biles,
1093 1712 1160 1781 quia
1193 1729 1258 1781 ergo
1293 1720 1437 1767 creaturae
1467 1713 1621 1768 insumunt
1654 1712 1810 1767 bominibus

117 1797 312 1865 corruptibrtis
336 1804 376 1850 est
401 1799 512 1865 effecta,
536 1796 577 1850 sic
601 1796 711 1849 bomine
735 1796 829 1864 effecto
858 1793 950 1844 incor-
977 1797 1068 1867 impiis
1091 1799 1217 1868 nequiter
1240 1813 1287 1851 eas
1310 1797 1497 1862 abutentibus,
1522 1799 1585 1854 ideo
1608 1816 1658 1870 per
1684 1798 1736 1853 boc
1755 1815 1809 1853 ser·

116 1877 250 1952 meptibiti
269 1891 295 1935 ct
311 1883 375 1950 ipsa
396 1897 504 1952 meopte
524 1883 715 1950 subsequatur.
740 1879 832 1935 homil.
856 1883 896 1937 10,
914 1877 951 1931 ad
977 1882 1074 1936 vitium
1099 1882 1219 1937 subeunt
1243 1885 1374 1938 δουλείαν
1392 1885 1511 1958 φθορᾶς.
1550 1885 1601 1938 Sol
1622 1885 1713 1938 oritur
1726 1900 1811 1953 super

117 1968 213 2040 popul.
230 1967 372 2023 Arban:
407 1971 487 2021 Deus
506 1967 754 2031 atrabatensem
778 1966 850 2019 bunc
872 1983 951 2017 mun·
978 1970 1062 2022 bonos
1088 1977 1113 2021 et
1132 1970 1233 2033 malos,
1246 1970 1346 2037 pluuia
1373 1970 1517 2023 descendit
1547 1986 1632 2038 super
1656 1970 1752 2039 justos
1783 1979 1810 2023 et

119 2060 185 2108 rium
211 2055 264 2108 sed
294 2055 514 2123 corruptibilem.
568 2052 696 2106 Vanitati
729 2059 862 2106 creatrma
890 2049 950 2102 nib·
978 2055 1096 2122 injustos
1115 2054 1215 2110 Matth.
1235 2062 1260 2121 5,
1276 2073 1300 2110 τ.
1319 2062 1360 2112 45.
1374 2061 1463 2110 aerem
1481 2055 1662 2110 communiter
1679 2054 1811 2110 hauriunt

112 2142 192 2210 jmta
210 2148 258 2209 ert,
277 2141 305 2194 b.
325 2157 347 2193 e.
367 2139 557 2209 corruptibilis
580 2140 664 2206 facta
686 2146 727 2192 eat
752 2139 816 2192 Deo
834 2138 951 2203 jubente.
978 2140 1017 2208 pii
1036 2156 1070 2194 ac
1088 2140 1173 2210 impii,
1191 2146 1265 2194 terra
1282 2157 1377 2194 omnes
1397 2157 1430 2194 ex
1449 2157 1538 2210 aequo
1560 2141 1612 2194 alit
1633 2148 1662 2197 et
1688 2148 1810 2197 mortuos

117 2227 211 2280 «lussit
229 2234 322 2279 omem
335 2227 416 2279 Deua
435 2226 476 2278 sic
492 2232 613 2294 propter
632 2222 775 2278 homiuem·
813 2222 951 2284 Quoniam
979 2232 1035 2280 tarn
1060 2226 1146 2280 bonos
1170 2244 1253 2297 quam
1280 2225 1366 2280 malos
1394 2225 1423 2279 in
1448 2226 1585 2296 gremium
1602 2243 1684 2280 auum
1701 2227 1809 2297 recipit,

118 2313 191 2366 enim
217 2313 355 2366 bominem
379 2317 512 2364 creatura
536 2311 644 2363 nutrire
675 2309 791 2362 debebat
814 2307 951 2376 corrupti·
977 2318 1052 2366 terra
1073 2311 1250 2367 nascentibus
1277 2327 1371 2366 omnes
1391 2310 1530 2380 truanmr,
1554 2328 1617 2365 cum
1641 2317 1734 2366 umen
1758 2311 1809 2366 soli

119 2399 209 2465 bilem
227 2405 253 2451 et
271 2398 335 2467 ipro
352 2396 548 2464 corruptibilis
568 2411 627 2449 esse
647 2395 770 2449 debebat.
796 2394 862 2448 Non
879 2393 955 2466 enim¹
977 2395 1017 2466 pii
1045 2395 1185 2451 beneficiis
1211 2397 1266 2451 illis
1295 2396 1374 2468 digni
1401 2397 1472 2466 sint3
1496 2397 1549 2452 boc
1573 2413 1641 2469 ergo
1668 2396 1810 2453 servitium

118 2484 243 2546 decebat,
261 2481 460 2551 corruptibilia
477 2480 618 2535 bominum
637 2497 761 2550 corpora
780 2478 951 2550 incorrupti·
977 2482 1069 2552 impiis
1098 2482 1261 2551 praestitum
1296 2489 1338 2536 ost
1369 2482 1420 2536 illa
1449 2480 1602 2555 ματαιότης
1634 2500 1668 2539 sc
1696 2486 1810 2540 δουλεία

119 2569 171 2624 bili
196 2576 329 2624 creatura
357 2570 409 2622 uti.
444 2567 591 2622 Diceretur
617 2584 685 2638 ergo
708 2565 761 2621 hoc
789 2582 872 2620 sensu
896 2586 951 2639 μα·
978 2573 1102 2642 φθορᾶς,
1132 2567 1177 2622 cui
1205 2574 1347 2622 creaturae
1373 2569 1402 2621 in
1429 2568 1481 2622 bac
1505 2569 1563 2623 vite
1587 2575 1725 2640 coguntur
1751 2586 1810 2624 esre

119 2651 230 2724 ταιότης
252 2655 371 2709 seruitus
395 2653 596 2721 corruptionis,
620 2652 645 2708 h.
667 2669 690 2708 e,
713 2652 861 2721 corruptio,
880 2666 952 2720 quae
977 2655 1127 2723 subjectae.
1165 2653 1211 2707 Sic
1238 2653 1332 2707 vinum
1360 2661 1400 2707 est
1429 2654 1504 2711 bona
1529 2660 1558 2709 et
1584 2655 1729 2724 praeclara
1756 2654 1810 2709 Dei

120 2747 163 2797 eti
181 2741 319 2813 quaedem
338 2740 465 2802 servitur,
485 2746 517 2793 ut
535 2739 608 2795 enim
626 2755 722 2793 servus
740 2739 843 2792 invitm
860 2735 953 2800 servii,
978 2748 1112 2805 creatura,
1133 2740 1182 2792 sed
1201 2740 1311 2809 cogitur
1330 2739 1359 2793 in
1377 2738 1431 2794 hac
1450 2740 1509 2793 vita
1530 2741 1632 2793 servire
1650 2740 1810 2810 cupiditati·

120 2827 159 2882 ita
175 2834 319 2882 creaturae
336 2825 477 2881 intereunt
495 2824 608 2881 invitae.
633 2824 708 2879 Vera
728 2831 771 2878 est
788 2823 857 2878 baec
869 2822 952 2877 inter·
977 2827 1030 2882 bus
1048 2825 1225 2882 ebriosorum,
1260 2825 1337 2880 Haec
1355 2831 1398 2880 est
1416 2826 1465 2880 illa
1483 2826 1601 2880 servitus
1618 2827 1809 2897 corruptionis,

121 2912 254 2983 pretatis,
287 2911 336 2967 sed
359 2929 415 2966 uon
439 2911 524 2981 plena
543 2926 595 2964 nec
625 2909 806 2980 praecipuum
835 2907 953 2977 apostoli
979 2913 1025 2966 cas·
1054 2921 1188 2966 mansura
1217 2911 1271 2965 itta
1297 2912 1423 2978 subjecto
1446 2919 1487 2964 est
1514 2931 1570 2966 aon
1597 2912 1705 2980 uokns,
1736 2913 1811 2967 uude

120 3014 233 3069 scopum
261 2997 383 3068 attingit.
426 3000 450 3053 2.
477 2995 612 3066 Origenes
643 2994 689 3049 lib.
722 3000 743 3050 l.
773 3000 838 3069 περὶ
861 2992 954 3067 ἀρχῶν
979 2998 1132 3067 inpomiscit
1157 3002 1184 3053 et
1204 2997 1286 3067 juxta
1310 2997 1539 3069 prosopopoeiam
1564 2999 1744 3068 apostolicam
1767 3016 1810 3052 es·

119 3100 143 3140 c.
165 3089 193 3137 7:
236 3082 353 3136 Venitur
373 3082 442 3135 daec
460 3089 525 3134 tum
543 3097 673 3149 00²*P0ras
698 3081 727 3132 in
752 3096 824 3147 quas
842 3079 953 3134 animae
974 3085 1046 3154 petit
1071 3084 1108 3137 ab
1131 3085 1184 3137 trac
1208 3083 1339 3136 semente
1366 3082 1500 3146 liberari,
1526 3082 1606 3152 eligit
1626 3083 1699 3137 euim
1717 3084 1810 3155 potius

120 3176 185 3223 ante
202 3186 303 3238 empus
317 3167 477 3222 scantentes
492 3167 526 3219 ob
540 3174 656 3235 peccata
670 3183 723 3219 uso
734 3173 798 3219 snat
812 3167 952 3231 (kemut,
979 3188 1034 3225 non
1057 3187 1118 3225 esse
1142 3176 1169 3224 et
1194 3168 1222 3222 in
1249 3168 1365 3222 nihilum
1388 3168 1475 3237 abire,
1496 3185 1579 3239 quam
1603 3168 1703 3223 abusui
1721 3169 1809 3224 ebrio-

122 3255 237 3309 attalia
258 3271 380 3323 corporo
399 3260 462 3306 eunt
480 3253 565 3307 summ
583 3253 635 3318 eoi,
653 3251 730 3320 luno,
758 3251 813 3304 imo
831 3258 856 3305 ei
874 3258 952 3303 terra
979 3274 1071 3311 sorum
1102 3256 1235 3310 inservire
1265 3261 1292 3309 et
1323 3254 1375 3309 hac
1402 3254 1509 3308 ratione
1534 3262 1631 3310 contra
1659 3262 1811 3311 creatorem

122 3348 147 3394 et
172 3341 250 3396 coeli.
285 3341 366 3393 Haec
392 3339 466 3392 euim
491 3338 586 3392 orinia
612 3338 712 3391 liabent
735 3337 860 3398 attimar.
880 3351 952 3405 quae
979 3360 1059 3397 suum
1078 3341 1157 3413 quasi
1185 3342 1311 3396 militare.
1346 3340 1423 3394 Idem
1446 3340 1585 3410 judiciuin
1608 3348 1667 3396 esto
1689 3341 1724 3397 de
1748 3343 1810 3397 reli·

122 3434 185 3481 ante
208 3444 243 3480 ea
267 3426 444 3493 sustiterrmt,
466 3441 500 3477 ac
525 3431 724 3493 consequenter
748 3430 865 3492 possunt
888 3423 953 3491 ipso
978 3430 1041 3500 quis
1068 3427 1122 3481 Dei
1149 3426 1290 3483 creaturis.
1336 3425 1432 3482 Potest
1459 3443 1523 3482 cum
1548 3426 1601 3480 bac
1628 3425 1810 3495 explicatione

119 3529 236 3582 peceare
261 3513 459 3581 judiciumque
496 3509 604 3563 Christi
643 3526 730 3578 aeque
760 3526 795 3564 ac
829 3508 953 3562 domines
979 3515 1109 3586 conjungi
1136 3513 1226 3583 prima
1252 3517 1279 3566 et
1306 3511 1401 3575 tertia,
1432 3529 1495 3567 nam
1521 3520 1633 3582 propter
1664 3521 1810 3583 peecatum

121 3600 259 3653 urbibunt,
300 3600 380 3652 Haec
407 3614 474 3667 erpo
503 3614 625 3666 corpora
649 3597 768 3667 proprie
795 3602 953 3664 exspectant
979 3617 1034 3655 non
1064 3600 1153 3653 solum
1180 3596 1262 3652 homo
1289 3596 1384 3662 morti,
1412 3597 1462 3651 sed
1487 3597 1570 3651 etiam
1598 3604 1658 3653 tcta
1685 3606 1812 3654 creatura

121 3686 365 3750 resurrectionem,
399 3693 425 3738 ct
463 3692 492 3736 ut
523 3700 542 3736 o
577 3684 758 3752 corniptione
795 3681 955 3745 biberentur,
979 3685 1153 3754 corruptioni
1184 3690 1227 3738 est
1261 3681 1388 3753 subjecta
1419 3700 1453 3737 ae
1487 3699 1569 3752 saepe
1599 3683 1709 3755 cogitur
1736 3684 1811 3739 luere
1852 3706 1860 3725 ν

119 3772 237 3841 proprie
257 3779 373 3840 sperant
393 3778 420 3823 et
440 3770 632 3839 inposuerunt.
668 3768 746 3822 Haec
765 3765 954 3837 interpretatio
982 3788 1098 3841 {scenam
1142 3769 1276 3824 scelerum
1320 3768 1357 3823 ab
1400 3767 1557 3822 bominibus
1598 3770 1811 3825 commissorum.

122 3857 260 3913 haeretica
287 3865 329 3912 est
356 3863 385 3911 et
412 3856 547 3922 absurda,
575 3859 607 3908 ut
632 3854 755 3908 ostendit
781 3851 955 3933 Epiphanius
981 3858 1099 3927 Propter
1115 3863 1259 3927 peccatum
1285 3854 1517 3924 protoplastorum
1542 3860 1631 3910 terrae
1655 3855 1812 3911 maledictio

121 3943 226 3998 haeres.
255 3949 296 3999 bt.
324 3949 352 3997 et
380 3941 567 4011 Hieronymus
595 3940 625 3995 in
656 3939 736 4009 epist.
763 3939 799 3993 ad
828 3937 952 3992 Avitum·
981 3945 1168 4012 denuntiatur,
1182 3951 1214 3995 ut
1231 3941 1364 4011 permicat
1382 3941 1481 4010 spinas
1504 3958 1538 3994 ac
1558 3942 1677 3996 tribulos
1697 3942 1768 3997 Gen.
1787 3947 1812 4010 ³,

122 4035 145 4085 3.
166 4031 297 4084 Erasmus
322 4027 496 4102 ματαιότητα
523 4026 605 4081 vertit
621 4026 854 4093 frustrationem,
879 4023 953 4093 quod
982 4048 1007 4087 v,
1040 4035 1078 4084 Π,
1115 4034 1153 4084 18.
1186 4029 1215 4082 in
1247 4027 1351 4082 diluvio
1380 4032 1495 4098 propter
1527 4033 1643 4097 peccate
1671 4027 1812 4082 hominum

122 4123 248 4171 creatura
268 4132 323 4170 non
342 4121 505 4185 assequatur
523 4114 600 4176 illud,
627 4113 700 4183 quod
729 4117 871 4182 uteunque
889 4127 952 4165 cou-
966 4142 968 4196 t
981 4123 1053 4171 totus
1077 4122 1211 4169 tarr-arum
1234 4111 1310 4167 orbis
1326 4112 1424 4167 misere
1449 4118 1588 4181 vastam„
1611 4119 1724 4184 propter
1747 4129 1811 4184 90⁰·

123 4203 211 4258 tendit
240 4200 358 4268 efficere,
382 4197 413 4255 τὸ
436 4195 560 4273 μάταιον
579 4198 651 4253 enim
678 4197 844 4270 quandoque
867 4195 952 4266 tigni·
980 4207 1042 4256 cata
1061 4199 1265 4256 Sodomitarum
1286 4204 1361 4253 totus
1386 4197 1462 4251 illius
1484 4199 1605 4268 regionis
1628 4204 1742 4263 tractus,
1764 4200 1812 4270 qui

73 4305 106 4347 aa.
119 4287 185 4343 ficar
202 4288 406 4354 frustraneum,
425 4286 497 4356 quod
507 4285 540 4340 fit
552 4282 654 4359 μάτην,
664 4285 786 4352 fnestra,
799 4299 854 4354 quo
867 4297 954 4352 agens
977 4286 1016 4353 pb
1028 4284 1269 4355 pulchritudinem,
1284 4285 1476 4340 amoenitatem
1489 4288 1518 4338 et
1535 4283 1706 4338 fertilitatem
1720 4300 1812 4351 pora-

120 4390 175 4429 non
194 4371 353 4443 assequitur
376 4371 468 4440 linem,
493 4387 574 4442 quem
599 4368 653 4423 sibi
675 4369 827 4438 proposuit.
869 4368 952 4422 Crea-
981 4373 1043 4426 asso
1061 4376 1245 4441 comparatur,
1265 4370 1330 4441 igne
1349 4370 1465 4424 coelitus
1483 4369 1596 4438 depluta
1617 4370 1757 4437 exuritur3
1783 4371 1811 4423 in

120 4465 198 4513 turae
232 4457 403 4529 propositam
433 4456 538 4511 habent
563 4455 784 4510 incolumitatem
810 4452 867 4521 sui,
892 4469 952 4506 eam
981 4458 1071 4529 plagis
1090 4456 1215 4528 Aegypti
1235 4463 1317 4524 terra,
1342 4471 1425 4527 aqua,
1448 4455 1496 4509 aer
1521 4461 1635 4526 propter
1659 4455 1812 4511 Pharaonis

120 4560 184 4599 reru
210 4543 327 4614 impedit
348 4539 446 4617 φθορά
476 4542 534 4597 sive
557 4540 713 4609 corruptio,
737 4539 787 4593 sed
814 4538 954 4608 apostolus
982 4544 1150 4598 obstinatam
1168 4541 1300 4595 malitiam
1319 4538 1441 4595 inficitur
1457 4541 1700 4611 accorrumpitur;
1719 4541 1813 4611 impiis

121 4631 179 4702 ipse
198 4626 374 4706 ματαιότητα
392 4629 507 4699 exponit
523 4645 574 4699 per
594 4630 727 4682 iactetur
745 4629 864 4700 φθορᾶς.
899 4624 954 4681 Na·
982 4630 1101 4683 minatur
1125 4627 1202 4682 Deus
1226 4626 1332 4681 coelum
1348 4631 1474 4690 feneum
1497 4643 1532 4679 oc
1555 4634 1661 4680 meram
1687 4643 1811 4692 oensem,

123 4723 187 4772 tura
204 4716 355 4772 meditatur
371 4715 611 4770 insnmrtaiitatem
626 4711 781 4784 mannum
799 4727 850 4780 per
866 4709 954 4780 quoti·
982 4718 1120 4784 quaeest
1143 4713 1243 4767 misera
1268 4710 1378 4767 vanitas
1406 4716 1434 4765 et
1453 4710 1601 4782 corruptio,
1630 4712 1676 4767 cui
1701 4718 1815 4783 propter

124 4801 234 4856 dianam
252 4818 285 4856 ac
302 4816 450 4871 perennem
462 4798 667 4853 individuorum
681 4797 889 4859 successionem,
907 4795 955 4850 sed
982 4798 1122 4852 hominum
1156 4797 1291 4853 creaturis
1329 4796 1448 4866 pessime
1488 4795 1663 4852 abutentium
1698 4803 1815 4866 peccata

124 4885 177 4945 hoc
195 4886 299 4941 trustra
322 4885 361 4954 fir,
385 4885 452 4955 quia
474 4901 530 4939 aon
550 4884 638 4940 solum
663 4883 814 4939 indiuiduo
834 4881 957 4951 quotidie
983 4889 1082 4937 natura
1123 4898 1214 4938 rerum
1246 4887 1288 4937 est
1318 4880 1452 4952 subjectu.
1499 4883 1669 4955 Praecipuus
1703 4882 1816 4953 iusuper

124 4972 273 5040 intereunt,
293 4988 388 5026 verum
409 4972 491 5026 etiam
511 4972 589 5041 ipsae
606 4970 713 5041 species
738 4968 767 5022 in
787 4982 955 5022 consumma·
983 4973 1170 5023 creaturarum
1201 4967 1264 5022 finis
1293 4975 1348 5036 est,
1380 4974 1412 5023 ut
1442 4986 1474 5024 ex
1503 4968 1612 5036 illarum
1645 4967 1814 5040 inspectione
1827 4979 1871 5024 xx.
1888 4980 1920 5025 es.

123 5057 199 5113 tione
223 5057 309 5113 seculi
332 5056 523 5112 abolebuntur.
559 5062 582 5113 4.
605 5054 724 5111 Socinus
747 5053 810 5108 dl.
831 5058 957 5124 leupo
983 5053 1072 5109 Deum
1098 5060 1248 5109 creatorem
1274 5070 1457 5125 agnoscamus
1480 5054 1558 5109 Rom.
1581 5060 1605 5124 1,
1629 5072 1655 5109 r.
1674 5060 1716 5110 20.
1736 5052 1814 5124 atqui

124 5145 282 5208 uanitatem,
301 5143 345 5196 cui
364 5149 498 5211 creatura,
519 5141 545 5195 lr.
564 5157 587 5195 e.
610 5147 642 5196 ut
666 5140 726 5212 ipae
752 5140 956 5210 interpretatur,
983 5139 1056 5193 hune
1080 5138 1163 5194 finem
1189 5140 1265 5210 apud
1290 5139 1389 5211 impios
1415 5148 1542 5195 creatura
1564 5157 1620 5194 non
1648 5139 1814 5210 assequitur,

126 5230 248 5285 besaines
268 5228 508 5297 repententes
529 5228 588 5281 uita
614 5232 680 5280 sunt
707 5224 832 5294 subjccti,
856 5224 956 5279 intelli·
984 5226 1101 5296 idcoque
1124 5225 1153 5278 in
1176 5225 1230 5279 illis
1254 5224 1291 5279 ad
1316 5233 1493 5297 esoyraoteo
1522 5223 1702 5280 informandis
1729 5225 1815 5281 instar

125 5315 244 5384 medam
274 5331 334 5369 esse
363 5313 433 5368 dicit
460 5332 518 5368 non
548 5313 754 5381 corruptionem
784 5311 957 5380 mnrpiiciter,
984 5310 1108 5382 magistri
1125 5309 1296 5381 negligentes
1315 5317 1343 5364 ct
1359 5309 1533 5365 refractarios
1559 5309 1711 5381 discipulos
1730 5309 1813 5366 insor-

126 5417 197 5469 quee
220 5401 346 5455 omnibus
371 5400 568 5464 animantibus,
587 5415 643 5452 non
660 5404 770 5452 tarnum
801 5396 957 5451 bominibus
984 5396 1086 5451 mantia
1109 5393 1211 5453 trustra
1236 5393 1359 5461 laborat,
1382 5412 1454 5466 quae
1484 5396 1568 5452 etiam
1591 5403 1634 5453 ert
1655 5397 1765 5451 vanitas
1790 5405 1814 5450 et
