4050 6014
663 353 715 409 ΒΕ
733 353 1066 415 ΟΟΝΒΙῘΜΜΔΤΙΟΝΕ
1084 357 1227 416 secum.
1734 368 1790 426 155

95 505 177 575 tpnir.
215 504 321 563 Gtoera
341 507 701 564 amnemamnem
731 510 812 580 lpnir
831 511 885 566 erit
901 511 932 566 in
959 510 1115 580 Aneelmne,
1134 513 1235 569 Aeetae
1254 517 1283 569 et
1298 513 1440 585 Rapartue
1457 513 1527 570 ibid.
1563 515 1590 584 3)
1607 515 1726 570 Frustra
1750 531 1791 573 re·

96 591 212 660 mendo,
239 591 289 660 qai
312 595 465 664 praecedet
490 592 646 661 Oire'etam,
674 603 781 651 tantam
809 597 931 668 epatium
957 598 1030 669 gerit
1050 598 1162 655 Blaeiae
1189 600 1224 655 de
1251 599 1341 672 Viega
1365 600 1392 655 d.
1416 599 1433 658 i
1459 602 1556 656 eodem
1577 618 1662 656 renea
1685 600 1793 656 dietam

81 677 171 731 'atria
191 694 340 749 recupare,
358 687 491 748 quantam
507 683 654 751 occuparit
671 699 747 752 aqua
766 684 797 737 in
811 683 929 738 diinma
956 699 1015 738 eree
1035 701 1053 738 a
1072 687 1212 752 Johanne,
1231 694 1258 739 et
1277 702 1357 740 mare
1375 705 1431 743 non
1451 695 1500 756 ert,
1519 705 1574 758 qao
1588 695 1675 743 antea
1687 689 1792 743 dr'etrem

95 764 207 819 Eodem
225 770 265 818 ert
284 764 424 834 Mapirtri
442 773 468 819 et
486 765 716 823 redoleatieoram
741 769 928 839 theoloporam
949 771 1070 838 suerat,
1093 772 1218 842 primum
1243 773 1350 829 eoelum
1376 781 1401 826 et
1424 773 1523 843 prima
1547 782 1626 830 terra
1651 774 1723 828 aeae
1741 789 1793 828 aen

93 850 236 904 sententia.
271 849 497 920 Respondemus:
518 851 543 919 1)
562 858 660 908 eontra
678 853 752 909 hane
770 853 930 926 opinionem
956 857 1108 925 disparuit.
1144 858 1330 915 comedimus
1347 875 1429 927 eene,
1454 874 1515 914 eene
1532 857 1632 915 harum
1648 859 1792 930 phreeium

93 941 221 1006 pugnant
248 936 341 992 omnia
367 935 431 1006 illa,
457 954 530 1008 quae
545 938 580 1007 t.
600 939 725 1010 proxime
746 940 930 1011 praecedente
956 938 1134 1018 ἀδυναμίαν,
1161 945 1210 1000 ead
1228 961 1377 1017 negamur,
1403 962 1454 1016 per
1473 948 1506 1002 τὸ
1525 944 1602 1001 abire
1626 944 1792 1017 qualitatum

94 1020 267 1077 adduximue.
293 1023 320 1090 t)
334 1021 435 1077 Patrue
448 1023 929 1092 dieitdementacaloreeoleenda,
956 1027 1091 1084 duntaxat
1111 1030 1305 1088 alterationem
1332 1031 1466 1095 deeorihi,
1494 1049 1558 1087 oum
1585 1048 1619 1087 ex
1649 1031 1792 1103 parallelie

94 1125 151 1165 nou
168 1117 257 1165 certae
276 1109 414 1165 duntaxat
425 1110 623 1168 elementorum
636 1121 739 1184 partae.
765 1113 792 1183 ³]
804 1113 929 1170 Pealmo·
956 1113 1116 1184 Scriptuma
1138 1117 1206 1172 loeis
1230 1115 1408 1172 munifeetum
1428 1117 1480 1187 eit,
1511 1117 1626 1173 totalem
1650 1117 1791 1174 interitum

95 1194 217 1267 graphan
243 1196 357 1260 aeeerit,
389 1197 482 1252 coeloe
509 1215 603 1254 omnen
628 1201 780 1270 perituros.
825 1197 929 1263 Quodsi
957 1206 985 1255 et
1001 1199 1180 1258 abolitionem
1197 1203 1294 1258 eadam
1313 1202 1438 1275 exprimi.
1470 1203 1543 1268 Quid
1563 1202 1665 1258 elariue
1683 1202 1733 1260 illo
1753 1201 1791 1261 ei-

95 1296 161 1353 argo
190 1297 224 1336 ex
244 1279 394 1353 hypothesi
420 1282 631 1340 Pontificiorum
654 1286 766 1342 nomine
789 1285 929 1342 coelorum
955 1282 1024 1350 t'ato,
1042 1287 1117 1358 quod
1137 1288 1165 1342 in
1184 1289 1276 1359 eapite
1294 1288 1419 1359 proxime
1435 1289 1619 1359 praecedente
1637 1307 1662 1343 r.
1684 1293 1726 1345 11.
1743 1305 1790 1345 ex·

95 1367 269 1439 intelligendi
285 1375 351 1424 eunt
367 1369 438 1425 eoeli
456 1371 545 1437 ainai,
570 1388 627 1427 non
647 1372 751 1443 poterit
771 1388 835 1429 eeea
858 1371 930 1427 aliue
956 1376 1025 1439 etat,
1047 1389 1067 1426 a
1082 1375 1166 1444 faeie
1184 1376 1306 1430 radentia
1324 1393 1411 1446 raper
1429 1376 1559 1430 thronem
1574 1375 1652 1446 sapit
1668 1382 1748 1444 terr-,a
1765 1379 1793 1428 et

95 1468 206 1524 eeneue,
235 1471 319 1526 quam
344 1460 435 1511 totum
465 1461 494 1512 et
520 1473 600 1514 omne
623 1458 694 1513 airie
716 1458 838 1529 epatium
858 1456 930 1513 inter
956 1458 1072 1527 eadam,
1092 1467 1118 1512 et
1138 1460 1217 1516 laerte
1236 1479 1292 1515 non
1311 1469 1352 1516 eet
1370 1463 1496 1516 inuentae
1513 1463 1575 1516 oiri
1610 1460 1665 1517 Sed
1684 1459 1738 1516 hae
1755 1458 1792 1514 de

95 1538 176 1596 orbae
193 1541 328 1598 eoeleetee
346 1550 374 1598 et
386 1549 488 1598 terram
503 1543 680 1614 interjeetum
694 1561 755 1599 eeee
768 1544 929 1615 periturum.
955 1559 986 1598 re
1003 1543 1034 1598 in
1051 1546 1179 1616 sequenti
1192 1548 1354 1619 quaeetione
1366 1549 1475 1604 dicetur
1486 1547 1604 1619 planiae.
1630 1545 1791 1601 'l'raneitum

94 1628 121 1693 t)
139 1625 244 1698 qume
261 1634 352 1684 oartoe
369 1629 446 1700 ipeee
463 1629 599 1698 reddidit,
623 1630 717 1702 iguem
736 1629 929 1702 mnflegratio·
955 1630 1028 1685 enim
1048 1638 1125 1688 reeta
1138 1634 1199 1704 jam
1217 1633 1333 1691 faeimne
1354 1635 1392 1690 ad

94 1710 137 1767 nie
156 1713 253 1768 mnudi
268 1729 326 1770 nen
343 1731 403 1771 eeee
421 1715 504 1770 altiue
522 1715 729 1788 adeeeueurum,
758 1733 841 1788 qnam
862 1715 930 1771 alim

94 1798 298 1855 adeeenderunt
316 1817 405 1872 aquae
422 1801 540 1857 diluvii?

1 1885 33 1929 ²¹⁴
46 1886 80 1930 ⁶¹·
129 1891 171 1943 36.
206 1893 231 1944 4.
253 1888 347 1943 Mare.
370 1887 473 1943 Bibere
497 1889 526 1943 in
549 1905 647 1945 nomm.
671 1889 760 1960 Apoa
779 1894 825 1946 21:
856 1890 928 1944 For·

1 1938 66 1981 m
92 1980 166 2026 tuere
200 1975 244 2027 ita
273 1991 351 2028 mare
380 1977 586 2040 renovandam,
616 1983 647 2028 nt
676 1991 723 2041 nep
743 1976 927 2030 subeuntium
1242 1973 1342 2035 ch?
1356 1974 1423 2035 ῙῙΤ
1452 1973 1488 2033 V.

137 2062 204 2114 dem
224 2077 305 2115 mam
325 2079 342 2114 r
369 2061 381 2114 i
432 2077 446 2115 e
489 2062 495 2074 ‘
659 2062 665 2075 ‘
842 2070 852 2114 t
918 2091 927 2104 ·

90 2077 161 2211 ἔξω
187 2069 368 2217 mm?
380 2063 928 2217 {i'vffu‘mofflfflm
1000 2195 1004 2201 ἢ
1090 2110 1140 2166 ne
1160 2109 1292 2168 nonem
1312 2109 1659 2170 consunmnmme.

90 2251 193 2303 apuam
227 2252 284 2289 non
308 2235 375 2299 fore
399 2244 464 2304 poet
491 2235 591 2289 mandi
614 2237 697 2299 tinem
720 2235 844 2304 fluidam
876 2237 929 2289 eed

89 2320 295 2376 consolidatam
315 2328 341 2374 et
358 2322 452 2376 inetur
468 2321 608 2390 epitomae
632 2322 838 2389 conploratam.
874 2322 926 2374 Et·
988 2322 1030 2375 ³¹1.
1066 2307 1202 2373 Ferreum
1232 2319 1479 2374 emrammatienie
1504 2317 1622 2373 dicimur
1648 2316 1791 2374 sora-non
1806 2327 1888 2368 turne

89 2407 162 2460 enim
179 2423 268 2476 neqve
283 2407 344 2475 jam
356 2407 437 2476 fluet,
454 2422 543 2475 nepem
560 2408 669 2474 renuet,
697 2425 747 2460 nee
761 2407 818 2462 retii
831 2407 927 2477 pierre
953 2404 1056 2459 nudam
1077 2404 1245 2477 qualitatum
1263 2405 1464 2468 alterationem,
1491 2404 1542 2459 ead
1558 2404 1645 2475 ipeiue
1664 2402 1792 2459 eubeten·
1806 2386 1922 2476 miii,

88 2493 182 2556 fetari
198 2500 271 2555 erent,
291 2492 341 2562 qai
357 2492 388 2546 in
410 2509 443 2546 eo
464 2500 567 2563 notent,
594 2501 624 2546 ut
644 2493 769 2564 fluidam
789 2509 852 2547 eam
870 2509 928 2548 eree
954 2489 1010 2546 tiae
1039 2490 1233 2561 abolitionem,
1262 2491 1390 2563 adeoque
1411 2491 1526 2547 totalem
1554 2490 1792 2558 annihilationem,
1805 2495 1895 2540 nata

89 2586 225 2648 oporteat,
245 2585 329 2647 atque
346 2579 388 2634 ita
407 2580 500 2646 major
518 2579 660 2633 videbitur
681 2581 790 2646 setara
808 2579 926 2633 mutatio
953 2583 985 2632 ut
1003 2577 1044 2632 eie
1062 2579 1198 2633 terminer
1222 2596 1241 2631 a
1260 2595 1316 2650 qno
1334 2577 1580 2633 coneummationie
1606 2576 1664 2631 eive
1687 2577 1792 2633 deetrn·

90 2666 119 2718 in
136 2682 227 2735 aurea,
246 2682 331 2735 priam
355 2666 386 2717 r'n
402 2665 481 2720 eaelo
500 2672 527 2719 et
551 2666 581 2719 in
607 2674 704 2733 terra,
729 2667 812 2735 cajeta
839 2681 927 2719 eume
953 2665 1051 2720 etionie
1070 2665 1107 2720 eit
1132 2681 1203 2728 eree,
1233 2667 1367 2719 terminer
1393 2680 1457 2721 tero
1482 2667 1524 2718 nd
1546 2682 1626 2734 quan
1651 2681 1708 2718 non
1733 2679 1793 2718 eree

90 2767 144 2806 non
171 2767 232 2805 erre
263 2752 384 2804 dicator.
422 2750 574 2806 Bamadiue
600 2750 648 2807 lih.
672 2757 711 2807 10.
736 2767 836 2807 eornm.
856 2766 880 2807 o.
904 2756 926 2807 1.
952 2751 1010 2805 eive
1028 2751 1107 2806 nihii.
1136 2751 1296 2823 Antequam
1312 2768 1379 2809 vero
1396 2750 1468 2806 hano
1487 2751 1653 2807 eontentiam
1666 2756 1791 2807 noetram

89 2856 116 2910 p.
135 2841 198 2893 otae
229 2837 315 2908 equa
335 2838 365 2890 in
383 2855 454 2891 roeo
474 2840 579 2892 mendo
597 2837 651 2892 erit
666 2841 739 2892 eterit
762 2837 925 2906 efferatior,
952 2854 986 2892 ex
1003 2838 1089 2893 merie
1104 2839 1191 2895 limeie
1209 2848 1238 2895 et
1251 2840 1390 2896 rationum
1404 2837 1548 2896 momentie
1561 2838 1791 2904 demonetrenrue,

89 2928 140 2976 atr
156 2929 189 2976 at
205 2925 327 2993 eoelum,
353 2924 429 2994 ipnir
445 2931 476 2978 at
505 2924 662 2979 luminaria
687 2924 765 2980 coeti.
800 2922 925 2993 Reepen·
951 2931 1080 2980 notamue
1099 2926 1245 2997 eaqueutia
1260 2925 1361 2997 eapite.
1398 2931 1421 2982 l.
1447 2925 1512 2981 Nan
1532 2923 1691 2993 diffitemur,
1719 2920 1791 2976 mul-

8 3022 12 3029 ·
89 3010 200 3065 demae:
213 3012 238 3076 1)
248 3015 411 3081 repetantur
419 3026 461 3080 ee,
476 3027 547 3083 quae
557 3011 690 3066 morenae
699 3009 782 3065 diota
809 3014 837 3078 t)
853 3009 926 3075 Quid
953 3019 995 3065 toe
1013 3026 1047 3066 ex
1065 3010 1119 3081 piie
1137 3011 1276 3067 veteribue
1303 3011 1333 3067 in
1351 3029 1412 3068 eam
1442 3012 1596 3070 oanoedere
1621 3009 1791 3081 opinionem,

89 3096 190 3151 alariae
209 3094 258 3153 ino
275 3096 388 3152 araoula
407 3097 603 3168 apocalyptica
623 3113 684 3167 oep.
698 3101 739 3164 tl,
759 3112 786 3151 v.
808 3104 829 3153 Ι.
847 3111 925 3149 mare
952 3097 1028 3168 quod
1046 3097 1165 3152 mundae
1186 3114 1243 3153 nun
1266 3096 1328 3165 κατ’
1351 3101 1452 3156 οὐσίαν
1477 3099 1514 3154 eit
1540 3098 1716 3165 interiturae,
1740 3095 1790 3152 aad

84 3182 150 3252 jam
167 3200 225 3236 non
242 3185 307 3237 eett
323 3182 353 3236 in
372 3198 455 3254 quem
474 3183 565 3239 lecum
587 3183 626 3237 eie
643 3187 846 3238 commentatur
864 3181 926 3237 Pri·
951 3183 1023 3239 rard
1042 3181 1194 3254 ποιότητας
1214 3184 1351 3240 duntaxat
1368 3185 1405 3240 eit
1423 3184 1619 3239 immutandae.
1659 3183 1791 3239 lreneaue

91 3268 192 3323 mariue
210 3276 238 3324 at
255 3284 288 3324 ex
307 3283 341 3325 aa
361 3268 454 3324 Beda:
487 3270 586 3325 Utrum
603 3273 725 3324 manime
744 3268 797 3324 itio
818 3270 926 3325 ardore
952 3268 998 3324 lib.
1016 3275 1041 3324 5.
1059 3272 1124 3324 adr.
1142 3269 1247 3326 haaren
1266 3287 1328 3341 eap.
1349 3275 1397 3327 th:
1427 3272 1493 3326 Non
1517 3268 1675 3325 eahrtantia
1702 3283 1791 3338 uque

89 3356 210 3409 eioeetar
228 3371 315 3419 mare,
335 3372 373 3407 un
392 3363 418 3408 et
436 3356 527 3424 ipram
546 3354 576 3408 in
593 3355 692 3410 metiar
711 3362 845 3420 uertatur,
868 3373 925 3410 non
951 3355 1071 3410 maaria
1099 3358 1269 3412 oenomaum
1298 3357 1515 3420 atterminatar,
1547 3372 1630 3409 eerar
1658 3355 1735 3408 enim
1763 3359 1791 3408 et

89 3442 178 3506 ferite
206 3442 335 3497 dixerim.
371 3440 485 3496 Caelum
508 3443 613 3512 quippe
640 3459 740 3497 noram
766 3450 793 3496 et
819 3448 925 3497 terrum
950 3444 1056 3513 firmite,
1070 3444 1121 3513 qai
1132 3443 1389 3513 eonate'taitiilamp
1408 3443 1460 3497 eert
1470 3442 1682 3511 firmatraumt
1692 3439 1792 3494 mandi

90 3545 199 3597 nevam,
216 3545 273 3581 non
293 3536 385 3582 anum
401 3537 428 3582 et
447 3545 527 3582 mare
544 3546 645 3583 nonam
660 3528 924 3598 fmrrramiepimar.
951 3528 1044 3598 baiae,
1062 3530 1114 3583 hoe
1132 3536 1173 3582 ert
1191 3530 1222 3583 in
1240 3529 1341 3598 quidue
1352 3530 1542 3600 tranopreeeio
1561 3528 1643 3590 faeta
1657 3535 1706 3591 eet,
1724 3542 1790 3596 pao·

90 3611 167 3670 Idem
185 3615 215 3670 iu
234 3629 333 3671 comm.
358 3620 381 3670 2.
400 3613 474 3670 Petr.
494 3621 517 3670 3.
543 3631 646 3685 operam
668 3616 826 3685 perituram
850 3614 926 3670 dioie
952 3616 1028 3668 niam
1045 3622 1187 3669 veteratae
1211 3623 1252 3669 ert
1274 3615 1356 3669 bento
1380 3615 1411 3668 in
1435 3615 1521 3684 rpeie,
1547 3621 1574 3668 et
1595 3621 1715 3684 propter
1738 3613 1791 3667 noe
1850 3639 1859 3654 ·

90 3699 218 3757 Andreae
245 3699 433 3757 Camarieneie
457 3701 487 3757 in
510 3716 607 3758 oomm.
633 3702 723 3771 Apoo.
740 3705 786 3756 212
817 3702 926 3755 Noton-
951 3702 1045 3768 [ἴθυνα
1063 3701 1132 3755 haee
1152 3701 1319 3773 temperatio
1340 3702 1424 3768 faeta
1443 3709 1485 3755 ert
1498 3700 1677 3773 praeseiente
1695 3699 1791 3754 omnia

91 3789 173 3857 dam,
195 3790 232 3842 de
248 3789 328 3844 eaelo
347 3799 372 3842 et
392 3796 472 3843 terra
492 3805 554 3842 eam
579 3788 692 3857 quidem
715 3788 824 3856 dicere,
848 3788 926 3858 abiit,
953 3792 1026 3843 Deo.
1066 3789 1267 3844 Praetentate
1290 3794 1383 3841 cratem
1406 3787 1501 3855 lipara
1525 3787 1579 3841 bae
1603 3793 1631 3841 et
1657 3792 1791 3841 renouato

90 3875 123 3928 id
140 3883 180 3929 eet
200 3884 335 3930 metatam
352 3884 400 3946 eet,
426 3877 462 3929 de
480 3875 557 3928 mari
574 3884 675 3945 aetem,
701 3891 780 3929 mare
799 3892 855 3929 non
872 3875 925 3930 erit
952 3875 1063 3929 homine
1084 3881 1111 3928 et
1128 3876 1235 3943 eipente
1255 3875 1296 3928 aei
1312 3873 1549 3944 incorruptelam,
1573 3880 1605 3928 at
1622 3890 1678 3927 non
1697 3872 1792 3942 poerit

91 3963 224 4032 amplier.
262 3960 342 4024 Quae
361 3962 436 4016 enim
458 3962 569 4017 utiliter
593 3962 697 4026 marie,
724 3979 786 4014 eam
811 3979 869 4015 non
889 3963 929 4016 rit
951 3960 1217 4030 rememorantem,
1245 3960 1300 4015 erit
1318 3959 1426 4015 eoelum
1444 3976 1544 4013 noram
1568 3966 1596 4015 et
1613 3966 1692 4013 terre
1711 3974 1790 4014 noem

91 4065 162 4117 opere
179 4048 334 4104 hominihus
355 4048 431 4102 illari
451 4048 609 4116 nariparet
642 4046 755 4119 Haymo
778 4048 807 4103 in
829 4063 927 4104 eamm.
954 4046 1070 4103 Proolue
1093 4048 1169 4120 apud
1193 4046 1382 4119 Epiphaniam
1405 4045 1510 4103 haerea
1531 4050 1578 4103 ht:
1607 4047 1675 4101 Non
1696 4045 1791 4116 piaret

90 4135 181 4206 ejusd.
198 4133 252 4190 loei
271 4131 425 4189 titubanter
436 4132 549 4189 incedit.
580 4133 808 4205 Quodeemttar,
828 4134 929 4207 inquit,
954 4141 1106 4198 autemut
1126 4134 1203 4190 illud
1221 4135 1346 4200 dicutur,
1364 4134 1442 4203 quod
1458 4134 1554 4187 omnia
1578 4132 1713 4196 funditur
1726 4130 1791 4200 ¹per·

91 4229 117 4273 ot
134 4237 212 4274 mare
230 4221 296 4291 jam
314 4238 371 4273 non
392 4228 441 4288 ert,
465 4229 560 4275 atram
580 4221 622 4274 ad
638 4220 762 4288 literam,
787 4222 820 4275 iet
841 4229 881 4276 ert
898 4230 928 4275 at
955 4228 1020 4274 eant
1044 4229 1071 4274 et
1096 4228 1175 4275 terra
1200 4228 1228 4274 et
1253 4225 1305 4275 air
1329 4227 1356 4273 et
1382 4218 1490 4274 eoelum
1516 4234 1573 4270 non
1597 4218 1701 4282 fetura
1725 4216 1791 4269 rint.

91 4324 169 4361 mare
187 4325 249 4361 eam
263 4306 429 4377 flaminihre
448 4309 606 4372 eameram,
631 4308 929 4376 poenitententiae
955 4308 1132 4361 Eaardeeeet
1155 4307 1267 4377 paidmt
1290 4307 1332 4360 ad
1350 4303 1551 4374 permotionem
1576 4319 1611 4356 aa
1635 4303 1789 4356 rertoeetio·

90 4396 264 4451 antummodo
287 4393 476 4465 epiritauliter
502 4393 554 4447 boe
579 4393 709 4457 dirutae,
738 4394 855 4448 dubiam
881 4401 929 4449 eat.
954 4410 1016 4447 nem
1039 4394 1218 4449 decoratione
1240 4395 1321 4455 faeta
1345 4398 1420 4445 totae
1446 4390 1566 4443 manduc
1588 4389 1653 4457 ipne
1675 4389 1792 4457 ditatam

96 4482 186 4535 Terra
206 4481 279 4535 enim
305 4496 446 4549 aerearum
472 4480 668 4550 conjunctione
693 4480 835 4549 rubeimit,
862 4497 929 4550 qao·
955 4485 1125 4534 nontamen
1144 4481 1186 4533 ad
1197 4481 1356 4550 perfeetum
1377 4477 1520 4531 interitum
1537 4475 1791 4546 aecor-raptionem
1895 4528 1900 4535 ,

93 4568 168 4621 niam
186 4575 213 4622 et
230 4568 313 4632 infra
334 4575 360 4620 et
379 4574 460 4623 entra
480 4574 506 4621 et
525 4584 615 4637 repre
631 4582 722 4635 aquae
737 4566 866 4628 eontinet,
893 4583 928 4621 ne
957 4567 1091 4622 demerim.
1130 4566 1165 4621 er·
1182 4566 1254 4619 enim
1273 4565 1372 4620 metiar
1392 4571 1433 4617 eet
1459 4578 1516 4616 non
1539 4579 1598 4618 erre
1621 4578 1706 4632 quom
1731 4579 1791 4618 erre

91 4653 221 4710 natarali
237 4653 374 4709 ariditate
391 4654 519 4717 satiram,
538 4653 670 4722 qnoniam
688 4652 746 4706 nr'ri
763 4652 846 4723 aquia
864 4660 928 4706 tem-
955 4654 1097 4719 mandam,
1115 4669 1167 4705 ear
1186 4653 1276 4719 Deae,
1293 4651 1343 4719 qai
1361 4652 1497 4705 mandam
1513 4650 1591 4716 feeit,
1615 4652 1692 4720 qaod
1704 4648 1791 4720 peiere
1838 4679 1844 4691 ι

90 4748 248 4811 peraretur,
267 4741 298 4793 in
313 4741 433 4794 cinerem
450 4740 635 4808 rediperetar.
668 4736 740 4792 Ideo
761 4747 853 4792 atram
871 4754 928 4792 ma·
956 4744 995 4791 eet
1023 4737 1127 4806 etepitt
1154 4736 1271 4802 frastra
1290 4735 1451 4790 laboraret!
1485 4736 1581 4806 Ipitar
1604 4738 1646 4790 ad
1667 4736 1733 4804 hoe,
1759 4740 1792 4788 at

91 4829 165 4882 rimo
183 4828 236 4883 iiio
252 4829 359 4883 artiore
379 4844 457 4882 mare
475 4845 538 4882 erem
557 4825 717 4888 tumimidum
739 4826 867 4895 meretur,
891 4842 928 4879 an
955 4824 993 4878 eit
1011 4832 1037 4877 et
1055 4830 1183 4893 maneat,
1206 4830 1368 4878 ereaturam
1385 4824 1466 4878 Deae
1491 4823 1654 4878 eonrtremit.
1688 4820 1790 4875 Manet

92 4922 118 4967 et
136 4915 228 4984 iprum
248 4921 373 4968 vertatur
391 4913 421 4966 in
440 4914 555 4983 metiar,
584 4929 640 4968 non
657 4912 749 4976 serite
767 4913 928 4980 diaerimar,
955 4918 1089 4965 ereatura
1107 4911 1138 4963 in
1155 4909 1255 4964 metiar
1275 4927 1309 4964 ao
1325 4911 1469 4965 decentiae
1485 4916 1629 4971 renouato,
1648 4907 1790 4962 mane

92 5002 169 5070 meod
190 5001 243 5056 etri
263 5002 373 5065 sactum
395 5001 500 5069 feeerit,
519 5017 575 5070 per
591 5001 652 5057 Dei
670 5001 837 5071 potentiam,
861 5000 929 5054 lieet
954 5006 981 5053 et
1008 4999 1135 5068 pandent
1159 4998 1364 5052 rerurrectione
1387 4997 1422 5052 eb
1441 4996 1523 5064 filiae
1544 4994 1603 5048 Dei
1619 4999 1671 5050 eto.
1707 4993 1748 5047 Ar
1763 4994 1792 5046 ri

92 5087 180 5141 arida
197 5088 235 5142 eit
258 5095 351 5155 terra,
378 5086 449 5143 retia
476 5088 625 5142 eadmero
647 5086 762 5157 poterit.
800 5084 928 5148 Quarum
953 5104 1009 5142 aare
1026 5092 1144 5155 pereant
1161 5084 1302 5148 aniverso,
1320 5085 1445 5140 dixerint
1464 5080 1633 5151 adrerearii,
1650 5083 1790 5149 werede

92 5175 232 5244 riqeidem
249 5182 313 5228 eunt
332 5175 476 5242 elementa,
505 5189 538 5227 ee
558 5174 731 5244 patiendae
748 5179 813 5226 rant
830 5173 926 5226 imma·
952 5173 1040 5244 ipitar
1056 5171 1199 5226 Dominae
1216 5171 1324 5225 aeriam
1341 5178 1369 5224 et
1391 5178 1497 5224 terram
1515 5167 1711 5236 praeteritura
1732 5183 1791 5222 eree
1886 5184 1892 5199 ¹

92 5263 181 5315 tanda
204 5261 234 5314 in
253 5260 367 5325 metiar,
395 5260 468 5314 eierat
491 5259 536 5314 bio
559 5260 666 5314 dieitur
689 5268 716 5313 et
735 5259 875 5313 Dominae
897 5261 928 5313 ia
954 5259 1036 5321 dimit,
1057 5267 1084 5312 et
1097 5258 1241 5327 propbeta
1259 5258 1347 5311 dieite
1379 5255 1491 5310 Peribit
1509 5254 1617 5309 eoelum
1638 5254 1727 5310 edrai
1736 5257 1788 5323 fet·

93 5347 237 5416 eeanpeir'o
252 5347 424 5413 menifertot,
444 5362 507 5400 eam
521 5346 571 5409 ait,
586 5346 694 5400 coelam
706 5354 732 5400 et
744 5353 822 5400 terra
834 5353 927 5400 tranr-
954 5362 1015 5398 maa
1034 5352 1061 5398 et
1078 5352 1158 5398 terra
1176 5344 1264 5398 eelrrti
1274 5343 1461 5397 nertimentum
1474 5342 1676 5396 inueteraeeetl
1702 5360 1789 5413 mean·

90 5435 177 5503 ibant,
196 5433 230 5487 id
246 5441 288 5487 eet
304 5433 541 5501 immutabantar;
561 5437 656 5485 atram
676 5440 768 5486 autem
788 5448 866 5486 mare
883 5431 927 5486 rei
954 5432 1108 5505 demadem
1130 5430 1177 5484 trie
1200 5448 1260 5486 moe
1284 5438 1325 5484 ert
1353 5428 1525 5499 Scriptarir,
1551 5429 1790 5498 responderim,

93 5520 168 5590 ipnir
185 5526 320 5590 tremeat,
337 5520 371 5574 id
388 5527 429 5573 ert
446 5519 615 5584 immutetur,
634 5520 715 5572 Deae
725 5519 786 5584 erit,
806 5518 928 5574 tanente
954 5526 985 5572 at
1016 5519 1090 5572 hene
1115 5517 1215 5571 mandi
1240 5516 1502 5572 tranrmrrtationem
1530 5516 1562 5570 ia
1585 5515 1731 5571 meliorem
1755 5531 1790 5568 ee

92 5606 369 5676 apamaenum
384 5620 442 5661 nan
459 5610 509 5660 ert.
534 5602 569 5660 ln
584 5601 928 5661 eimilidubiorementar
954 5606 1045 5676 nero
1060 5603 1217 5676 plorimem
1239 5602 1443 5658 mtitetionem
1467 5603 1610 5659 Mam
1632 5618 1669 5659 ae
1692 5600 1791 5671 perdi
