4050 6014
702 151 754 206 ΒΕ
772 148 958 207 ΒΧΤΒΕΜΟ
975 149 1135 207 rumoso.
1743 162 1783 220 33

93 301 235 373 emphasin
252 301 341 358 habet
350 303 489 375 particula
504 307 550 361 set
563 311 731 375 potestatem
744 305 824 360 dedit
837 305 926 361 sinat
952 304 1016 359 ideo
1031 304 1145 370 ansus.
1162 305 1281 361 Patrem
1292 308 1404 362 dedum
1422 308 1450 362 ei
1461 313 1630 377 potestatem
1640 306 1785 376 tudetem

91 395 182 462 κρίσιν
198 394 306 452 ποιεῖν,
332 388 440 446 marat
462 391 536 446 enim
558 388 683 446 Christus
705 390 736 446 iu
758 389 925 462 praecedeu-
951 389 1063 456 fucere,
1087 391 1156 459 quia
1173 391 1267 446 lilius
1286 392 1405 447 bominis
1428 401 1480 460 est,
1502 411 1565 446 cum
1590 391 1682 461 mucis
1703 393 1787 461 oasam

92 472 182 539 tibus,
207 477 284 542 quod
299 474 389 529 Potor
409 476 467 545 spei
483 477 595 530 dederit
611 476 699 531 utam
717 476 817 531 tabem
842 477 873 529 in
897 491 927 530 se
951 474 1003 530 boc
1025 483 1243 545 exspectaretur,
1269 487 1299 531 ut
1317 479 1437 548 diceret,
1453 478 1596 547 ,misniam
1613 478 1708 532 bilius
1728 478 1787 530 Dei

91 560 169 628 ipso,
193 561 266 613 sicrst
288 562 349 629 epse
370 563 458 616 eitam
474 563 555 617 babet
578 563 609 616 in
634 580 664 617 se
687 564 764 636 ipso,
791 563 821 616 id
850 562 927 634 quod
953 564 1011 616 esti
1047 562 1107 616 Sed
1123 563 1191 631 quta
1211 563 1319 617 Mum
1338 565 1397 617 Dei
1415 565 1568 618 secundum
1587 562 1635 632 id,
1661 563 1739 633 quod
1755 563 1785 616 in

90 645 219 716 plerique
242 653 366 702 veterum
393 647 428 704 de
452 648 547 704 divina
570 647 674 704 Christi
698 656 799 704 namra
822 647 926 705 dictum
951 649 1049 711 forma
1068 649 1129 702 Dei
1152 648 1282 720 maiolis
1305 657 1344 704 est
1368 649 1473 719 Patri,
1496 649 1593 703 csiisre
1616 649 1709 717 iniqui
1730 667 1786 702 non

90 730 241 802 accipiunt
277 733 395 789 Basilius
412 734 441 788 iu
462 734 531 793 hom.
555 741 618 806 περὶ
637 743 755 798 πίστεως
784 752 848 806 pag.
867 738 926 790 353.
950 743 1075 804 possunt,
1093 743 1204 805 eportet
1219 743 1320 802 cuum,
1339 743 1369 790 ut
1380 737 1509 806 judicem
1526 736 1651 791 meorum
1670 743 1697 788 et
1713 753 1785 790 mor·

90 821 123 871 rb
144 819 219 886 ἔχειν
243 819 395 892 ἐκφύσεως
419 823 494 877 ἴδιον
519 825 572 876 τοῦ
592 825 783 891 γεννηθέντος.
817 819 926 875 Meuia.
952 830 1077 887 tuorum,
1101 839 1196 876 eoram
1213 839 1268 891 ouo
1286 822 1504 890 iudicabuntur,
1528 829 1554 876 et
1572 823 1648 891 justi
1671 822 1786 877 uideam

90 901 139 962 lib.
160 908 183 959 1.
202 902 237 957 de
252 903 329 961 Tria.
349 922 373 960 c.
395 911 439 961 15:
466 907 558 962 Dedit
578 907 656 961 Filio
673 907 759 960 mium
778 906 879 961 babere
897 908 927 960 in
952 917 979 962 et
995 909 1095 979 utqui,
1113 908 1208 975 nois‘te,
1224 909 1324 978 inarsit,
1343 909 1394 964 boc
1413 909 1518 962 mirari
1528 917 1575 962 ete.
1592 910 1633 962 ad
1651 908 1702 961 boc
1717 923 1786 976 erpo

90 991 253 1061 smetspm,
279 992 298 1045 i.
323 1008 344 1044 e.
367 992 462 1062 penui
483 992 593 1048 biliam
616 993 702 1047 mm
729 993 872 1046 labentem
896 993 927 1045 in
952 995 1109 1064 oportebat,
1134 1002 1165 1048 ut
1182 994 1248 1050 ideo
1264 995 1404 1064 comperet
1426 995 1499 1049 iane
1520 1002 1697 1064 potestatem,
1718 994 1785 1064 quio

91 1077 255 1145 semeipso,
297 1077 372 1131 unde
412 1077 497 1147 Syrus
537 1084 665 1134 notanter
703 1078 837 1145 reddidit,
880 1079 927 1130 de·
952 1080 1047 1134 bilius
1069 1079 1188 1134 bominis
1209 1087 1262 1150 est,
1286 1088 1317 1135 ut
1341 1088 1517 1151 resurpemes
1542 1096 1636 1135 omnes
1659 1080 1786 1135 uiderent

92 1166 136 1220 siit
167 1167 196 1220 ei
222 1164 323 1219 labere
351 1163 438 1217 mom
467 1165 515 1228 πῃ
540 1167 629 1239 Ἢ,
660 1166 690 1217 in
717 1183 770 1217 sua
798 1164 927 1232 essentia,
951 1181 1014 1219 eum
1034 1166 1064 1220 in
1087 1167 1198 1234 fumo,
1223 1166 1253 1219 in
1278 1184 1334 1236 ossa
1356 1167 1452 1221 rideri
1474 1167 1510 1220 ab
1536 1166 1663 1221 omnibus
1684 1173 1785 1236 potest

91 1268 157 1307 mox
174 1268 225 1322 per
243 1246 354 1320 αὔξησιν
372 1249 459 1320 addit,
480 1250 555 1321 quod
571 1267 628 1305 non
645 1249 735 1306 solum
754 1250 807 1320 ipsi
820 1254 852 1304 ut
867 1250 925 1304 Deo
952 1250 999 1305 lib.
1018 1251 1146 1321 ejusde
1169 1257 1214 1308 tes
1248 1252 1318 1306 Cum
1342 1253 1372 1306 in
1393 1255 1496 1319 jorma
1523 1253 1600 1308 serui
1625 1253 1787 1322 clarificata

91 1356 142 1411 per
162 1347 303 1393 aeternam
322 1337 528 1408 generationem
549 1337 607 1391 rita
626 1336 779 1392 essentialis
796 1337 833 1390 sit
853 1352 925 1392 eom·
950 1338 1125 1404 judicantem
1141 1337 1266 1393 viderim
1284 1338 1351 1392 boni
1374 1346 1401 1393 et
1423 1338 1507 1402 maii,
1535 1338 1648 1394 totietw
1673 1338 1785 1407 impius,

91 1425 246 1492 manicata,
270 1423 319 1479 sed
337 1422 513 1493 quodetiam
538 1422 591 1494 ipsi
616 1427 647 1477 ut
672 1420 776 1478 homini
796 1429 925 1491 potestas
950 1432 981 1477 ot
1003 1441 1060 1478 non
1083 1423 1180 1478 rideat
1203 1424 1361 1479 claritatem
1387 1426 1460 1492 Dei,
1487 1428 1523 1479 de
1550 1443 1608 1495 osea
1629 1426 1711 1481 Deus
1737 1433 1786 1491 est,

91 1511 222 1574 faciendi
240 1510 352 1580 judicii
367 1526 417 1579 per
436 1508 566 1563 amonem
584 1508 758 1579 personalem
775 1514 804 1563 et
822 1507 924 1563 exalta·
951 1527 1035 1578 auam
1059 1509 1116 1564 soii
1142 1511 1246 1566 munde
1268 1513 1355 1565 corde
1377 1512 1517 1566 sidebant.
1552 1509 1600 1568 lib.
1619 1516 1660 1569 20.
1679 1510 1714 1566 de
1732 1512 1784 1567 eir.

92 1599 197 1655 donem
214 1596 251 1652 ad
270 1596 394 1651 dextram
416 1596 468 1649 Dei
495 1594 720 1651 communicetur.
754 1593 847 1649 Valde
874 1593 925 1664 igi·
950 1594 1005 1651 Dei
1022 1612 1046 1651 a
1064 1600 1093 1651 6:
1123 1595 1160 1650 In
1179 1613 1213 1651 ea
1228 1599 1326 1662 forma
1342 1599 1431 1652 cmiet
1452 1598 1655 1667 judicaturus,
1679 1599 1708 1652 in
1728 1615 1785 1668 qua

92 1691 138 1740 tur
155 1683 314 1753 probamus,
342 1682 417 1752 quod
435 1681 611 1736 Maldonatus
631 1680 661 1734 iu
678 1680 705 1741 h.
723 1679 742 1734 l.
760 1680 858 1736 scribit
875 1680 924 1737 eol
950 1682 1023 1735 venit
1042 1681 1238 1753 judicandus,
1261 1682 1291 1738 id
1314 1684 1389 1756 quod
1414 1683 1516 1755 probat
1539 1700 1571 1739 ex
1590 1683 1664 1741 dieto
1683 1683 1785 1740 Christi

93 1778 157 1851 584:
177 1771 301 1825 Etionssi
320 1770 449 1824 Christus
465 1776 496 1822 ut
516 1768 597 1821 Deus
615 1775 642 1823 st
654 1775 822 1839 potestatem
840 1776 865 1822 et
876 1786 925 1822 na·
949 1766 1050 1834 John,
1061 1785 1086 1821 v.
1099 1774 1146 1824 tl:
1166 1769 1257 1823 Dedit
1270 1771 1300 1823 ei
1309 1777 1474 1839 potestatem
1490 1772 1622 1835 faciendi
1631 1770 1786 1840 judicium,

93 1868 187 1914 turam
205 1859 298 1927 ipsam
322 1855 431 1924 accepit
449 1869 506 1922 per
530 1862 674 1909 amariam
697 1872 716 1908 a
733 1855 822 1909 Patre
846 1871 925 1925 pene·
951 1855 1020 1924 quia
1037 1854 1133 1908 Νίκη
1152 1854 1272 1910 bominis
1290 1864 1337 1910 est.
1357 1855 1385 1910 in
1404 1872 1493 1912 enarr.
1514 1856 1613 1912 Psalm.
1635 1863 1681 1913 74:
1713 1857 1786 1922 stia

91 1947 244 2013 rationem,
273 1952 365 1997 tamm
388 1958 445 1995 non
468 1939 564 2010 apdur
588 1940 634 1994 bic
661 1942 697 1996 ds
722 1957 756 1996 ea
777 1947 925 2010 potestate,
951 1947 982 1993 ut
995 1940 1092 1994 Filius
1104 1941 1224 1995 bominis
1237 1942 1345 2010 occepit
1358 1949 1525 2011 potestatem
1541 1942 1702 2011 judicandi,
1720 1943 1785 1997 ideo

92 2050 177 2103 quam
195 2032 231 2085 ab
250 2031 326 2084 omni
341 2029 507 2082 aeternitate
523 2027 630 2090 babuit
650 2028 704 2082 sed
719 2044 804 2096 mom
816 2027 846 2081 in
860 2034 925 2081 um·
952 2026 994 2079 ait
1002 2025 1033 2079 in
1042 2026 1193 2096 eoanpetio,
1211 2028 1290 2082 dedit
1302 2027 1330 2082 ei
1345 2034 1510 2096 potestatem
1525 2028 1656 2093 [amendi
1672 2028 1785 2096 iudicii,

90 2135 160 2189 pore
180 2117 282 2171 babere
300 2115 398 2186 coepit.
428 2112 508 2168 Haec
526 2112 573 2167 ille
591 2113 751 2179 rectissime,
773 2113 821 2184 qui
833 2119 926 2169 tamen
952 2112 1020 2181 ostia
1039 2111 1133 2167 Filius
1152 2112 1273 2166 bominis
1290 2120 1340 2180 est,
1357 2115 1511 2168 secundum
1529 2115 1607 2185 quod
1621 2113 1715 2169 Filius
1728 2114 1787 2169 Dei

92 2205 121 2259 in
139 2202 262 2275 reliquis,
281 2216 352 2271 quae
369 2199 540 2268 praecedunt
552 2206 581 2255 et
592 2204 755 2269 sequuntur,
773 2195 824 2254 οὐκ
839 2196 925 2272 ipto-
951 2215 1094 2267 nunquam
1111 2198 1222 2267 accepit
1241 2206 1412 2269 potestatem
1428 2200 1599 2270 judicandi,
1624 2201 1692 2270 quia
1716 2218 1784 2254 nun·

91 2292 178 2346 eadsi
194 2287 268 2359 πρὸς
286 2284 336 2356 τὴν
354 2281 494 2356 ἀλήθειαν.
520 2283 706 2340 Combachius
727 2283 877 2341 curium.
896 2286 925 2340 iu
952 2300 1036 2352 ossam
1050 2281 1144 2338 caruit
1150 2291 1291 2354 potestate
1307 2285 1469 2353 judicandi.
1488 2289 1597 2343 traetm.
1607 2289 1649 2343 21.
1664 2285 1693 2341 in
1706 2284 1784 2342 Jon:

92 2377 164 2446 disp.
183 2374 217 2429 de
234 2389 343 2444 person.
363 2378 391 2427 et
408 2370 481 2426 oilie.
494 2369 597 2426 Christi
609 2370 749 2428 thestio.
768 2370 815 2426 sie
833 2390 926 2448 παρα·
952 2370 1040 2424 Pater
1059 2387 1136 2426 omne
1147 2370 1293 2441 judicium
1312 2372 1392 2427 dedit
1410 2371 1498 2426 Filio.
1530 2372 1595 2426 Hoc
1615 2372 1719 2427 dietum
1738 2380 1786 2437 est,

92 2460 204 2537 φράζεις
225 2460 314 2513 Dedit
327 2457 355 2510 ei
363 2464 531 2526 potestatem
543 2456 676 2523 faciendi
687 2456 841 2527 judicium,
857 2457 926 2527 quio
952 2456 1020 2525 assio
1030 2455 1186 2510 bominibus
1195 2457 1226 2510 in
1236 2457 1352 2529 judicio
1366 2475 1420 2513 non
1432 2457 1590 2528 apparebit,
1608 2458 1666 2512 nisi
1678 2458 1786 2526 litium

91 2548 187 2603 lilius
205 2545 322 2600 bominis
341 2551 396 2610 est,
419 2543 439 2597 i.
459 2559 481 2597 c.
500 2543 569 2614 quia
585 2541 694 2596 visibili
715 2544 812 2609 forma
836 2543 927 2598 veniet
952 2542 1042 2596 Pater
1058 2542 1183 2597 comum
1200 2543 1261 2612 erit,
1280 2543 1375 2599 bilius
1394 2544 1568 2608 manifestus.
1604 2543 1641 2598 In
1661 2562 1715 2615 quo
1731 2547 1786 2600 erit

91 2636 133 2690 ad
145 2633 296 2702 judicium.
321 2628 409 2702 Atqui
427 2630 456 2685 rb
478 2629 580 2684 Filium
592 2628 710 2685 hominis
724 2645 784 2685 osse
797 2629 925 2701 nuspiam
952 2629 1046 2683 bibisse
1063 2628 1252 2695 manifestus!
1269 2629 1300 2683 in
1317 2630 1416 2695 fornae
1435 2646 1491 2701 qua
1502 2630 1659 2696 adscendit,
1676 2649 1742 2685 nam
1755 2632 1785 2685 in

91 2721 123 2776 in
146 2718 296 2789 scripturis
320 2715 460 2789 significat
485 2715 622 2772 visibilem
647 2714 768 2770 reditum
790 2714 826 2769 ad
848 2715 925 2786 judi·
950 2716 1048 2780 forma
1066 2715 1127 2768 Dei
1142 2732 1204 2768 cum
1221 2714 1309 2769 Patre
1326 2715 1450 2769 occuttus
1468 2722 1522 2779 est,
1547 2715 1577 2769 in
1593 2717 1696 2784 sernia
1713 2717 1787 2771 serui

91 2807 175 2874 mum,
193 2804 242 2859 sed
261 2802 294 2859 rb
313 2802 460 2858 visibiliter
479 2802 515 2856 ad
531 2800 669 2872 judicium
689 2799 782 2856 renim
801 2805 844 2856 est
860 2817 925 2857 con·
951 2800 1107 2855 bominibus
1139 2800 1315 2866 manifestus.
1362 2802 1429 2854 Non
1458 2818 1525 2869 erpo
1554 2801 1645 2856 Pater
1667 2802 1786 2871 judicat

92 2908 212 2965 sequens
230 2888 419 2948 humanitatis.
455 2887 492 2941 Et
509 2886 679 2944 ostendimus
693 2886 755 2958 jam
771 2892 845 2957 ante,
864 2903 925 2958 par·
952 2904 1130 2957 quemquam,
1155 2887 1254 2940 sedin
1273 2887 1424 2956 manifesta
1444 2902 1523 2941 omne
1541 2887 1687 2957 judicium
1705 2890 1786 2943 dedit

91 2977 206 3034 ticulum
236 2973 280 3032 tu
310 2993 367 3029 non
394 2991 509 3029 causam
537 2973 587 3029 sed
616 2973 753 3042 objectum
785 2973 925 3042 denotare,
952 2974 1030 3029 Fen
1048 2981 1096 3029 etc.
1124 2973 1221 3027 Veniet
1238 2974 1269 3027 in
1278 2974 1382 3041 sernia
1399 2973 1530 3040 bumana,
1549 2990 1634 3043 quarn
1649 2974 1782 3030 videbunt

92 3063 169 3136 quod
192 3062 251 3120 scil.
268 3060 379 3117 Christo
404 3066 436 3115 ut
451 3059 524 3115 Filio
550 3057 669 3115 hominis
692 3058 750 3115 sive
775 3059 926 3115 secuudum
952 3067 977 3115 et
996 3060 1087 3131 impii,
1112 3060 1245 3114 ridebunt
1262 3061 1303 3113 ad
1321 3060 1448 3113 deatram
1467 3058 1568 3129 positi,
1592 3060 1725 3115 videbunt
1743 3063 1784 3115 ad

91 3149 240 3205 humanam
258 3153 386 3202 naturam
404 3151 527 3216 potestas
545 3143 682 3214 ejusmodi
708 3145 783 3200 data.
818 3145 924 3209 Quodsi
951 3148 1100 3201 annuam
1128 3147 1263 3216 separati.
1297 3144 1383 3204 ibid:
1412 3147 1519 3200 Forma
1543 3145 1653 3214 indicis
1679 3147 1787 3202 Christi

92 3236 167 3292 enim
184 3250 268 3289 musa
284 3233 358 3287 illius
376 3230 633 3287 communicationis
656 3231 685 3286 in
713 3230 767 3288 hoe
790 3235 925 3306 npoodso-
951 3234 1092 3288 videbitur
1111 3251 1130 3287 a
1144 3233 1206 3302 piis
1224 3241 1250 3287 et
1266 3231 1377 3304 impiis,
1395 3232 1485 3301 justis
1503 3239 1528 3285 et
1548 3232 1672 3303 injssetis,
1693 3232 1784 3300 fideii-

91 3325 183 3397 ρισμῷ
201 3320 397 3392 assignaretur,
425 3332 597 3388 consequens
618 3316 698 3386 foret,
725 3333 820 3374 omnes
839 3317 925 3375 homi·
953 3319 1003 3372 bus
1021 3326 1047 3373 et
1066 3319 1236 3389 infidelibus,
1256 3319 1441 3388 pandentibus
1456 3327 1483 3372 et
1497 3319 1702 3389 pianqentibus,
1720 3335 1783 3374 con·

92 3424 143 3463 nes
160 3407 232 3462 hanc
248 3410 414 3477 potestatem
431 3403 542 3459 habere.
578 3403 660 3459 Adde
685 3404 761 3476 quod
782 3403 924 3476 Scriptura
953 3405 1011 3463 tisis
1030 3413 1056 3460 et
1072 3405 1205 3466 confusis
1231 3409 1310 3461 tract.
1331 3409 1371 3460 22.
1391 3408 1421 3459 in
1437 3402 1515 3460 Joh.:
1537 3405 1696 3460 Secundum
1708 3407 1785 3476 quod

92 3509 206 3550 musam
222 3492 306 3563 hujus
327 3489 583 3548 communicationis
599 3506 656 3546 non
681 3489 710 3544 in
734 3490 852 3546 veritate
873 3491 923 3545 hu·
952 3491 1047 3545 iiiios
1073 3498 1114 3545 est
1134 3491 1202 3559 Dei,
1224 3491 1297 3545 sicta
1313 3490 1401 3544 Pater
1424 3489 1506 3544 babet
1529 3491 1614 3545 υἰωω
1634 3489 1666 3545 in
1686 3499 1783 3545 semet·

93 3578 233 3634 munitatis
259 3594 311 3632 nee
337 3577 366 3631 in
392 3574 554 3630 visibilitate
580 3574 686 3630 reditus
714 3575 750 3631 ad
780 3575 925 3647 judicium,
952 3579 1023 3647 ipso,
1042 3577 1084 3630 sic
1104 3584 1130 3630 et
1148 3576 1229 3631 dedit
1246 3575 1325 3630 mio
1342 3577 1428 3630 citam
1447 3575 1549 3631 babere
1571 3577 1602 3630 in
1618 3577 1782 3647 samarium

92 3665 142 3721 sed
160 3665 189 3720 in
205 3663 308 3719 unione
326 3662 503 3732 hypostatica
520 3660 691 3733 eandemque
709 3668 807 3718 secuta
822 3660 924 3716 Christi
951 3664 1101 3718 secundum
1112 3669 1205 3716 ornem
1221 3663 1299 3732 qrsod
1313 3661 1408 3716 bilius
1421 3660 1542 3716 bominis
1555 3669 1604 3732 est,
1618 3669 1783 3732 potestatem

93 3751 130 3806 ad
151 3751 276 3806 dextram
294 3748 386 3803 Patris
408 3748 574 3803 exaltatione
592 3746 695 3818 abique
714 3752 826 3804 statuat.
952 3749 1030 3804 dedit
1048 3748 1076 3802 ei
1092 3747 1237 3818 judicium
1258 3746 1391 3811 faciendi
1408 3754 1457 3801 etc.
1494 3747 1653 3802 Smndum
1669 3748 1721 3804 isoc
1737 3767 1783 3802 ac·

129 3842 172 3896 bt.
205 3837 337 3906 idipsum
353 3833 439 3904 (quod
455 3852 492 3890 ec.
515 3833 642 3888 Christus
660 3836 814 3889 secundum
830 3836 925 3890 buma-
953 3835 1025 3905 cepit
1040 3840 1205 3904 potestatem
1216 3833 1383 3903 judicandi,
1402 3834 1471 3902 quia
1482 3833 1577 3889 stitus
1594 3835 1713 3889 bominis
1729 3843 1783 3899 est,-

92 3941 160 3979 nam
177 3930 309 3976 naturam
326 3920 471 3990 judicium
490 3920 527 3973 sit
545 3919 808 3989 administraturus)
832 3920 924 3977 nobis·
952 3939 1017 3975 nam
1034 3921 1186 3975 secessim
1203 3921 1280 3988 qued
1298 3920 1394 3976 Friius
1412 3920 1471 3974 Dei
1487 3927 1535 3988 est,
1560 3937 1670 3992 semper
1687 3922 1783 3977 moue

94 4027 157 4066 eum
175 4008 277 4064 docent
294 4006 332 4077 pli
350 4011 465 4061 veteres.
500 4005 657 4076 Cyprianus
675 4005 704 4059 in
724 4021 805 4061 serm.
825 4005 861 4062 de
878 4007 925 4061 ad·
952 4008 1025 4061 nanc
1042 4014 1217 4076 potestatem,
1233 4005 1342 4080 occepit
1354 4005 1405 4076 qui
1416 4007 1596 4061 rmuscitatus
1608 4015 1656 4077 est,
1670 4009 1784 4079 aceepit

93 4112 194 4152 scene:
218 4092 375 4147 Humilitos
392 4091 488 4145 carnis
506 4099 620 4145 rsoetrae
638 4091 736 4146 tireno
748 4092 925 4162 judicatorio
952 4093 1002 4162 qui
1021 4101 1103 4146 natus
1119 4101 1171 4158 est,
1196 4091 1305 4162 accepit
1322 4092 1372 4160 qui
1393 4091 1542 4157 crueificm
1565 4100 1613 4149 est.
1639 4110 1719 4150 serm.
1739 4099 1782 4151 bt.

93 4183 232 4237 honorata
251 4187 299 4234 est.
324 4176 447 4249 (tyrillus
464 4177 482 4233 l.
500 4182 522 4232 t.
540 4178 570 4233 in
584 4176 649 4233 Joh.
662 4193 686 4232 c.
702 4182 764 4234 lto:
782 4177 819 4232 In
837 4197 924 4248 asian
952 4177 988 4233 de
1008 4176 1091 4235 Verb.
1115 4176 1238 4234 Domiu:
1269 4176 1366 4231 Judee
1391 4178 1437 4231 bic
1459 4178 1513 4232 erit
1536 4178 1631 4233 mim
1654 4179 1782 4244 iomins's,

95 4275 151 4323 tum
175 4267 294 4320 Verbum
313 4264 373 4317 Dei
390 4271 416 4317 et
436 4265 517 4318 Desa
537 4271 586 4334 est,
604 4263 677 4317 banc
690 4271 860 4336 potestatem
877 4264 924 4318 isa·
950 4267 1048 4330 forma
1070 4263 1124 4319 silo
1150 4263 1196 4318 bic
1218 4263 1376 4333 judicabit,
1408 4281 1480 4332 meae
1506 4263 1642 4334 judicata
1666 4272 1707 4320 est
1733 4273 1781 4322 etc.

95 4355 138 4409 bet
155 4351 335 4415 naturaiiter,
351 4350 382 4403 in
400 4356 534 4419 quantum
553 4355 645 4404 autem
662 4349 744 4406 bomo
757 4352 858 4420 sactus
877 4356 925 4420 est,
954 4350 1067 4406 Sedebit
1079 4349 1179 4419 judee,
1196 4349 1247 4418 qui
1260 4348 1335 4402 stetit
1353 4349 1403 4401 sub
1423 4348 1530 4417 judice.
1566 4351 1722 4405 Damnabit
1739 4369 1782 4406 oe·

94 4439 235 4510 accepisse
259 4453 288 4491 ee
313 4435 385 4490 bane
403 4442 569 4507 potestatem
590 4443 687 4506 aperte
706 4439 878 4508 profitetur,·
898 4441 927 4491 et
952 4454 1001 4491 ros
1018 4454 1096 4504 reos,
1119 4435 1168 4504 qui
1189 4435 1285 4500 factus
1308 4440 1349 4487 est
1371 4433 1467 4497 salsus
1491 4451 1562 4487 reue
1598 4436 1666 4506 Ipse
1683 4437 1781 4505 reniet,

92 4525 140 4581 lib.
159 4523 247 4596 ejusd.
266 4539 289 4578 e.
310 4528 370 4579 itt:
400 4521 528 4576 Cissim
551 4538 667 4575 causam
687 4521 816 4594 subjecit,
838 4539 926 4593 oreore
951 4524 1049 4590 forma
1068 4522 1123 4576 dia
1139 4521 1235 4575 ueniet
1254 4519 1283 4573 in
1302 4517 1363 4574 libr.
1382 4524 1423 4574 5⁰.
1444 4517 1721 4579 homiliarumhomil.
1734 4526 1781 4579 ²2:

91 4617 254 4683 potestatem
281 4608 386 4676 iuds'eii
409 4626 429 4662 a
451 4607 540 4661 Patre
565 4607 622 4661 ubi
649 4608 787 4662 traditam
813 4609 926 4679 deberit,
955 4609 1039 4674 Quod
1056 4607 1140 4675 dicit,
1166 4605 1245 4659 dedit
1270 4605 1297 4660 ei
1315 4605 1460 4673 judicium
1482 4605 1595 4672 facere,
1617 4624 1674 4676 pro
1697 4618 1782 4678 parte

80 4699 218 4766 addens,
244 4695 312 4767 eseia
336 4693 432 4748 Filius
453 4693 573 4747 bominis
596 4699 649 4756 est,
672 4701 704 4748 ut
729 4693 926 4768 intelligamus,
952 4695 1056 4762 earnm,
1073 4710 1157 4763 quam
1177 4690 1320 4760 armoni,
1338 4691 1450 4745 dedisse
1468 4689 1584 4746 Patrem
1602 4694 1680 4748 mio
1700 4694 1781 4764 joce
1827 4690 1837 4713 ¹

95 4781 190 4838 omnia
208 4780 264 4834 sibi
282 4781 353 4834 data
372 4779 609 4833 maerebamini.
641 4777 816 4851 Augustinus
836 4779 883 4834 lib.
902 4785 926 4836 1.
952 4782 1026 4836 cium
1046 4779 1106 4834 dici
1121 4777 1319 4847 cognoscimus.
1355 4777 1394 4831 Et
1417 4778 1552 4846 saturum
1574 4778 1718 4848 judicium
1737 4780 1782 4834 liic

95 4870 130 4926 de
149 4867 226 4923 Trin.
243 4882 266 4921 c.
288 4870 332 4922 tt:
365 4864 460 4919 bilius
476 4865 596 4920 lucinis
607 4864 792 4936 juds'catums
807 4873 857 4931 est,
876 4883 927 4921 nec
951 4865 1101 4936 sipnbicat,
1124 4864 1155 4918 in
1173 4880 1228 4933 quo
1244 4861 1367 4916 adstabit
1385 4863 1471 4917 Jesus
1491 4862 1619 4920 Christus
1635 4872 1663 4919 et
1680 4867 1782 4920 reddet

95 4963 185 5010 umen
205 4969 238 5007 ee
256 4952 378 5005 bumana
396 4959 541 5022 potestate,
564 4951 616 5006 sed
631 4967 664 5005 ee
683 4967 731 5021 ea,
757 4968 814 5022 pria
832 4951 927 5005 Filius
951 4951 1100 5021 unicuiqsse
1122 4949 1274 5004 secundum
1298 4964 1388 5018 opera
1409 4949 1479 5020 ejece.
1514 4948 1637 5022 Prosper
1659 4949 1688 5004 in
1711 4955 1781 5006 seut.

97 5039 155 5094 Dei
169 5045 221 5094 est.
247 5038 287 5091 Et
305 5054 414 5106 rursus,
433 5036 524 5091 itlius
539 5035 599 5090 Dei
606 5036 792 5107 judicaturus
811 5042 858 5104 est,
875 5053 926 5092 nec
951 5039 1071 5108 August.
1092 5040 1161 5091 seut
1180 5039 1238 5092 tit.
1271 5035 1342 5106 Ipsa
1361 5036 1483 5108 (ristun)
1506 5035 1561 5090 erit
1582 5036 1686 5105 judea,
1711 5053 1782 5105 quoe

95 5136 187 5180 tamen
208 5123 238 5177 in
258 5140 292 5177 ea
308 5126 407 5189 forma
424 5138 577 5193 apparens,
602 5121 633 5175 in
650 5140 708 5192 quea
725 5123 806 5176 Deus
823 5128 864 5178 est
880 5139 926 5177 ae·
951 5120 1117 5193 subjudice
1135 5120 1218 5191 stetit,
1238 5121 1303 5192 ipsa
1321 5121 1474 5191 judicabit,
1493 5137 1565 5190 quae
1581 5120 1716 5190 judicata
1733 5129 1781 5188 est,

96 5211 190 5280 medis
210 5209 304 5278 Patri,
322 5211 374 5263 sed
390 5209 421 5262 in
439 5227 481 5278 ea,
499 5223 556 5278 essa
573 5207 668 5262 bilius
685 5207 805 5262 bominis
824 5214 926 5264 estete.
951 5217 982 5264 ut
999 5208 1113 5263 cidem
1130 5207 1213 5277 impii
1227 5207 1289 5278 ejus
1307 5207 1444 5276 pieriam,
1468 5206 1499 5262 in
1521 5206 1603 5276 eujus
1624 5213 1781 5260 nmnsuetu

56 5297 123 5349 laet
145 5300 255 5367 postea:
289 5294 366 5358 Quid
389 5311 440 5349 nos
460 5293 592 5365 prohibet
616 5293 731 5365 mucci,
756 5293 815 5349 nisi
841 5293 925 5365 aaa,
953 5295 1045 5350 duem
1070 5295 1254 5356 frenusrunt.
1301 5292 1381 5346 Talis
1408 5309 1473 5361 erpo
1507 5291 1655 5365 apparebit
1686 5292 1782 5361 iudea,

94 5383 170 5452 quod
186 5398 286 5436 reuera
306 5381 427 5435 miratur
445 5379 548 5450 cornis,
574 5379 625 5450 qui
645 5396 701 5434 non
727 5379 872 5460 inteiligit,
895 5387 927 5435 ut
952 5381 1046 5452 ussaw
1062 5380 1156 5435 rideri
1175 5377 1268 5452 possit
1283 5378 1319 5432 ab
1337 5379 1382 5446 iis,
1399 5396 1468 5449 quos
1484 5386 1680 5450 coronaturus,
1704 5387 1730 5435 et
1746 5379 1781 5433 ab

145 5477 257 5520 Gsrhsrdl
273 5478 326 5519 loci.
355 5475 393 5519 11.
1561 5467 1578 5518 3
