4050 6014
683 360 734 415 DE
753 358 1083 418 CONSUMMATIONE
1103 356 1248 416 saecat.
1765 360 1822 424 15³

130 515 186 571 sint
204 533 222 571 a
239 522 314 570 terra
332 515 517 585 remotissimi,
535 515 602 588 qaia
629 522 690 585 etti
716 517 807 573 locum
824 523 960 573 remotum
991 519 1071 571 orbes
1097 519 1235 574 coelestes.
1269 517 1494 589 Respondemus:
1526 521 1549 586 t)
1573 515 1743 589 comparatio
1768 533 1824 574 uon

130 602 278 674 significat,
298 619 331 658 sc
349 601 468 656 formam
486 602 576 657 dualis
594 589 694 673 putan't
708 604 841 660 denotare
858 603 964 658 distan-
990 610 1032 659 est
1049 605 1225 660 mandenda
1243 604 1316 660 ultra
1336 603 1460 669 tertium,
1487 610 1600 675 propter
1618 603 1693 674 quod
1712 601 1824 659 adhihe-

130 689 196 744 tiam
222 693 331 743 eterra
356 687 496 759 utrimque
513 691 673 760 aequalem,
699 690 742 744 vel
770 690 840 745 duos
868 690 963 745 muudi
991 699 1041 745 tur.
1078 690 1204 745 Christus
1224 691 1309 745 vitam
1329 708 1362 745 ac
1381 707 1469 746 mores
1488 691 1637 755 hominum,
1666 691 1714 762 qui
1732 690 1824 745 imme·

130 774 220 844 polos,
244 773 318 828 circa
338 790 408 845 quos
427 773 534 829 coelum
552 776 785 831 circumvolvitur.
822 775 964 831 Schindle·
991 777 1065 832 diste
1083 783 1149 831 ante
1165 777 1301 832 diluvium
1322 778 1462 842 vixerunt,
1486 794 1549 832 cum
1566 784 1642 834 statu
1664 776 1824 833 novissimo·

129 879 176 914 rus
196 861 225 914 in
243 861 431 915 nocerino.
467 859 657 916 Damscenus
674 861 721 916 lih.
742 867 766 917 2.
783 862 891 917 orthod.
915 861 963 918 tid.
991 880 1051 915 rum
1069 868 1224 933 temporum
1243 862 1327 918 finem
1347 864 1441 918 mundi
1470 863 1594 935 proxime
1619 870 1825 934 antegressum·

129 965 154 1001 c.
173 951 203 1002 δε
235 947 357 1009 Οιιίάαηι
376 954 508 1000 naturam
526 948 599 1000 coeli
616 948 715 1000 dicant
739 965 797 1001 esse
824 944 962 1018 ὑδατώδη,
991 966 1051 1002 rum
1069 956 1221 1020 comparat,
1239 966 1413 1021 nequaquam
1434 966 1498 1007 vero
1512 949 1625 1005 modum
1638 949 1738 1005 excidii
1751 955 1824 1006 utro·

129 1040 159 1086 at
184 1034 261 1101 qaod
285 1033 324 1085 sit
346 1033 377 1086 in
399 1035 492 1087 medab
521 1050 660 1104 aquaram
684 1034 821 1102 penitam
848 1035 903 1089 alii
932 1053 964 1089 ee
991 1035 1075 1107 bique
1094 1051 1189 1105 parem
1207 1035 1266 1092 sore
1286 1036 1393 1091 merit.
1428 1038 1455 1104 2)
1476 1035 1574 1092 Noluit
1590 1035 1666 1090 Deus
1684 1051 1734 1105 per
1756 1033 1825 1088 dilu-

129 1126 250 1189 qaatrtor
268 1119 422 1184 elementis,
448 1119 645 1188 aliiqointam
664 1128 810 1189 corporet
829 1121 913 1173 abaci
928 1120 964 1173 ab
991 1120 1066 1174 vium
1092 1137 1186 1176 omnes
1211 1120 1306 1175 mundi
1327 1128 1421 1191 pestes
1448 1121 1588 1176 destruere
1616 1137 1649 1176 ac
1674 1121 1826 1182 desumo.

129 1206 190 1260 ills's
214 1213 337 1274 quatuor
360 1221 427 1258 esse.
463 1209 492 1270 h)
516 1203 648 1269 Quemvis
671 1205 792 1260 edidici
820 1206 908 1277 possit
930 1221 965 1260 ex
991 1206 1057 1277 quia
1080 1207 1256 1261 seminarium
1279 1206 1394 1278 aliquod
1424 1207 1534 1279 generis
1560 1207 1674 1263 humani
1704 1207 1733 1262 in
1762 1220 1827 1262 arca

128 1306 203 1361 aqua
221 1290 381 1354 consistere,
400 1291 467 1362 quia
483 1308 516 1345 ex
534 1291 651 1346 materia
671 1308 759 1362 equae
780 1292 899 1348 effectus
919 1293 963 1361 sit,
991 1290 1182 1356 conservabat,
1202 1300 1262 1348 crat
1284 1293 1370 1363 igitur
1383 1293 1519 1348 excidium
1536 1293 1606 1348 illud
1618 1293 1713 1347 mundi
1725 1291 1825 1362 prioris

130 1378 185 1433 dici
202 1383 296 1433 tamem
313 1378 410 1449 nequit
435 1378 586 1433 consistere
605 1396 660 1449 per
692 1398 808 1449 aquam,
834 1379 963 1451 quoniam
986 1378 1114 1448 partiale
1133 1387 1159 1432 et
1175 1379 1370 1448 particulare,
1393 1379 1442 1434 sed
1461 1380 1490 1432 in
1509 1378 1565 1434 fine
1583 1379 1670 1434 seculi
1686 1378 1825 1449 completo

128 1463 236 1535 absque
254 1481 330 1535 aqua
354 1465 505 1519 consistere
530 1470 636 1535 potest,
664 1482 754 1536 neque
781 1465 854 1522 enim
881 1483 963 1537 aqua,
991 1465 1112 1519 omnium
1132 1464 1281 1520 electorum
1299 1481 1414 1520 numero
1434 1465 1717 1520 mundussecuudum
1730 1479 1826 1521 omues

128 1567 201 1621 quae
218 1550 247 1605 in
264 1566 297 1606 eo
315 1550 454 1622 gignitur,
479 1551 685 1607 consistentiam
708 1552 829 1622 aliquam
854 1553 895 1606 illi
917 1551 963 1606 tri-
991 1554 1083 1619 partes
1102 1552 1266 1617 destruetur,
1290 1552 1343 1606 erit
1362 1552 1447 1623 igitur
1464 1551 1534 1606 illud
1552 1551 1712 1623 posterioris
1730 1550 1826 1606 mundi

131 1636 199 1691 buit.
235 1636 354 1702 Quidam
369 1639 527 1708 respondet,
547 1639 608 1692 diei
626 1644 721 1692 acrem
738 1639 890 1692 consistere
909 1655 964 1708 per
991 1636 1127 1691 excidium
1152 1639 1239 1692 totale
1266 1647 1293 1692 et
1318 1637 1484 1692 universale.
1521 1642 1548 1704 3)
1581 1637 1614 1692 In
1639 1636 1745 1693 diluvio
1775 1653 1826 1693 uec

128 1740 246 1792 ammas,
273 1724 339 1791 qaia
365 1725 493 1778 volucres
518 1726 595 1778 omis
622 1741 654 1778 ee
685 1743 762 1794 aqna
793 1725 850 1778 sint
877 1733 964 1794 ortae,
991 1726 1051 1793 aer,
1088 1741 1139 1778 nec
1163 1739 1237 1795 aque
1254 1724 1410 1795 perierunt,
1434 1723 1535 1794 quibus
1563 1728 1656 1779 tanim
1683 1722 1826 1778 elementis

128 1809 285 1878 mannus.
331 1809 371 1862 At
401 1809 454 1864 hoc
483 1810 563 1864 uirnls
595 1810 679 1882 longe
708 1812 840 1882 petitum,
875 1826 965 1879 neque
991 1811 1086 1865 mundi
1112 1809 1194 1866 finem
1218 1810 1364 1865 allaturum
1393 1826 1453 1866 esse
1477 1810 1589 1866 exitium
1617 1808 1756 1866 Pontificii
1779 1827 1825 1866 ue·

129 1893 267 1967 quispiam
285 1895 370 1951 fando
390 1896 506 1964 audivit,
526 1898 642 1952 adseris
661 1897 869 1954 consistentiam
885 1897 964 1954 volu·
991 1914 1058 1968 gare
1086 1904 1236 1968 nequeunt
1271 1897 1437 1952 Frauciscus
1457 1897 1599 1953 Musonius
1628 1903 1653 1954 1.
1670 1902 1739 1951 sent
1761 1895 1825 1950 dist

128 1998 189 2036 cros
207 1981 359 2050 pertinere,
383 1989 561 2036 cumcontra
580 1983 674 2052 potius
693 1983 821 2038 volucres
840 2000 873 2039 ex
890 1999 965 2054 aqua
991 1989 1031 2039 ta.
1052 2001 1077 2055 q.
1097 1990 1126 2040 t:
1157 1985 1194 2037 In
1212 1985 1319 2038 dilavio
1338 2002 1394 2039 non
1416 1985 1533 2048 suerunt
1552 1984 1646 2037 omnia
1672 1989 1826 2044 consumto,

129 2067 279 2124 consistere
305 2066 423 2121 fuissent
450 2067 601 2136 dicendae,
634 2069 701 2139 quia
732 2086 766 2124 ex
796 2069 844 2123 illa
872 2068 964 2124 factae
991 2070 1059 2138 qaia
1077 2088 1133 2123 non
1149 2071 1255 2140 pisces,
1282 2073 1335 2127 sect
1353 2071 1405 2124 illo
1425 2071 1489 2140 ione
1508 2071 1602 2124 omnio
1621 2076 1824 2125 consumentur.

128 2159 200 2209 sunt
235 2154 262 2219 6)
289 2151 376 2208 Videt
395 2152 547 2208 Barradius
565 2156 721 2224 argumenti
742 2155 826 2226 hujus
848 2154 962 2210 infirmi·
991 2157 1018 2223 t)
1044 2156 1097 2210 Per
1115 2156 1252 2210 diluvium
1270 2155 1344 2216 orbis
1363 2161 1496 2212 mnarum
1515 2157 1612 2213 misere
1631 2155 1686 2212 tuit
1700 2155 1825 2210 devasta-

129 2245 223 2308 tetem,
243 2239 307 2295 ideo
327 2237 383 2293 alia
402 2239 509 2295 ratione
530 2239 721 2296 demonstrare
738 2240 843 2307 nititur,
861 2240 891 2294 in
906 2257 964 2296 ver·
991 2249 1035 2296 tus
1062 2259 1095 2296 ac
1120 2242 1288 2308 destructus,
1312 2242 1362 2298 sed
1390 2259 1439 2314 per
1461 2242 1553 2314 ignem
1582 2240 1825 2313 conflagratorium

129 2326 171 2380 his
190 2326 267 2382 Petri
285 2327 381 2380 aereos
400 2325 536 2381 duntaxat
552 2326 644 2382 coelos
658 2327 864 2397 intelligendos.
897 2326 964 2381 Coc·
987 2330 1069 2399 juxta
1081 2327 1244 2385 Pontificios
1262 2327 1465 2399 expurgabitur
1483 2327 1519 2383 ab
1538 2326 1753 2385 adhaerentibus
1770 2342 1826 2382 sor-

128 2413 185 2476 los,
203 2411 310 2483 inquit,
326 2417 418 2466 ce'rem
436 2414 607 2482 sanificans,
625 2414 765 2483 probator
783 2431 816 2466 ee
834 2431 881 2482 eo,
897 2415 965 2482 qaia
991 2414 1082 2482 dibus,
1103 2431 1171 2485 ergo
1189 2431 1245 2471 non
1265 2422 1307 2469 est
1323 2414 1446 2487 aequalis
1466 2415 1610 2485 utriusque
1628 2414 1727 2470 excidii
1744 2413 1825 2469 ratio.

127 2499 274 2568 adjanpit:
308 2499 367 2552 Per
384 2516 457 2567 quoe
475 2501 524 2553 itte
542 2509 607 2554 tane
636 2502 756 2553 mundae
785 2519 862 2568 aqna
884 2501 963 2553 inan·
991 2507 1018 2565 11)
1037 2502 1137 2556 Petrus
1158 2500 1270 2558 finalem
1290 2503 1385 2558 muudi
1403 2502 1545 2557 interitum
1557 2518 1621 2556 cum
1633 2500 1738 2557 diluvio
1752 2517 1825 2558 com·

128 2586 212 2639 dotru
228 2585 323 2655 periit.
360 2586 417 2637 Per
434 2603 520 2652 qaae,
548 2587 581 2639 ia
599 2593 639 2639 est
661 2603 717 2655 per
734 2605 805 2656 quoa
823 2586 916 2641 coelos
940 2596 965 2639 et
990 2605 1093 2659 parans
1111 2589 1304 2660 disparitatem
1323 2589 1437 2644 rationis
1452 2589 1563 2643 disertis
1575 2588 1667 2642 verbis
1681 2592 1824 2643 monstrat.

128 2680 248 2735 terraram
271 2673 391 2725 mandas
409 2671 518 2725 deiurio
546 2689 697 2740 oppressas
721 2680 768 2725 est.
803 2673 873 2726 Jam
899 2689 964 2727 cero
991 2674 1033 2730 De
1054 2674 1151 2730 diluvii
1169 2691 1288 2745 namque
1307 2675 1418 2730 excidio
1434 2691 1517 2729 versu
1535 2680 1561 2729 11.
1582 2674 1610 2728 in
1630 2689 1734 2744 genere
1751 2672 1827 2737 dicit,

124 2772 180 2826 per
198 2773 334 2824 micenam
352 2757 444 2811 coetos
459 2759 581 2810 mandas
600 2758 756 2811 inundatus
769 2759 882 2828 periit!
908 2776 964 2812 non
991 2761 1064 2829 quod
1081 2760 1096 2815 ὁ
1115 2758 1178 2817 τότε
1195 2756 1313 2834 κόσμος,
1339 2762 1473 2824 mandas,
1490 2761 1541 2829 qai
1558 2768 1623 2814 tanc
1648 2767 1724 2827 erat,
1749 2776 1826 2828 aqua

124 2859 178 2912 per
198 2842 372 2912 asperiores,
394 2860 427 2897 ea
445 2843 504 2896 iltis
525 2845 598 2896 enim
625 2862 659 2898 ne
686 2852 765 2913 putta
790 2845 901 2914 qrsidem
923 2845 963 2908 ef·
991 2848 1144 2901 inundatos
1162 2847 1291 2915 perierit,
1313 2846 1360 2901 uhi
1381 2845 1492 2902 nomine
1511 2845 1605 2900 mundi
1624 2846 1826 2915 συνεκδοχικῶς

129 2928 210 2993 flacit
228 2944 335 2997 aquae,
359 2931 479 2999 scalper
500 2930 665 2995 inferiorem
683 2935 790 2993 ocrem,
816 2932 898 3000 enjus
917 2949 963 2984 ca·
990 2940 1105 3003 eccepto
1125 2932 1270 2989 inferiores
1290 2932 1386 2987 mundi
1407 2937 1578 3002 partescum
1601 2931 1723 2986 maxima
1750 2930 1824 2987 inco·

128 3023 254 3069 toractae
272 3023 390 3085 apertae
409 3023 473 3068 erent
492 3033 662 3084 oqnomtmoo
688 3018 799 3085 copiam
824 3017 964 3082 infinitam
990 3019 1079 3074 larum
1098 3026 1176 3089 parte
1193 3019 1334 3089 intelligit,
1352 3018 1401 3073 sed
1421 3019 1456 3074 de
1475 3017 1551 3074 finali
1571 3017 1680 3072 excidio
1696 3016 1825 3072 dbtinoto

129 3101 268 3155 interrae
287 3102 454 3170 effuderant.
492 3101 551 3155 Per
569 3109 675 3155 terram
693 3110 786 3156 antem
811 3104 964 3158 inundatos
990 3112 1018 3160 et
1037 3106 1066 3160 in
1082 3105 1175 3176 specie
1194 3104 1317 3176 loquitar
1333 3123 1358 3158 v.
1379 3111 1408 3159 l:
1446 3104 1524 3159 Coeli
1541 3104 1681 3172 quinimo
1710 3110 1776 3155 esent
1799 3110 1825 3154 et

131 3189 250 3241 mandas
264 3187 363 3256 periit,
383 3188 451 3255 qaia
469 3205 524 3257 per
544 3206 645 3257 oquae,
667 3206 738 3259 qaae
756 3207 841 3261 saper
860 3198 964 3243 urram
989 3200 1069 3244 terra
1086 3193 1181 3245 coelem
1201 3190 1284 3244 verbo
1301 3191 1427 3259 reposita
1447 3196 1596 3244 sewaatur
1624 3189 1656 3242 in
1679 3189 1754 3242 diem
1776 3188 1824 3256 ju·

128 3281 201 3340 sont,
223 3273 256 3326 id
275 3280 317 3327 est
330 3289 385 3342 per
403 3290 493 3343 conas
510 3275 599 3328 maris
618 3282 644 3328 et
662 3275 796 3344 reliquas,
822 3292 893 3344 qaae
910 3283 964 3328 ter·
991 3277 1078 3344 dicii,·
1108 3293 1133 3331 v.
1157 3281 1195 3336 10.
1221 3276 1295 3330 coeti
1319 3292 1421 3344 maone
1446 3276 1551 3345 impetn
1574 3275 1748 3340 transibant,
1771 3273 1826 3328 ele·

129 3376 179 3413 roe
204 3359 356 3412 visceribus
382 3361 603 3424 concludantur,
631 3362 745 3416 obrutas
774 3369 814 3415 est
843 3365 964 3417 mandas
989 3372 1083 3417 menta
1100 3364 1196 3418 calore
1209 3363 1358 3431 relocatur,
1378 3369 1456 3416 terra
1471 3369 1564 3416 autern
1583 3369 1608 3415 et
1625 3378 1698 3428 qaae
1718 3362 1824 3434 inipso

130 3445 246 3500 dilanio.
281 3446 322 3499 At
338 3445 512 3500 Barradiana
536 3446 585 3501 ille
614 3447 805 3516 interpretatio
830 3465 963 3520 perquam
989 3458 1054 3503 sont
1079 3467 1180 3521 operm
1207 3459 1373 3515 comentur,-
1402 3449 1585 3505 r.12.cocli
1610 3449 1673 3518 ione
1700 3450 1828 3503 eaccensi

128 3532 200 3587 dure
216 3539 258 3586 est
277 3538 305 3588 et
320 3540 425 3589 coacta
448 3532 590 3588 Particula
608 3532 648 3588 δι’
668 3521 840 3603 sicquidem
853 3540 965 3591 vertunt
989 3536 1132 3591 solventur
1151 3543 1176 3590 et
1196 3537 1333 3590 manento
1350 3536 1426 3604 ipris
1445 3536 1552 3588 ardore
1571 3535 1727 3603 tabescent,
1753 3551 1826 3606 quae

129 3619 321 3680 ademsatiom
349 3617 464 3688 quidam
486 3619 612 3686 illotioe,
638 3618 751 3690 quidam
774 3621 906 3687 relative,
933 3630 966 3677 ut
990 3623 1051 3693 ipsa
1074 3621 1197 3691 partium
1225 3621 1321 3675 mundi
1348 3623 1530 3698 ἐξαρίθμησις
1557 3619 1693 3689 ostendit,
1722 3619 1823 3682 omnia

127 3698 256 3776 superios
283 3705 448 3762 monuimus.
483 3704 513 3760 si
538 3707 657 3759 relative
686 3707 812 3777 accipere
839 3707 963 3775 velimus,
991 3724 1063 3779 quae
1084 3723 1226 3762 aeummo
1244 3705 1323 3762 coelo
1347 3708 1384 3761 ad
1410 3706 1532 3762 infimam
1561 3724 1649 3777 usque
1674 3711 1777 3762 terram
1799 3705 1829 3759 iu

129 3797 271 3860 respectus
289 3790 437 3846 habebitur
453 3807 508 3846 non
527 3792 563 3846 ad
581 3792 673 3848 coelos
694 3792 744 3847 sed
763 3792 799 3847 ad
825 3810 913 3864 aquas
937 3801 965 3850 et
991 3793 1088 3849 mundi
1105 3799 1257 3865 systemate
1274 3793 1460 3860 continentur,
1477 3794 1506 3848 in
1525 3793 1580 3849 fine
1592 3793 1678 3850 seculi
1692 3808 1753 3849 esse
1764 3808 1828 3848 oon·

130 3876 182 3932 Dei
201 3875 330 3946 verbum,
355 3893 473 3948 quorum
491 3878 519 3932 in
539 3879 715 3948 praecedenti
734 3879 869 3936 versiculo
891 3880 966 3936 facte
991 3881 1150 3952 flagraturo.

130 3970 189 4019 erat
206 3963 320 4031 mentio,
337 3980 389 4033 per
405 3981 493 4034 aquas
513 3965 586 4020 enim
604 3972 631 4019 et
640 3964 693 4020 Dei
702 3966 817 4021 verbum
830 3966 964 4021 diluvium
1026 3970 1066 4024 32.
1103 3973 1129 4024 t.
1152 3968 1199 4020 Ea
1221 3984 1371 4021 cansarum
1395 3967 1525 4021 imeritus
1550 3967 1711 4021 remotione.
1750 3965 1830 4020 Cocli
1840 3973 1861 4012 ⁴·
1874 3973 1908 4012 ¹⁵¹
1923 3981 1977 4012 sss·

129 4050 183 4105 fuit
202 4048 263 4105 orbi
280 4049 483 4117 introductum,
507 4051 580 4106 sicut
598 4051 650 4106 Dei
669 4052 753 4107 verbo
779 4069 812 4107 ex
838 4052 919 4125 aquis
936 4053 966 4107 in
991 4053 1071 4106 nulla
1089 4052 1217 4121 indicent
1242 4070 1297 4122 per
1315 4053 1407 4121 mnam
1431 4055 1645 4122 erparoatione,
1670 4051 1743 4105 sicut
1764 4051 1826 4104 sob-
1840 4025 1969 4116 iffi&

128 4135 266 4206 principio
290 4136 409 4190 mundus
439 4135 493 4191 fuit
520 4137 659 4193 conditus.
694 4137 749 4192 Per
776 4138 846 4192 haec
872 4139 965 4211 igitur,
991 4139 1115 4192 lanaria.
1151 4141 1231 4209 Erpa
1259 4140 1342 4193 etiam
1370 4141 1406 4192 oh
1437 4141 1552 4194 imerita
1581 4139 1612 4192 s'n
1640 4140 1696 4202 rins
1726 4137 1826 4191 mandi
1840 4127 1950 4168 measse.

128 4239 185 4278 non
202 4228 294 4277 autem
312 4238 362 4291 per
379 4226 481 4276 terram
501 4223 620 4277 mundus
639 4222 699 4278 fuit>
712 4232 866 4293 corruptas,
892 4233 966 4280 terra
991 4233 1073 4278 oront
1091 4226 1233 4278 immanes.
1262 4224 1414 4280 Gereonius
1431 4225 1460 4279 iu
1478 4240 1575 4281 summ.
1595 4223 1632 4277 de
1648 4221 1733 4293 gaud.
1747 4237 1827 4291 para·

129 4307 183 4364 fuit
208 4308 365 4388 advectum
392 4309 529 4379 recipiens
554 4310 612 4365 sive
637 4309 745 4379 patiens
770 4312 966 4382 corruptionis,
990 4311 1043 4364 disi
1061 4311 1081 4364 i.
1097 4317 1161 4367 433:
1180 4313 1216 4365 In
1237 4312 1324 4365 coelis
1339 4319 1458 4380 propter
1477 4309 1728 4378 impermistionem
1745 4308 1827 4362 natta

129 4409 307 4466 nequaquam
325 4410 390 4448 vero
409 4411 495 4448 eausa
512 4411 608 4466 agens,
645 4396 698 4458 Qui
726 4396 877 4451 infaustum
906 4397 964 4467 pla·
990 4398 1140 4466 imparitas
1160 4406 1218 4465 est,
1237 4399 1291 4451 aed
1307 4403 1414 4450 tontum
1433 4395 1609 4466 imperfectio
1628 4401 1733 4458 motus,
1751 4395 1827 4447 ande

129 4487 256 4536 netarum
274 4480 303 4534 in
322 4479 433 4551 trigono
453 4497 543 4552 aqueo
562 4496 726 4536 concursum
738 4481 964 4538 diluvioceusam
990 4502 1046 4537 non
1066 4485 1120 4537 crit
1137 4484 1167 4537 in
1185 4484 1221 4536 iis
1238 4483 1371 4552 parratio
1392 4498 1447 4550 per
1465 4482 1571 4547 ionem,
1595 4482 1647 4533 sed
1669 4482 1789 4543 cessatio
1806 4498 1826 4534 a

128 4566 289 4637 praebuisse
309 4565 489 4634 arbitrantur,
508 4568 552 4623 vel
571 4585 620 4638 per
637 4570 780 4630 fenestras
797 4569 871 4623 coeli
883 4586 964 4641 aper·
989 4578 1071 4624 moto.
1101 4568 1324 4637 Respondemus:
1346 4569 1371 4634 1)
1383 4566 1526 4634 Scriptura
1538 4581 1595 4621 nou
1605 4565 1825 4638 expurgationis,

130 4660 174 4705 tas
192 4649 294 4708 Genea
315 4656 340 4718 t,
357 4669 382 4705 v.
406 4658 446 4709 11.
477 4667 538 4712 eas.
565 4668 637 4722 quae
653 4669 738 4723 supra
763 4651 963 4708 firmamentum
991 4656 1039 4709 sed
1057 4653 1217 4710 abolitionis
1238 4654 1266 4708 iu
1279 4653 1333 4709 fine
1343 4653 1431 4707 seculi
1440 4653 1552 4708 futurae
1560 4653 1692 4709 meminit
1710 4653 1736 4720 2)
1746 4651 1825 4706 Coeli

129 4742 208 4803 suut,
232 4753 319 4807 aquas
337 4736 366 4791 in
384 4743 486 4791 terram
503 4737 605 4792 effusas
623 4755 683 4794 esse
710 4739 872 4809 opinentur,
896 4739 963 4794 Bar·
989 4758 1045 4794 non
1068 4749 1132 4794 sant
1156 4742 1256 4794 mundi
1279 4741 1309 4793 in
1334 4748 1482 4809 conspecto
1500 4741 1634 4810 Domini,
1659 4740 1752 4812 inquit
1768 4738 1823 4793 Eli·

128 4824 206 4879 radio
223 4839 280 4880 non
299 4824 492 4890 concederent,
510 4824 602 4880 coelos
620 4825 870 4881 sidereossceusis
880 4826 963 4896 prim·
990 4826 1059 4897 phas
1084 4825 1149 4883 Joh.
1173 4833 1211 4896 15,
1233 4844 1258 4880 v.
1282 4833 1321 4882 15.
1345 4825 1381 4880 ed
1412 4843 1485 4898 quae
1511 4826 1596 4882 verba
1620 4826 1756 4882 Osisnder
1782 4826 1824 4881 sio

127 4909 188 4966 aevi
216 4909 313 4965 mundi
341 4917 513 4984 φθαρτικαῐς
542 4926 601 4965 esse
621 4911 816 4966 excludendos.
845 4911 900 4967 Sed
912 4930 963 4969 nos
989 4921 1118 4973 annotat:
1141 4915 1208 4968 Etsi
1220 4914 1450 4984 omniaperfecte
1464 4916 1536 4968 bona
1549 4916 1667 4978 fuerant
1682 4914 1712 4967 in
1726 4914 1823 4982 prima

128 5002 255 5053 neumam
276 4996 445 5067 hypothesin
463 4997 662 5066 amplectimur.
989 5002 1140 5064 creatione,
1159 5009 1252 5054 tamen
1264 5001 1333 5069 qaia
1345 5008 1492 5055 creaturae
1504 5008 1569 5054 srmt
1579 4999 1726 5054 mmabriu
1736 5017 1824 5068 prae·

76 5083 103 5124 fl·
163 5087 205 5138 31.
230 5087 254 5142 3.
272 5083 319 5136 Ea
338 5082 435 5147 finales
453 5083 583 5136 interitus
602 5100 665 5136 cum
679 5085 788 5139 dilavio
803 5086 962 5142 collatione.
988 5088 1084 5142 sertim
1110 5096 1231 5157 propter
1261 5087 1402 5141 bominum
1433 5094 1566 5155 peccata,
1594 5085 1701 5140 coelam
1731 5085 1823 5154 ipsum

72 5135 115 5226 Ἢ.
130 5167 258 5221 Christus
276 5168 350 5222 inter
368 5169 588 5222 devastationem
605 5176 700 5223 terroe
710 5188 765 5239 per
783 5173 919 5226 ddaos'nm
939 5168 977 5283 etl
990 5176 1072 5228 ettam
1090 5174 1202 5228 videtur
1219 5174 1327 5227 viribus
1345 5175 1405 5228 sais
1429 5173 1604 5241 aliquantam
1631 5172 1748 5235 &ficere
1773 5188 1823 5226 nec

64 5250 101 5329 2}
128 5255 214 5318 finale
227 5254 305 5308 orbis
323 5254 462 5308 escidium
477 5257 714 5322 comparationem
728 5258 847 5312 institnit
864 5258 963 5313 hletth.
975 5290 977 5333 l
989 5263 1019 5316 in
1031 5261 1125 5328 primo
1139 5261 1327 5331 perfectionis
1344 5267 1420 5314 stata
1437 5257 1561 5328 amplias
1579 5265 1716 5313 constare.
1756 5257 1822 5322 Qui·

64 5341 115 5434 31·
129 5344 170 5408 ts,
191 5357 217 5393 r.
235 5344 276 5396 et.
308 5339 380 5394 Luc.
401 5345 441 5409 17,
461 5357 486 5392 v.
506 5344 546 5395 26.
582 5341 651 5393 Jam
668 5358 733 5394 acro
753 5360 843 5412 aquae
861 5338 1053 5416 dilaoiijdam
1071 5353 1163 5402 temen
1185 5362 1286 5402 nomen
1309 5346 1380 5402 coeli
1400 5349 1598 5421 μετωνυμαῶς
1621 5342 1728 5398 malunt
1752 5344 1822 5400 acci·

94 5420 100 5433 '
128 5444 183 5481 non
197 5434 349 5496 potuerant
369 5442 455 5497 nsque
475 5429 516 5480 ad
540 5426 633 5481 coelos
656 5427 784 5482 saltator
807 5448 963 5501 memorre,
989 5449 1055 5503 pere
1075 5450 1127 5504 pro
1147 5433 1301 5497 coeldibae,
1321 5432 1351 5485 id
1370 5437 1413 5486 est
1430 5428 1547 5502 angelis,
1567 5429 1615 5500 qui
1627 5428 1658 5484 iu
1671 5436 1824 5501 conspectu

128 5512 325 5567 multominus
346 5513 436 5568 aliam
455 5515 495 5567 es's
514 5521 705 5568 nocumentum
731 5515 847 5584 inferre.
883 5519 964 5588 Eroo
990 5518 1043 5575 Dei
1062 5535 1118 5575 non
1134 5525 1199 5574 suut
1215 5517 1329 5585 mundi,
1356 5532 1414 5573 non
1432 5515 1560 5571 absolate
1582 5514 1630 5571 sed
1650 5524 1823 5585 comparate,

128 5600 213 5654 etiam
231 5598 315 5669 ionis,
333 5616 388 5670 osso
405 5599 592 5670 confloorobs't
610 5601 740 5670 masam,
757 5618 814 5656 nors
830 5606 966 5661 emendo
988 5603 1138 5668 siseilioet
1163 5604 1201 5665 ad
1218 5619 1354 5663 summam
1379 5600 1491 5679 (1111110
1513 5599 1653 5659 cantiae
1672 5599 1824 5676 prorsas
