4050 6014
272 343 332 399 230
903 331 1131 391 TRAC'I'ATUS
1148 332 1316 398 QUINTUS

272 490 399 544 accendit
419 496 447 542 et
465 489 549 556 fovet,
568 488 607 541 sic
625 490 665 542 ira
685 489 745 551 Dei,
765 505 836 558 quae
855 495 898 542 cst
917 490 1003 544 instar
1024 491 1105 562 ignis,
1131 508 1221 562 aquo
1239 497 1267 544 et
1286 506 1335 560 per
1354 506 1436 559 quem
1458 497 1570 558 paratus
1586 489 1621 543 sit
1634 488 1681 543 ille
1695 488 1790 559 ignis?
1808 487 1976 557 Respondet

198 600 201 604 ⁴
272 575 372 629 infemi
392 575 515 629 flammas
536 575 670 629 accendet
689 582 716 629 et
734 576 763 627 in
785 581 927 630 aeternum
940 576 1052 642 fovebit,
1072 577 1272 639 ac,.luvcncus
1297 578 1314 632 l.
1335 582 1357 630 4.
1384 576 1478 629 histor.
1504 574 1630 646 evangel.
1658 593 1677 627 a
1706 577 1770 628 Deo
1800 575 1886 628 dium
1915 591 1975 627 esse

273 660 372 714 Psalm.
392 666 433 729 21,
451 679 474 716 v.
496 668 520 716 9.
540 660 610 714 dicit
629 661 884 732 prophetaregiue:
904 663 1029 715 Inveniet
1048 680 1106 715 ma·
1130 671 1272 732 paratam,
1293 662 1332 715 sic
1350 662 1422 714 anim
1444 660 1532 715 canit:

272 765 325 801 nas
343 754 392 799 tua
411 763 504 801 aarum
529 748 656 800 inimicos
684 755 760 815 tuos,
784 750 885 801 deutra
909 757 960 801 tua
986 750 1105 802 inveniet

272 852 374 901 amires,
391 835 440 902 qui
459 836 578 886 oderant
596 842 637 901 tc,·
653 851 677 887 v.
693 839 731 888 10.
748 851 836 902 pones
856 851 902 888 eos
920 843 949 887 at
966 835 1106 888 clibanum
1168 835 1205 886 At
1227 851 1275 885 uas
1296 833 1398 901 injusti
1409 834 1499 901 justis
1519 834 1658 886 succedite
1671 834 1796 901 flaminis

271 922 346 989 ipnis
364 923 393 973 in
412 929 533 988 tempore
550 920 644 972 uultus
659 921 702 972 tui
718 920 776 973 sive
791 921 849 975 irae
867 925 939 989 tuae,
967 922 1106 974 Dominus
1168 921 1207 971 Et
1222 921 1323 987 posuis
1339 936 1447 987 scrisper
1468 927 1584 971 meatem
1603 926 1705 971 torrete
1724 919 1892 986 rnalipuam,

272 1009 367 1061 inira
387 1008 543 1061 absorbebit
560 1024 614 1073 eos,
635 1015 660 1060 ct
680 1007 827 1060 decorabit
841 1008 983 1075 cosipnrs.
1008 1007 1106 1061 Mattb.
1173 1007 1250 1067 Quas
1264 1014 1350 1073 pater
1368 1006 1519 1058 borrenriis
1540 1004 1671 1059 barathri
1691 1021 1746 1073 per
1764 1013 1870 1073 stapna
1886 1023 1955 1073 pra

273 1099 314 1160 23,
333 1112 358 1146 v.
376 1099 417 1147 33.
437 1094 578 1147 damnatio
600 1092 744 1162 impiorum
763 1099 876 1146 vocatur
900 1093 1038 1159 judiacum
1061 1110 1103 1160 pe·
1301 1092 1390 1153 turcii

273 1181 392 1246 bennae,
420 1179 486 1248 quie
507 1179 585 1247 justo
606 1177 657 1232 Dei
680 1178 787 1248 judicio
805 1178 899 1248 impiis
924 1178 993 1232 haec
1019 1195 1109 1247 poena
1171 1178 1325 1230 Haemonis
1345 1177 1482 1229 horrendi
1499 1177 1584 1229 sociis
1603 1176 1713 1245 ipsique
1726 1177 1855 1244 parauit.

272 1265 415 1335 infligitur.
463 1264 546 1320 Unde
572 1264 654 1317 etiam
682 1281 730 1333 per
759 1263 875 1332 Moysen
903 1263 944 1316 ait
973 1263 1107 1317 Dominus

273 1349 354 1405 Deut.
372 1355 413 1414 32,
433 1367 458 1402 v.
480 1354 525 1403 22:
555 1350 636 1417 Ignis
655 1365 788 1401 accensus
808 1357 847 1401 est
874 1350 901 1401 in
918 1352 1025 1416 farore
1048 1367 1108 1401 mea
1134 1346 1278 1416 Pagninus
1295 1347 1323 1400 in
1343 1348 1468 1402 versione
1488 1347 1549 1402 Esa
1569 1354 1611 1414 30,
1632 1365 1657 1399 v.
1676 1353 1718 1402 ³3.
1737 1348 1825 1402 textui
1844 1347 1917 1402 illud
1932 1349 1972 1402 in·

273 1444 298 1488 rt
317 1437 430 1488 ardebit
450 1451 535 1505 usque
560 1437 601 1487 od
625 1434 734 1498 inferni
756 1435 920 1500 normanno,
947 1434 974 1488 h.
995 1451 1016 1489 e.
1039 1434 1108 1488 ultio
1134 1447 1224 1491 serere
1242 1450 1296 1486 non
1316 1432 1464 1495 dubitavit,
1479 1441 1658 1502 praeparata
1677 1442 1718 1487 est
1735 1436 1828 1501 forsa,
1846 1436 1972 1503 profun-

275 1522 332 1576 irae
359 1529 387 1576 et
411 1520 608 1592 indignationis
635 1537 712 1574 meae
736 1521 868 1575 adversus
891 1527 1107 1592 transgressores
1134 1521 1200 1570 doru
1219 1519 1288 1582 fccit
1306 1538 1367 1572 earn
1393 1524 1477 1586 Deris,
1498 1521 1634 1574 (liberarit
1652 1537 1720 1573 saur.
1746 1518 1837 1583 Quam
1856 1538 1972 1590 respon·

170 1651 177 1682 :
274 1608 433 1661 exardescet
458 1607 545 1660 instar
568 1605 641 1676 ignis
665 1606 700 1658 ad
726 1606 876 1661 novissima
900 1607 999 1661 iniemi
1020 1625 1108 1678 usque
1134 1603 1237 1656 sionem
1256 1605 1405 1674 probamus
1432 1605 1484 1659 boc
1508 1606 1601 1661 modo:
1632 1604 1873 1669 Quemadmodum
1897 1607 1973 1663 Deus

184 1722 186 1725 ·
274 1695 442 1764 pertingens.
479 1692 542 1745 Huc
565 1693 706 1761 pertinent
731 1693 808 1745 dicta
831 1692 1006 1762 Scripturas,
1035 1698 1058 1757 1)
1080 1694 1106 1746 in
1134 1705 1249 1759 regnum
1269 1693 1389 1746 coeleste
1409 1708 1442 1746 ac
1462 1693 1545 1746 vitam
1563 1697 1702 1746 aeternam
1723 1708 1788 1746 vere
1809 1693 1863 1763 piis
1890 1700 1920 1748 et
1943 1695 1972 1748 in

274 1779 375 1850 quibus
396 1786 538 1833 aeternum
564 1778 708 1848 impiorum
735 1777 901 1848 supplicium
925 1786 1040 1833 vocatur
1061 1780 1107 1831 ira
1133 1774 1272 1830 Christum
1283 1776 1459 1830 credentibus
1474 1778 1575 1833 dicitur
1589 1778 1626 1832 ab
1638 1786 1751 1831 aeterno
1766 1796 1971 1848 praeparasse,

274 1873 399 1931 caritura,
425 1865 491 1934 qnia
511 1863 617 1918 scilicet
635 1881 667 1917 ex
684 1865 761 1931 justa
779 1864 832 1917 Dei
851 1864 893 1917 ira
911 1864 977 1933 ipsis
998 1865 1107 1935 inflige·
1134 1861 1200 1930 quia
1216 1860 1301 1931 elegit
1319 1878 1366 1915 eos
1382 1862 1419 1916 ad
1438 1863 1569 1932 salutem,
1589 1863 1629 1917 ita
1647 1880 1758 1935 quoque
1771 1863 1912 1919 infernum
1923 1865 1971 1919 im·

274 1959 327 2019 tur,
349 1952 426 2006 Rom.
447 1956 471 2017 2,
492 1967 516 2002 v.
539 1957 562 2004 5.
582 1956 608 2004 et
626 1955 650 2004 8.
670 1966 729 2019 cap.
750 1956 773 2017 5,
792 1968 816 2002 v.
836 1956 860 2004 9.
882 1956 903 2004 1.
920 1950 1017 2006 Thess.
1040 1957 1061 2019 1,
1084 1969 1107 2003 r.
1135 1945 1186 2014 piis
1204 1952 1231 1999 ct
1251 1945 1400 2000 incredulis
1426 1947 1462 2001 ab
1486 1961 1599 2002 aeterno
1628 1965 1808 2020 praeparasse
1835 1950 1972 2006 dicendus

277 2044 321 2102 1ος
350 2039 376 2102 2)
397 2037 425 2090 in
450 2036 551 2107 quibus
576 2035 654 2104 impii
682 2035 811 2089 dicuntur
835 2052 942 2102 poenas
965 2038 1065 2089 (lutari
1090 2055 1107 2088 a
1135 2036 1190 2094 est,
1216 2032 1281 2101 quia
1306 2032 1465 2102 reprobavit
1489 2049 1535 2087 eos
1560 2034 1597 2087 ad
1616 2034 1827 2089 damnationem.
1862 2036 1972 2092 Electio

267 2125 351 2190 facie
379 2123 497 2176 Domini
530 2128 553 2177 2.
573 2120 668 2176 Thess.
695 2128 717 2189 l,
740 2138 764 2174 v.
783 2128 806 2175 tl.
835 2122 900 2192 qnia
924 2139 981 2190 per
1004 2123 1107 2185 faciem
1135 2125 1177 2172 est
1201 2121 1377 2190 praeparatio
1401 2121 1511 2185 salutis,
1545 2120 1704 2190 reprobatio
1727 2128 1770 2175 est
1794 2123 1971 2193 praeparatio

275 2209 395 2263 Domini
412 2208 580 2279 quandoque
601 2207 687 2276 ipsius
707 2207 749 2261 ira
767 2206 944 2276 intelligitur,
964 2213 989 2275 3)
1009 2207 1037 2261 in
1048 2208 1107 2279 qui·
1135 2204 1327 2261 damnationis.
1364 2204 1405 2261 Ut
1423 2207 1563 2261 decretum
1583 2208 1725 2263 electionis
1752 2214 1794 2262 est
1819 2215 1972 2277 aeternum,

274 2295 326 2349 bus
352 2292 476 2347 infernus
500 2292 666 2346 describitur
688 2310 744 2360 per
768 2293 858 2359 ipncm
882 2300 1019 2355 arcuum,
1043 2295 1110 2365 quia
1136 2291 1175 2344 ita
1196 2308 1306 2362 quoque
1327 2293 1468 2347 decretum
1481 2294 1682 2363 reprobationis
1694 2300 1738 2347 est
1749 2301 1903 2365 aeternum,
1922 2313 1971 2351 un-

275 2386 385 2450 practer
402 2395 500 2432 causas
518 2379 587 2431 alias
610 2394 660 2431 suo
684 2378 745 2432 loco
768 2379 970 2433 enumerandas
996 2380 1038 2433 ira
1057 2381 1108 2434 Dei
1136 2378 1170 2431 dc
1190 2379 1320 2442 insonus
1339 2378 1440 2432 dicitur
1455 2387 1578 2447 pac-otas
1600 2382 1635 2433 ab
1653 2381 1722 2446 beri,
1740 2381 1767 2435 b.
1786 2396 1810 2435 e.
1830 2381 1867 2435 ab
1884 2389 1972 2438 aeter·

274 2468 348 2522 hunc
365 2467 457 2537 ignem
475 2466 623 2533 accendam
649 2463 675 2531 4)
695 2464 722 2517 in
743 2464 844 2534 quibus
865 2464 989 2519 damnati
1013 2466 1107 2521 dieun-
1136 2478 1180 2531 no,
1201 2464 1266 2532 quia
1282 2464 1340 2518 heri
1361 2481 1440 2519 omne
1457 2471 1567 2534 tempus
1587 2465 1751 2520 antecedens
1770 2467 1972 2538 complectitur,

274 2561 320 2607 tur
338 2569 355 2605 a
374 2551 434 2606 Deo
453 2551 603 2622 abjiciendi
627 2568 659 2604 ac
684 2550 846 2620 separandi,
873 2551 938 2620 quia
961 2553 1108 2622 perillam
1136 2555 1165 2602 et
1184 2549 1220 2602 ad
1241 2549 1329 2619 ipsam
1348 2550 1540 2605 aeternitatem
1558 2551 1670 2605 tandem
1688 2568 1738 2605 nos
1752 2552 1865 2608 deducit
1884 2553 1972 2610 Hebr.

274 2638 459 2709 abjectionem
478 2654 511 2690 ac
532 2637 732 2706 separationem
752 2634 823 2689 nihil
841 2637 918 2691 aliud
936 2637 1109 2710 intelligitur,
1139 2639 1178 2703 13,
1198 2651 1224 2690 v.
1245 2642 1268 2690 8.
1298 2636 1338 2692 Ut
1357 2636 1498 2690 decretum
1517 2636 1658 2691 electionis
1676 2654 1731 2690 non
1748 2645 1791 2692 est
1804 2639 1973 2708 absolutum,

274 2741 357 2795 quam
376 2725 450 2794 quod
474 2724 532 2777 irae
551 2723 603 2777 Dei
627 2724 656 2776 in
677 2739 785 2777 omnem
807 2725 1000 2778 aeternitatem
1024 2726 1108 2780 laturi
1136 2720 1185 2773 aed
1206 2730 1360 2792 respectum
1378 2722 1462 2776 habet
1477 2723 1513 2776 ad
1531 2722 1613 2776 fidem
1630 2723 1660 2777 in
1671 2722 1828 2793 Christum
1848 2726 1889 2780 ita
1906 2745 1972 2798 quo

275 2811 330 2865 sint
349 2809 474 2878 obnoxii,
510 2812 537 2874 5)
565 2808 594 2861 in
622 2809 723 2879 quibus
740 2809 817 2863 Deus
839 2809 941 2865 dicitnr
960 2813 1110 2881 arimaique
1137 2825 1191 2878 que
1209 2808 1349 2863 decretum
1370 2808 1577 2878 reprobationis,
1596 2825 1629 2862 ac
1643 2809 1855 2879 proindeetiam
1870 2813 1972 2870 inferni

275 2899 305 2949 in
323 2897 371 2949 die
389 2896 493 2962 iudicii
510 2895 697 2947 retributurus
715 2898 867 2948 secuudum
887 2913 975 2964 opero
995 2896 1074 2953 Rom.
1086 2904 1108 2962 2,
1137 2898 1311 2965 praeparatio
1332 2913 1385 2949 non
1406 2902 1448 2949 est
1466 2897 1608 2964 absoluta,
1636 2897 1685 2950 sed
1704 2904 1860 2968 respectum
1887 2899 1974 2955 habet

274 3002 299 3035 v.
319 2989 342 3037 6.
368 2999 401 3033 ac
421 2980 633 3033 tribulationem
656 2981 822 3034 redditurum
839 2982 935 3051 impiis
963 2985 1110 3039 eeclesiam
1137 2980 1173 3034 ad
1192 2981 1414 3037 incredulitatem
1433 2989 1461 3036 et
1479 2981 1715 3051 impoenitentiam
1732 2981 1853 3051 tinalem,
1872 2989 1905 3039 ut
1921 3003 1972 3040 suo

275 3065 464 3137 affligentibus
488 3071 512 3120 2.
531 3064 628 3120 'lbess
651 3072 673 3133 1,
698 3084 723 3117 v.
744 3072 769 3122 6.
794 3066 845 3120 illa
869 3068 941 3121 enim
966 3069 1109 3124 retributio
1138 3066 1197 3120 loco
1219 3068 1328 3136 plenius
1354 3069 1494 3138 probatur.
1531 3066 1680 3134 Irenaeus,
1710 3068 1858 3140 Origenes,
1883 3071 1973 3143 Chry·

275 3152 471 3223 irrogationem
492 3151 595 3204 aeterni
615 3151 746 3221 supplicii
769 3154 971 3223 complectitur,
1007 3155 1109 3209 Luthe-
1136 3158 1271 3206 sostomus
1289 3160 1317 3207 et
1335 3153 1501 3223 Euthymios
1522 3153 1684 3217 observant,
1710 3153 1802 3223 ignem
1819 3156 1898 3210 illum
1917 3157 1973 3212 dici

275 3258 321 3293 rus
342 3239 369 3291 in
390 3254 478 3291 enarr.
499 3253 559 3305 cap.
577 3243 617 3291 45.
638 3235 708 3291 Gen.
727 3242 791 3291 tom.
811 3244 834 3293 4.
853 3239 871 3294 f.
893 3245 955 3294 155:
979 3243 1031 3295 Ira
1053 3243 1111 3295 Dei
1136 3246 1265 3308 peretum
1284 3257 1340 3292 non
1358 3240 1522 3306 bominibus,
1543 3241 1596 3291 sed
1613 3241 1729 3294 diabolo
1744 3249 1771 3295 st
1784 3244 1897 3311 angelis
1911 3245 1973 3311 eitra

276 3333 315 3381 est
332 3327 462 3388 internas
480 3324 591 3377 diaboli
612 3332 637 3376 et
661 3323 783 3377 omniane
810 3326 1016 3379 damnatorum.
1053 3326 1108 3382 No·
1136 3324 1234 3378 Mattb.
1254 3331 1294 3392 25,
1313 3343 1338 3383 v.
1357 3332 1398 3381 41.
1424 3325 1490 3396 quia
1506 3326 1610 3380 diaboli
1628 3332 1742 3396 propter
1760 3345 1839 3384 susm
1859 3337 1973 3400 aposta·

275 3412 391 3466 tandum
410 3417 511 3477 tamen,
540 3409 613 3478 quod
632 3409 673 3462 ira
693 3409 745 3464 Dei
765 3428 820 3465 non
839 3411 875 3467 sit
893 3412 956 3465 talis
974 3415 1110 3483 quaedam
1137 3410 1204 3464 siam
1223 3410 1328 3480 absque
1345 3411 1402 3467 ullo
1420 3412 1542 3466 remedio
1560 3413 1601 3467 illi
1619 3420 1685 3467 sunt
1702 3414 1842 3484 destinati,
1860 3417 1911 3471 sed
1924 3416 1974 3472 bo·

275 3497 380 3568 passio,
408 3495 498 3565 qualis
518 3495 545 3548 in
565 3493 660 3559 nobis,
688 3496 736 3548 sed
759 3494 858 3549 efficax
883 3505 911 3550 et
937 3499 1109 3568 omnipotens
1137 3495 1257 3550 minibus
1283 3504 1409 3566 paratum
1439 3498 1529 3553 luerat
1554 3505 1731 3569 peccatorum
1759 3501 1913 3556 remedium
1944 3502 1974 3557 in

275 3584 404 3637 voluntas
419 3598 522 3651 poenas
540 3586 666 3635 aeternas
685 3582 821 3635 damnatis
837 3582 989 3654 infligendi,
1008 3602 1110 3655 exque
1136 3582 1246 3637 Christo
1264 3583 1423 3652 mediatore,
1441 3602 1491 3653 per
1509 3601 1590 3656 quem
1609 3603 1674 3640 vera
1693 3585 1748 3640 fide
1767 3587 1974 3658 apprehensum

214 3725 217 3731 ,
272 3686 336 3723 cum
354 3667 423 3722 talia
442 3666 666 3738 proficiscantur,
693 3684 765 3736 quae
791 3665 827 3720 ab
845 3668 957 3722 homine
987 3670 1057 3725 irato
1076 3688 1109 3724 ac
1137 3668 1290 3738 potuissent
1309 3685 1341 3722 ac
1360 3669 1520 3724 debuissent
1537 3687 1654 3740 poenam
1673 3672 1750 3726 illam
1770 3671 1905 3744 effugere,
1923 3675 1973 3729 sed

274 3771 340 3824 prae
365 3752 595 3807 excandescentia
617 3752 726 3806 furente
751 3751 888 3822 proticisci
910 3756 1014 3821 solent,
1046 3757 1109 3810 ideo
1137 3755 1203 3826 quia
1219 3754 1330 3810 diabolo
1348 3763 1446 3826 sponte
1464 3772 1524 3812 sese
1539 3758 1783 3826 conjunxeruntin
1798 3759 1891 3829 culpa,
1909 3759 1974 3816 ideo

155 3856 200 3897 xx.
216 3856 259 3897 ree.
274 3840 357 3894 etiam
381 3839 423 3891 ira
447 3855 480 3891 ac
505 3838 583 3891 furor
607 3837 770 3907 appellatur.
806 3839 981 3908 Augustinus
1000 3841 1048 3895 lib.
1069 3849 1110 3898 15.
1137 3841 1220 3895 etiam
1242 3842 1320 3910 justo
1341 3842 1393 3897 Dei
1412 3842 1519 3912 judicio
1543 3845 1750 3913 conjungentur
1774 3845 1919 3915 cumipse
1943 3844 1973 3900 in

275 3927 310 3979 dc
329 3925 403 3978 civit.
424 3923 475 3977 Dei
496 3940 557 3992 cap.
576 3929 622 3978 25:
652 3925 704 3975 Ira
724 3925 783 3977 Dei
799 3943 853 3977 nou
871 3934 912 3978 est
932 3929 1109 3994 perturbatio
1137 3943 1236 3997 poena.
1271 3926 1373 3983 Confer
1398 3945 1471 3997 quae
1495 3928 1522 3980 in
1550 3933 1629 3982 tract.
1659 3929 1693 3982 de
1720 3936 1841 3984 extrem
1864 3931 1974 4002 judicio

276 4012 366 4064 animi
384 4011 461 4077 eius,
484 4011 535 4061 scri
556 4010 707 4075 iudicium,
737 4028 792 4078 piro
812 4012 979 4080 irrepantar
1002 4031 1110 4082 poenae
1137 4014 1161 4082 ᾖ.
1180 4019 1221 4069 bt).
1240 4013 1293 4067 hac
1312 4014 1347 4068 de
1365 4031 1394 4069 rc
1412 4015 1495 4068 latius
1515 4020 1580 4067 sunt
1598 4014 1679 4070 dicta.
1710 4015 1755 4068 Ad
1773 4015 1846 4072 banc
1862 4018 1977 4082 inferni

274 4097 407 4167 peccatis.
438 4097 465 4150 in
491 4094 621 4148 enchirid.
646 4112 706 4165 cap.
732 4101 775 4151 33:
811 4097 878 4150 bum
906 4101 984 4153 Deus
1007 4103 1112 4155 dicitur
1136 4101 1385 4169 praeparationem
1410 4100 1610 4154 accommodari
1629 4106 1735 4170 potest,
1763 4104 1837 4172 quod
1857 4109 1880 4159 t.
1900 4104 1978 4163 Patr.

277 4185 373 4247 irasci,
400 4201 456 4235 non
474 4181 651 4249 sipniflcatar
668 4182 729 4249 ejus
742 4186 936 4251 perturbatio,
960 4188 1054 4256 quales
1072 4198 1112 4242 est
1139 4190 1163 4253 2,
1181 4204 1204 4242 v.
1227 4193 1249 4241 4.
1271 4187 1306 4240 de
1324 4187 1442 4241 diabolis
1464 4187 1577 4240 dicitur:
1598 4190 1678 4240 Deos
1692 4191 1876 4258 peccantibus
1892 4208 1977 4260 anpe-

278 4271 307 4322 iu
327 4270 421 4322 auimo
439 4268 596 4335 irascentis,
617 4268 669 4319 ced
686 4285 718 4319 ea
735 4269 864 4322 bamaria
884 4273 1003 4325 nautibus
1020 4283 1111 4328 trans·
1139 4273 1175 4324 lis
1194 4289 1250 4324 non
1267 4273 1403 4342 pepercit,
1429 4275 1481 4325 seri
1496 4273 1526 4325 in
1544 4282 1685 4328 tartarum
1705 4292 1752 4328 eos
1776 4278 1976 4346 praecipitans

277 4358 337 4409 loto
358 4354 490 4406 uocabulo
510 4353 635 4405 uindicta
662 4353 754 4418 illius,
778 4372 850 4423 purae
874 4375 929 4409 nou
954 4359 1011 4411 urbi
1030 4362 1113 4429 justa
1137 4358 1245 4411 catenis
1265 4358 1398 4424 calipinia
1422 4360 1546 4411 tradidit
1567 4360 1597 4411 in
1621 4360 1761 4427 judicium
1786 4370 1921 4431 semotos,
1947 4370 1977 4417 et
1991 4376 2023 4416 xx

278 4450 325 4506 est,
354 4442 415 4493 irae
434 4456 534 4493 nomeu
554 4440 668 4506 accepit.
705 4439 853 4495 Anselmus
874 4442 890 4496 Ι.
912 4451 932 4498 1.
964 4462 1014 4499 cur
1034 4445 1112 4502 Dens
1138 4443 1202 4499 Jud.
1222 4461 1246 4497 v.
1264 4449 1294 4498 b:
1315 4445 1447 4512 Aupelos,
1467 4445 1517 4512 qai
1533 4463 1587 4498 ucri
1606 4455 1879 4500 sewauerrrutsuum
1891 4451 1974 4519 pria·

278 4529 359 4582 homo
378 4543 438 4596 cap.
460 4531 488 4580 6:
510 4525 563 4578 Ira
580 4527 636 4580 Dei
652 4544 707 4579 nou
727 4535 767 4580 cst
781 4529 866 4581 aliud
879 4548 962 4598 quam
982 4533 1112 4586 voluntas
1138 4530 1277 4597 riparum,
1303 4531 1356 4582 sed
1383 4531 1594 4599 dereliquerunt
1618 4551 1698 4585 merim
1726 4534 1916 4604 animalium,
1944 4535 1973 4588 ia

275 4613 420 4683 puniendi.
447 4610 685 4674 Quemadmodum
703 4628 770 4684 ergo
790 4612 842 4667 Dei
862 4615 1050 4671 misericordia
1070 4625 1112 4672 est
1132 4617 1277 4685 judicium
1299 4617 1396 4684 mapai
1416 4617 1475 4669 diei
1492 4618 1612 4671 uinculis
1632 4619 1754 4672 octenis
1773 4621 1825 4672 sub
1848 4621 1975 4690 calipius

278 4697 409 4768 quiddam
430 4696 512 4766 longe
530 4696 673 4752 ardentius
693 4698 721 4752 in
740 4698 800 4753 Deo
817 4716 899 4770 quam
919 4709 1013 4756 nostra
1031 4704 1111 4758 mise·
1138 4702 1300 4754 reservarit.
1337 4706 1360 4757 2,
1391 4703 1513 4756 Ratione
1539 4704 1773 4758 comminationis.
1815 4703 1893 4761 Deus
1918 4724 1973 4762 non

278 4782 412 4849 ricordia;
431 4782 471 4834 ita
491 4799 602 4852 quoque
617 4783 670 4838 Dei
688 4785 728 4838 ira
746 4793 789 4839 est
807 4786 940 4856 quiddam
954 4790 1037 4859 longe
1057 4808 1112 4843 ma·
1138 4789 1226 4841 solum
1243 4786 1279 4841 ab
1298 4793 1410 4841 aeterno
1430 4789 1540 4857 paravit
1561 4789 1820 4860 transgressoribus,
1847 4790 1973 4847 incredu-

275 4870 322 4938 jue
339 4875 368 4922 et
384 4868 526 4922 ardentius
544 4885 626 4938 quam
646 4876 740 4923 nostra
760 4871 808 4923 ira.
1139 4873 1172 4925 lis
1192 4877 1220 4925 et
1238 4873 1483 4941 impoenitentibus
1498 4874 1643 4938 infernum,
1659 4875 1685 4929 b.
1704 4891 1726 4929 e.
1745 4876 1812 4930 fecit
1829 4883 1973 4933 aeternum

160 4983 208 5031 Quo
225 4992 259 5021 re·
313 4959 354 5012 31.
390 4953 430 5009 Ut
447 4961 539 5009 autem
566 4955 719 5009 evidentius
746 4956 945 5025 conspiciatur,
971 4975 1058 5027 quare
1085 4968 1113 5014 et
1138 4958 1338 5029 reprobationis
1364 4959 1517 5029 decretum,
1540 4960 1588 5014 sed
1612 4961 1696 5015 etiam
1719 4961 1748 5016 111
1772 4968 1899 5032 tempore
1921 4962 1973 5018 hoc

171 5037 248 5132 :m
277 5057 333 5111 qua
357 5041 463 5095 ratione
487 5040 563 5094 Deus
588 5042 678 5095 causis
703 5041 802 5094 iniemi
830 5048 1035 5110 annumeretur,
1066 5052 1112 5099 no'-
1138 5061 1217 5097 suum
1235 5043 1376 5097 decretum
1395 5045 1552 5100 hominibus
1578 5046 1779 5113 manifestavit,
1802 5053 1835 5101 111
1855 5063 1971 5117 poenam

145 5137 261 5176 damnato·
276 5127 392 5181 tandmn
411 5134 467 5192 est,
492 5143 608 5195 poenam
630 5127 706 5180 illam
732 5126 870 5183 damnatis
892 5127 1041 5198 irrogatam
1065 5132 1111 5185 tri·
1137 5129 1387 5199 transgressoribus
1415 5132 1593 5187 constitutam
1619 5140 1757 5190 caverent,
1800 5132 1849 5186 Sic
1877 5133 1972 5204 primis

146 5187 263 5278 ἷξῖἶηῗξῖ
277 5212 325 5266 bui
344 5212 404 5267 Deo
426 5219 448 5267 1.
468 5214 578 5267 ratione
594 5213 842 5282 praeparationis.
878 5211 1003 5279 111130,
1026 5235 1051 5272 v.
1070 5223 1111 5272 33.
1137 5217 1294 5272 hominibus
1313 5226 1491 5289 praeceptum
1511 5219 1546 5274 de
1572 5219 1738 5274 abstinendo
1762 5235 1779 5272 a
1802 5221 1906 5275 vetitae
1931 5237 1969 5276 ar·

277 5299 311 5353 de
329 5299 411 5354 fovea
428 5297 556 5352 infernali
577 5297 686 5365 dicitur,
709 5298 785 5368 quod
803 5299 838 5352 sit
854 5280 1006 5376 5111111113,
1023 5302 1111 5376 litet,
1139 5304 1212 5357 boris
1229 5302 1322 5357 fructu
1342 5322 1498 5375 proponens
1518 5306 1647 5360 disertm
1667 5305 1692 5358 ei
1712 5305 1810 5376 adjicit
1823 5308 1971 5362 commina-

275 5391 383 5453 parata
400 5385 436 5436 ab
453 5385 527 5448 beri,
549 5383 623 5452 quod
642 5384 678 5438 sit
696 5385 781 5457 lqll'l,
809 5396 1003 5455 praeparata,
1029 5392 1112 5444 etiarn
1138 5390 1254 5445 tionem:
1276 5390 1446 5459 Quocunque
1464 5392 1512 5444 die
1528 5407 1561 5443 aa
1579 5392 1789 5458 eacomsderis,
1811 5400 1901 5446 morte
1918 5409 1970 5446 mo·

279 5471 348 5537 rapi.
384 5467 480 5521 Mattb.
503 5473 544 5529 25,
563 5484 588 5519 v.
609 5475 650 5523 41.
670 5470 743 5537 ipris
762 5479 890 5525 aeternas
909 5471 1010 5527 dicitur
1020 5493 1112 5544 para·
1139 5477 1225 5530 riaris
1243 5474 1314 5530 Gen.
1334 5482 1358 5541 2,
1377 5495 1401 5528 v.
1424 5482 1461 5531 17.
1497 5475 1567 5529 Post
1588 5477 1696 5547 lapsum
1722 5477 1803 5532 Adae
1829 5484 1971 5549 proterm-

279 5561 323 5606 tus
344 5553 459 5605 diabole
477 5561 504 5606 et
521 5555 630 5622 anpelis
648 5557 717 5626 ejas.
745 5557 894 5622 Quaeritur
913 5560 1114 5629 crgoulterins,
1139 5561 1244 5632 galium
1264 5563 1422 5616 deseruisse
1445 5562 1573 5615 mulieris
1599 5569 1685 5632 caput
1708 5563 1846 5632 reponas
1870 5563 1971 5620 couvi·
