4050 6014
205 107 267 168 268
852 95 1083 159 manerat
1101 95 1271 164 QUINTUS

205 257 377 310 descendunt
394 255 425 308 in
442 252 647 333 1616666661
665 261 705 306 est
723 253 773 322 qui
784 253 813 306 in
824 253 964 325 sepulcris
973 270 1037 308 can·
1064 269 1118 309 ons
1135 258 1286 324 usurpatur
1304 251 1401 307 Matth
1422 256 1462 320 11,
1480 269 1505 308 6.
1524 249 1653 307 2116116
1676 256 1717 318 16,
1732 265 1759 309 s.
1780 254 1826 306 111
1856 248 1906 301 Pu

205 342 318 395 1166166.
354 339 461 394 Eodem
479 357 561 394 seusu
581 338 684 409 accipit
700 338 791 393 locum
813 336 878 392 bob.
894 343 936 406 21,
951 356 977 394 v.
998 342 1038 394 11.
1065 335 1244 407 0666666161
1262 354 1348 408 usquc
1367 338 1409 391 od
1426 335 1736 391 66616666611616·1’11
1756 334 1905 397 inferesses

204 425 418 496 christophorus
434 442 452 479 a
471 424 568 480 Castro
587 424 696 479 Jssuita
715 427 744 477 in
759 428 969 494 6661616662.
985 424 1038 477 Ba·
1064 425 1237 491 detraheris,
1259 425 1308 479 ubi
1328 423 1464 494 oppositio
1483 425 1556 479 inter
1575 422 1683 479 coslum
1708 428 1737 477 et
1761 421 1904 477 infernum

204 511 282 567 such.
295 530 321 582 p.
336 518 400 568 497:
421 511 552 574 Quansois
563 511 673 577 inferni
689 518 738 564 aut
756 511 915 574 inferorum
927 512 1051 564 6616166·
1065 510 1211 566 manifeste
1233 510 1367 575 ostendit,
1395 510 1505 565 nomine
1524 506 1595 582 ᾅδου
1616 508 1743 566 densari
1763 523 1903 563 summam
1917 528 1958 571 n
1974 529 1986 569 ι.

205 599 297 667 aliqui
312 597 540 667 nelint'intclliqi
558 598 650 650 616661
670 597 812 662 Abrahae,
836 604 926 649 tamen
945 546 1093 659 ueriusiet
1125 599 1208 653 imam
1239 597 1444 666 infelicitatem,
1483 596 1662 668 ignominiam
1693 611 1727 651 ac
1761 594 1904 649 misertum

206 694 231 739 ct
250 685 315 737 usui
334 683 502 752 Scripturas
520 683 727 738 convenientius
755 683 925 752 accipiemus
946 683 1039 752 66661-
1065 683 1267 750 (166666166616,
1289 700 1360 754 ques
1376 681 1551 754 Capernaitis
1569 699 1633 737 cum
1653 681 1772 738 diabolis
1791 687 1823 737 et
1838 680 1904 735 reli·

205 788 298 836 crum,
322 776 352 823 ut
378 771 486 839 accepit
503 771 595 824 Jacob
618 769 717 824 Gener.
735 771 780 836 37,
798 787 823 823 6.
842 772 888 824 31.
913 786 975 822 cum
996 770 1039 822 di·
1065 771 1127 842 quis
1146 771 1284 826 1161666111
1301 769 1458 825 hominibus
1475 768 1571 826 161666
1589 769 1626 824 111
1644 768 1813 835 communis,
1838 783 1904 823 666·

152 871 153 876 *
205 859 260 911 cit:
291 859 471 911 Descendom
491 859 532 911 ad
552 858 648 926 fitium
669 873 760 910 meum
784 857 882 924 lupeno
900 857 930 909 in
950 857 1038 918 infcr-
1065 862 1167 911 temtus
1187 856 1260 911 66116
1280 855 1359 911 666111
1378 873 1434 911 666
1451 856 1670 926 tantumpoenis
1690 854 1904 925 temporalibus,

204 962 278 1012 num,
303 943 355 997 boc
373 951 413 997 est
431 944 529 1011 lupere
545 962 601 996 non
619 943 755 1010 desinam,
780 944 868 997 116666
887 957 930 995 nse
946 941 1039 1009 sepul-
1065 943 1217 999 sedetiam
1233 959 1266 997 ac
1290 942 1334 997 rel
1357 942 1475 998 maxime
1500 943 1621 998 semis
1643 941 1765 1012 punitur.
1803 940 1903 996 histtlu

205 1038 285 1084 16666
315 1031 465 1083 mandetis.
500 1046 561 1099 cap.
584 1033 623 1096 11,
642 1048 667 1082 o.
685 1031 740 1081 291
770 1027 926 1082 Deducstie
954 1044 1040 1081 canos
1069 1034 1107 1096 16,
1123 1047 1148 1086 6.
1172 1035 1216 1085 181
1250 1030 1355 1082 Portae
1374 1029 1534 1092 inferarum
1553 1045 1610 1082 non
1626 1029 1833 1096 praevalebunt
1851 1029 1904 1082 ad·

205 1134 280 1170 meos
299 1134 360 1170 cum
381 1133 507 1170 moerore
529 1118 570 1170 ad
590 1117 709 1181 inferos,
727 1116 761 1169 ici
775 1122 869 1169 estme
882 1116 960 1170 senio
976 1132 1039 1168 con·
1065 1115 1343 1183 6666666661661661,
1371 1114 1401 1168 id
1425 1122 1467 1170 set
1490 1115 1567 1170 nulla
1592 1113 1648 1181 616,
1673 1113 1752 1169 nulla
1780 1118 1904 1183 potestas

199 1206 311 1274 sectum
329 1204 432 1271 copctis
451 1203 597 1257 celerrime
618 1203 692 1258 mori
709 1211 735 1256 et
759 1202 790 1256 in
812 1202 971 1272 sepulcrum
993 1201 1039 1254 ab·
1066 1199 1180 1268 diaboli,
1203 1199 1353 1256 1616666616
1370 1200 1519 1270 6616616111,
1543 1200 1689 1255 ecclesiam
1707 1201 1810 1269 poterit
1827 1214 1903 1254 6666-

205 1291 257 1344 ire.
292 1289 557 1357 Ρ6616636,6.1.·
586 1289 709 1342 Domine
728 1288 852 1342 eduxisti
870 1288 907 1340 ab
925 1288 1040 1354 inferno
1066 1294 1139 1355 tere,
1160 1285 1209 1341 sed
1226 1292 1321 1357 petrae
1341 1286 1451 1342 Christo
1477 1287 1572 1341 innixa
1597 1293 1731 1356 perpetuo
1753 1284 1841 1340 stabit
1862 1284 1902 1341 iu·

205 1378 337 1440 unimam,
358 1376 479 1429 salvasti
496 1393 539 1428 nse
557 1392 577 1428 6
594 1376 823 1429 descendentibus
842 1375 872 1427 in
891 1374 984 1427 lacum
997 1372 1040 1426 cel
1067 1389 1207 1428 concussa
1242 1373 1276 1426 In
1302 1373 1389 1442 portis
1416 1373 1481 1426 olim
1508 1372 1707 1428 exercebantur
1733 1371 1844 1442 judicia
1870 1388 1904 1425 sc

205 1463 477 1534 consternatam
494 1464 634 1517 revocasti
651 1478 694 1515 mc
713 1479 732 1515 a
749 1469 846 1529 morte,
865 1461 953 1515 611616
972 1460 1043 1514 milri
1067 1459 1295 1528 consultationes,
1322 1465 1350 1513 61
1374 1464 1470 1530 portas
1489 1476 1523 1514 sc
1541 1460 1613 1514 muri
1632 1477 1686 1514 non
1708 1458 1799 1514 solnm
1820 1474 1903 1512 orna·

205 1549 366 1614 restituisti,
390 1566 425 1602 ne
445 1550 641 1602 11666666166616
662 1548 692 1600 in
712 1547 881 1617 sepulcrum.
917 1519 1205 1621 Eandemimenlum
1231 1547 1279 1602 sed
1310 1552 1339 1602 st
1366 1546 1564 1600 munimentum
1592 1551 1735 1615 praestant
1772 1541 1903 1612 urbibus3

205 1634 435 1708 significationem
455 1636 552 1690 statuit
572 1635 602 1690 in
622 1634 802 1706 sequentibus
821 1633 982 1704 Scripturas
1002 1633 1041 1687 di·
1068 1633 1180 1705 quando
1204 1650 1271 1704 ergo
1292 1641 1396 1702 portae
1423 1633 1582 1698 inferarum
1611 1648 1667 1685 non
1686 1631 1902 1701 praevaliturae

207 1724 267 1779 ctis*
284 1723 386 1779 Psalm.
403 1726 445 1788 88,
464 1739 489 1779 6,
508 1729 532 1777 1.
567 1720 633 1777 161).
654 1725 693 1787 11,
716 1740 742 1776 6.
764 1727 803 1779 13.
823 1726 875 1776 616.
909 1718 956 1773 Ad
974 1718 1042 1775 alte·
1067 1723 1199 1774 dicuntur
1217 1723 1354 1774 adsersus
1373 1720 1527 1784 ecclesiam,
1553 1735 1649 1773 sensus
1670 1725 1725 1784 est,
1749 1719 1827 1790 quod
1852 1733 1902 1771 nec

206 1828 267 1866 rum
288 1828 342 1881 per
369 1809 584 1863 distinctionem.
628 1809 662 1862 In
689 1808 854 1880 quibusdam
881 1807 1042 1877 Scripturas
1066 1806 1152 1876 impia
1169 1805 1267 1860 fraude
1287 1805 1502 1868 haereticorum,
1526 1820 1579 1860 666
1595 1803 1743 1859 manifesta
1761 1803 1901 1874 61166116-

206 1897 274 1967 locis
291 1895 426 1966 accipitur
443 1912 494 1967 pro
513 1895 629 1960 inferno,
648 1895 676 1948 in
694 1895 862 1966 quibusdam
881 1911 930 1964 pro
948 1893 1040 1963 sepul·
1067 1909 1165 1948 norum
1184 1893 1270 1948 666611
1289 1893 1389 1963 possit,
1413 1892 1488 1964 quod
1506 1891 1599 1947 omnia
1618 1891 1734 1947 consilia
1751 1899 1780 1946 et
1798 1890 1900 1947 machi-

206 1979 1039 2052 616;11116666366166116116661616616666666661661.
1067 1981 1192 2034 66116661
1216 1979 1385 2049 1616161161
1409 1979 1528 2048 diaboli,
1558 1987 1617 2033 tum
1640 1995 1808 2049 organorum
1833 1979 1901 2048 ejus,

207 2071 252 2124 Ad
270 2070 383 2124 tertium
406 2085 460 2140 per
487 2069 697 2134 limitationem,
723 2064 880 2137 Stephanus
911 2082 966 2119 noa
992 2064 1040 2117 ad-
1065 2065 1265 2121 haereticnrum
1284 2073 1354 2136 puta
1372 2082 1406 2120 sc
1425 2073 1614 2136 tyrannorum,
1633 2064 1736 2135 quibus
1753 2063 1899 2121 ecclesiam

206 2157 284 2212 duxit
302 2172 318 2210 6
336 2155 457 2225 profanis
476 2153 655 2224 scriptoribus
672 2153 807 2223 sJusmodi
825 2151 956 2221 exempla,
985 2169 1040 2205 non
1065 2151 1233 2216 adoriantur,
1253 2151 1330 2207 irrita
1347 2157 1376 2208 61
1391 2151 1546 2207 1666166666
1564 2152 1620 2206 6161
1636 2152 1739 2208 latura.
1772 2150 1900 2218 161616,

206 2245 273 2317 quia
291 2242 414 2298 invenire
434 2241 509 2297 nulla
527 2242 626 2311 potuit,
645 2242 695 2295 sed
708 2241 774 2311 quia
787 2257 842 2294 non
854 2237 1040 2294 necessarium
1066 2256 1089 2293 6.
1109 2242 1157 2293 2³:
1193 2239 1280 2292 Dices
1297 2238 1381 2308 66616
1400 2234 1558 2315 16161666
1577 2239 1683 2294 61161111
1708 2239 1803 2294 ocsus
1825 2255 1900 2292 suos.

207 2346 267 2384 6166
289 2328 464 2396 661611166611,
483 2327 620 2382 neminem
636 2328 710 2382 enim
723 2326 795 2381 hanc
807 2324 1038 2397 significationem
1065 2322 1100 2377 Id
1120 2339 1184 2379 6666
1201 2342 1255 2380 666
1272 2325 1307 2381 ds
1324 2326 1465 2395 sepulcro,
1488 2325 1537 2379 sed
1562 2325 1596 2380 ds
1619 2325 1814 2380 damnatorum
1839 2324 1900 2380 1666

207 2423 372 2488 negaturum
398 2414 550 2469 arbitratus
576 2418 624 2469 est.
667 2413 761 2478 Quid?
796 2413 870 2484 quod
901 2429 935 2466 cx
965 2411 1039 2466 vocis
1065 2410 1257 2480 accipiendum
1276 2419 1432 2482 6166611161
1451 2412 1845 2478 excruciatuettormsntis,
1872 2413 1900 2467 in

206 2511 298 2573 etymo
317 2501 446 2565 ostendit,
465 2496 536 2572 (1166
554 2500 582 2554 16
599 2516 701 2572 genere
717 2498 773 2553 dici
789 2500 937 2569 6666111661
948 2500 1040 2552 locam
1065 2496 1167 2569 quibus
1189 2498 1265 2552 dirce
1283 2514 1313 2552 ss
1331 2499 1512 2552 constitutum
1533 2498 1725 2569 conqueritur,
1750 2516 1786 2556 ax
1813 2513 1900 2570 appu·

206 2589 407 2644 tenebricosum
428 2595 454 2639 et
475 2586 656 2654 invisibilem,
683 2587 757 2658 quod
782 2587 865 2641 sliam
889 2585 926 2639 ad
949 2584 1039 2654 sepul·
1065 2583 1164 2638 sitione
1188 2583 1258 2640 cosli
1284 2590 1312 2637 61
1336 2583 1450 2648 1616661,
1477 2601 1512 2638 ex
1542 2584 1646 2640 reditus
1675 2592 1703 2639 61
1728 2583 1899 2640 liberationis

207 2692 284 2730 crum
308 2671 442 2745 applicari
465 2677 563 2743 potest.
598 2671 741 2727 Lucienus
765 2672 794 2725 in
819 2671 884 2727 dial.
910 2670 946 2725 ds
962 2671 1039 2724 luctu
1066 2667 1219 2741 11666616,
1237 2668 1363 2741 adeoque
1381 2687 1415 2725 ex
1434 2671 1562 2726 omnihus
1580 2669 1772 2740 descriptionis
1785 2671 1900 2726 circum-

207 2760 283 2825 dicit,
300 2755 373 2832 ᾅδην
391 2775 451 2815 csse
469 2758 559 2812 locum
578 2758 722 2813 subterra
742 2757 917 2828 profundum
1065 2754 1181 2810 stantiis.
1217 2754 1320 2812 Confer
1337 2757 1564 2828 chrysostomum
1590 2756 1684 2813 homil.
1714 2758 1757 2814 ds'
1777 2757 1894 2813 161666

241 2853 265 2902 5.
301 2851 324 2902 2.
350 2845 457 2898 Contra
482 2845 599 2910 Bucam,
621 2843 670 2915 qui
694 2845 722 2897 in
746 2844 875 2914 explicat
899 2841 995 2898 Actor.
1014 2848 1038 2909 2,
1066 2841 1160 2896 Actor.
1181 2846 1205 2911 2,
1218 2860 1243 2898 6.
1258 2848 1299 2898 21.
1313 2849 1342 2897 61
1356 2847 1403 2898 31:
1421 2845 1488 2898 Non
1504 2845 1645 2915 relinques
1662 2845 1787 2899 animam
1805 2860 1896 2898 means

205 2950 231 2987 6.
257 2938 298 2988 31.
324 2926 440 3002 πρώτως
466 2929 501 2984 de
524 2930 650 3000 sepulcro
675 2930 814 3001 intelligit.
855 2931 1040 2995 Desccndere,
1066 2927 1095 2981 in
1108 2930 1232 2996 inferno,
1251 2928 1299 2982 ubi
1309 2930 1402 2999 agitur
1411 2931 1446 2983 ds
1457 2930 1590 2984 descensu
1608 2929 1711 2986 Christi
1731 2930 1768 2985 ad
1787 2929 1899 2998 inferos,

206 3017 304 3090 inquit,
322 3022 363 3071 ad
381 3018 492 3082 irrferos
504 3017 625 3086 proprie
642 3017 785 3084 eipnificet
804 3017 933 3086 sepulcro
948 3015 1039 3070 concii.
1066 3031 1147 3084 quem
1165 3030 1182 3069 a
1200 3014 1342 3084 sepultura
1359 3015 1520 3070 distinctum
1539 3017 1689 3072 1611661616
1709 3033 1770 3072 6166
1788 3033 1839 3072 166
1859 3018 1898 3070 lo·

206 3107 282 3159 Nom
302 3113 375 3159 certe
395 3101 534 3157 Hebraeis
549 3103 642 3157 6611661
659 3104 741 3156 161666
755 3104 880 3173 propria
898 3103 1039 3170 116616166-
1065 3116 1097 3155 cc
1118 3101 1328 3156 demonstratur.
1357 3102 1487 3170 (Quidem
1499 3108 1592 3160 tamen
1605 3103 1714 3159 malunt
1729 3103 1765 3158 ds
1779 3109 1899 3174 cognata

206 3193 279 3246 tione
295 3192 424 3245 declarat
439 3178 596 3258 61666113
617 3197 645 3243 61
665 3190 742 3265 Ἶξῑζ,
761 3207 834 3259 quac
847 3189 985 3244 uocabulo
998 3207 1039 3243 sc·
1065 3186 1267 3258 significatione
1285 3189 1415 3253 secunda,
1435 3189 1564 3246 videlicet
1585 3192 1619 3245 ds
1638 3190 1778 3245 doloribus
1790 3190 1899 3256 1616661,

205 3278 334 3347 pulcrum
354 3277 519 3345 6166116661.
545 3275 629 3346 Hugo
651 3275 803 3330 Saniordus
822 3275 912 3330 adhuc
931 3275 1040 3346 longius
1066 3291 1135 3343 quos
1157 3271 1283 3327 Christus
1304 3274 1331 3328 16
1357 3276 1530 3330 sanctissima
1553 3293 1603 3331 sua
1628 3276 1720 3332 anima
1743 3284 1809 3332 ants
1829 3293 1899 3331 mor-

206 3364 389 3436 progreditur‚
410 3361 521 3432 quando
536 3360 582 3415 lib.
600 3367 624 3417 2.
647 3363 682 3415 de
703 3361 810 3416 descen.
827 3361 929 3416 Christi
948 3362 984 3414 ad
999 3361 1038 3414 in·
1066 3367 1121 3414 tern
1138 3359 1282 3430 persensit,
1300 3377 1398 3415 nomen
1418 3358 1553 3432 61661116
1571 3379 1707 3432 exponere
1719 3370 1833 3433 proptor
1844 3378 1898 3418 em·

207 3451 279 3509 foros
306 3450 370 3503 dist.
392 3454 430 3504 ll.
455 3467 482 3520 6.
505 3454 541 3505 11.
560 3455 588 3503 61
611 3465 687 3520 seqq.
710 3449 847 3520 disputat,
870 3467 923 3517 per
947 3448 1041 3502 661661
1065 3446 1164 3516 phasin
1189 3444 1266 3500 serbi
1293 3451 1508 3519 ἐγκαταλείψεις.
1552 3447 1607 3504 Sed
1629 3448 1683 3504 hac
1713 3448 1749 3502 dc
1772 3465 1802 3503 re
1831 3447 1899 3504 alibi

206 3557 262 3591 non
288 3538 447 3590 animorum
475 3537 529 3588 sed
556 3552 705 3604 6666661116
731 3538 885 3604 cepionem,
913 3537 1040 3605 adunque
1066 3533 1193 3604 plenius.)
1231 3539 1253 3588 1.
1272 3532 1335 3593 Cor.
1359 3542 1397 3604 15,
1415 3554 1439 3590 6.
1461 3543 1506 3592 651
1542 3537 1595 3590 Ubi
1620 3536 1750 3590 stimulus
1777 3545 1856 3602 tussa,
1882 3554 1899 3589 o

206 3623 278 3676 nibil
295 3623 380 3676 aliud
398 3639 481 3690 quam
500 3622 659 3689 scprrlcrum
680 3623 783 3687 notari,
801 3621 929 3675 nimirum
948 3620 1039 3675 utob·
1066 3621 1163 3673 616661
1190 3620 1239 3671 ubi
1260 3621 1380 3674 uictoria
1402 3631 1466 3687 tua,
1491 3624 1624 3684 inferne!
1659 3623 1747 3693 Atqui
1773 3621 1899 3678 Christus

206 3710 326 3776 tineent,
351 3724 401 3778 per
420 3708 583 3762 descensum
603 3706 704 3762 Christi
731 3708 766 3762 ad
785 3708 887 3762 1616666
910 3709 939 3761 16
965 3724 1038 3776 sym·
1066 3721 1121 3758 666
1141 3704 1230 3758 661661
1249 3713 1380 3776 amorts,
1399 3707 1448 3762 6611
1468 3708 1551 3763 stiam
1570 3726 1604 3763 ex
1623 3708 1739 3776 inferno,
1759 3708 1850 3764 idest
1863 3707 1899 3763 ab

205 3793 269 3849 bolo
286 3793 438 3862 apostolico
455 3793 665 3864 intelligendum
693 3810 753 3849 6666
777 3794 961 3864 sepulturam,
984 3808 1040 3864 qua
1064 3796 1178 3844 6616666
1192 3789 1384 3863 damnatione,
1407 3812 1457 3849 nos
1480 3793 1618 3850 liberarit.
1654 3797 1741 3865 Apoc.
1765 3801 1788 3864 1,
1806 3812 1832 3851 6.
1855 3800 1899 3852 18:

205 3879 313 3933 6611666
333 3877 431 3948 quinta
448 3877 614 3949 significatio
628 3879 747 3932 nominis
767 3878 866 3933 1616661
891 3879 1040 3949 opponitur
1066 3878 1164 3931 Habea
1184 3878 1276 3931 claues
1297 3881 1397 3934 mortis
1417 3890 1443 3934 et
1462 3882 1589 3951 inferni,
1613 3882 1641 3937 id
1661 3887 1704 3936 est
1729 3898 1792 3936 sum
1816 3881 1900 3937 domi·

206 3964 318 4035 primss.
353 3963 575 4033 Respondemus:
614 3970 638 4031 1)
667 3981 767 4019 nomen
793 3964 887 4019 scheol
914 3971 942 4019 et
971 3961 1040 4035 ᾅδης
1064 3980 1118 4016 661
1136 3965 1231 4017 mortis
1249 3969 1277 4018 et
1296 3964 1459 4031 inferorum,
1483 3967 1536 4021 6161
1562 3974 1676 4022 mortem
1702 3977 1730 4023 et
1752 3968 1899 4033 infernum,

205 4049 368 4106 nonsolum
388 4049 1039 4121 6666166616661666616166666111661116666
1064 4049 1197 4120 competit
1217 4049 1283 4104 mihi
1302 4069 1437 4106 summum
1456 4053 1607 4109 dominium
1625 4054 1653 4108 in
1671 4062 1786 4111 mortem
1808 4062 1838 4111 et
1859 4055 1900 4109 in·

205 4154 239 4192 ex
263 4153 316 4190 usu
335 4135 494 4205 Scripturas
521 4139 549 4188 st
571 4135 697 4189 vocabuli
722 4136 891 4207 etymologia
915 4143 1039 4205 6666661.
1065 4134 1182 4198 sernum,
1200 4143 1231 4190 ut
1250 4137 1351 4206 possim
1371 4155 1403 4193 ex
1425 4147 1542 4212 utroque
1561 4141 1679 4196 liberare
1697 4146 1725 4196 st
1744 4140 1900 4196 611616661-

207 4227 233 4290 2)
254 4223 367 4278 Praesto
384 4222 456 4276 enim
477 4228 541 4275 sunt
558 4222 710 4277 clarissima
729 4223 888 4294 Scripturas
907 4222 992 4288 dicta,
1011 4222 1039 4275 16
1066 4238 1119 4292 qus
1145 4222 1290 4290 damnare,
1316 4224 1416 4280 victori
1442 4228 1515 4281 enim
1540 4227 1631 4283 claves
1657 4234 1799 4298 portarum
1824 4226 1899 4282 urbis

207 4308 307 4378 quibus
327 4324 377 4378 pro
394 4307 501 4362 inferno
529 4315 676 4380 utrumque
699 4315 856 4378 usurpatur.
892 4309 975 4366 Num.
1000 4314 1039 4374 16,
1065 4307 1137 4362 tradi
1154 4307 1250 4362 solent
1276 4310 1365 4380 Apoc.
1379 4318 1403 4380 6,
1419 4331 1443 4366 6.
1458 4319 1487 4371 81
1507 4316 1631 4369 Mortem
1646 4316 1772 4383 nequitia
1791 4310 1898 4385 ὸᾷδης.

206 4413 232 4448 6.
252 4399 299 4450 ³3:
325 4396 537 4448 Descenderunt
553 4396 610 4448 vivi
627 4396 764 4450 6611661611.
802 4396 889 4466 Atqui
917 4395 1039 4450 seditiosi
1066 4392 1185 4458 Quidam
1210 4411 1259 4465 per
1285 4392 1357 4467 ᾅδην
1384 4398 1543 4471 intelligunt
1568 4401 1743 4472 sepulcrum,
1771 4419 1835 4456 oum
1863 4398 1901 4453 611

205 4480 246 4534 1111
263 4479 291 4533 16
310 4481 431 4550 66661116
450 4480 507 4535 1611
522 4482 620 4534 mortui
637 4500 692 4535 non
706 4487 813 4535 tantum
828 4481 857 4535 16
873 4482 1039 4553 sepulcrum,
1066 4497 1155 4534 sermo
1173 4480 1208 4535 ds
1227 4489 1306 4552 peste
1327 4485 1436 4540 16111666
1453 4492 1482 4540 61
1502 4493 1589 4541 morte
1609 4487 1745 4558 corporali
1758 4487 1816 4544 6166
1832 4493 1899 4544 tem·

206 4565 354 4620 sedetiam
373 4566 401 4619 in
418 4565 556 4621 infernum
575 4567 791 4632 descenderunt,
816 4567 890 4623 unde
910 4568 1040 4622 Bucsnus
1067 4566 1163 4634 parali,
1180 4567 1229 4620 sed
1247 4576 1339 4637 potest
1356 4573 1440 4625 etism
1459 4573 1602 4627 commode
1617 4573 1652 4627 de
1670 4574 1786 4638 inferno
1799 4573 1898 4645 accipi,

206 4651 235 4704 in
253 4651 316 4705 inst.
339 4650 423 4707 theol.
449 4653 501 4707 loc.
520 4658 562 4709 40.
587 4672 614 4723 q.
635 4659 673 4709 to.
695 4661 798 4722 6155,
827 4660 902 4708 66616
934 4654 1039 4721 statuit,
1066 4652 1132 4723 quia
1151 4671 1224 4707 mors
1243 4656 1402 4725 temporalis
1421 4657 1449 4711 in
1468 4657 1560 4728 impiis
1579 4666 1622 4715 cst
1640 4659 1749 4715 initium
1768 4669 1899 4716 aeternus

206 4737 246 4790 ibi
264 4755 320 4790 non
337 4737 463 4805 intellipi
479 4739 648 4807 6666166666,
667 4744 698 4793 ut
717 4755 771 4792 vox
788 4738 889 4794 inferni
907 4741 980 4795 66161
999 4741 1039 4795 in·
1066 4739 1250 4794 (161666116616
1269 4757 1302 4797 ac
1321 4759 1394 4797 mors
1415 4760 1511 4814 perse
1531 4752 1559 4800 61
1576 4746 1605 4802 16
1619 4764 1649 4802 16
1662 4754 1743 4802 extra
1758 4746 1899 4804 Christum

205 4823 314 4878 tendum
332 4824 468 4894 usurpari.
503 4822 586 4880 Deut.
605 4830 647 4890 32,
665 4840 691 4879 6.
711 4828 756 4880 22:
788 4825 869 4895 anis
891 4843 1039 4881 6116666666
1065 4825 1239 4881 considerata
1262 4833 1305 4882 est
1324 4828 1480 4884 vehiculum
1504 4832 1540 4886 ad
1566 4832 1713 4889 infernum.
1746 4834 1836 4905 Apac.
1855 4839 1899 4899 26,

207 4909 235 4962 in
269 4913 372 4975 furore
403 4926 462 4962 cneo
496 4925 583 4978 usquc
615 4911 656 4962 od
685 4910 827 4972 infernum
863 4913 1038 4978 inferiorem.
1065 4929 1090 4965 6.
1114 4916 1158 4966 1³:
1183 4913 1267 4967 Mors
1282 4922 1308 4967 et
1326 4915 1663 4987 infernusreddiderunt
1682 4929 1807 4977 mortuos
1822 4939 1898 4976 61166.

204 4993 305 5052 Psalm.
327 5003 412 5062 4116.
432 5001 476 5051 15:
503 4994 583 5048 Sicut
603 5013 666 5049 oves
683 4996 714 5048 in
731 4998 845 5061 inferno
861 5001 952 5067 positi
966 5008 1037 5054 sunt.
1065 4997 1192 5053 Piscator
1211 5005 1240 5053 ct
1259 5000 1372 5071 quidam
1391 5002 1440 5057 alii
1457 5021 1507 5075 per
1526 5005 1664 5060 inlsmum
1677 5007 1837 5079 intelligunt
1856 5026 1898 5062 ss-

205 5079 307 5134 Psalm.
327 5087 368 5143 55,
388 5099 413 5134 6.
432 5085 478 5135 ts:
499 5082 681 5135 Descendunt
702 5083 731 5135 in
750 5084 894 5149 infernum
911 5086 1037 5138 uiuentes.
1060 5085 1204 5154 pulcrum,
1224 5086 1383 5142 existimant
1401 5090 1483 5160 enim,
1502 5089 1622 5147 describi
1641 5098 1696 5148 tres
1709 5094 1811 5149 classes
1826 5111 1897 5150 mor·

206 5164 307 5219 Confer
323 5165 405 5222 Prov.
421 5172 463 5232 27,
482 5182 507 5223 v.
525 5171 566 5223 26.
586 5185 646 5238 cap.
669 5172 710 5236 30,
729 5186 754 5221 6.
778 5173 817 5224 16.
837 5168 900 5229 Ε16,
915 5178 938 5238 5,
956 5188 981 5224 6.
999 5176 1037 5228 14.
1064 5178 1182 5241 tuorum,
1203 5187 1286 5226 anam
1304 5173 1410 5230 scilicet
1426 5192 1529 5246 corum,
1551 5176 1645 5249 quiin
1663 5179 1733 5234 mari
1752 5179 1899 5250 submersi,

206 5268 266 5321 cap.
290 5258 331 5314 11,
348 5269 372 5304 6.
392 5256 416 5307 9.
437 5259 478 5308 15.
499 5269 558 5324 666.
582 5259 623 5322 18,
643 5273 667 5310 v.
691 5261 729 5310 15.
749 5253 810 5311 Osa.
833 5262 872 5325 1³,
890 5274 914 5309 6.
938 5262 977 5311 14.
1004 5255 1038 5309 In
1064 5254 1179 5311 61166661
1197 5273 1299 5327 666616,
1318 5260 1365 5330 qui
1385 5269 1464 5317 extra
1483 5280 1559 5319 marc
1577 5265 1688 5335 mortui,
1707 5267 1758 5322 sed
1770 5283 1898 5324 61666666

205 5336 285 5394 Novo
305 5337 483 5394 Testamenta
501 5357 600 5396 nomen
618 5337 687 5413 ᾅδης
708 5341 737 5395 16
758 5341 854 5398 eadem
878 5339 1038 5412 significati·
1063 5341 1203 5413 insepulti,
1228 5344 1338 5401 tsrtiam
1355 5364 1459 5420 eorum,
1481 5351 1530 5421 qui
1550 5351 1579 5405 in
1597 5351 1731 5422 sepulcris
1747 5352 1898 5426 reconditi3
