4050 6014
192 198 253 262 224
839 189 1068 252 TBAOTATUS
1082 191 1252 259 QUINTUS

190 353 250 404 ουλε
270 349 423 405 cultoribus
444 366 566 420 poenam
588 349 737 421 pramcius
766 352 956 419 perhorrescit
974 357 1026 408 etc.
1040 352 1204 407 ¹terroribus
1222 357 1283 407 orta
1303 347 1455 421 accipiunt
1480 348 1626 422 Ejusmodi
1644 350 1763 409 affectus
1780 349 1810 408 ia
1824 366 1888 424 gra-

191 438 329 492 Euscbius
360 438 407 491 lib.
427 444 466 495 11.
494 437 529 491 de
554 444 711 506 praeparat.
737 438 862 508 evangel.
891 455 951 508 cap.
978 443 1026 493 20:
1053 440 1089 493 du
1111 440 1193 503 longe
1213 438 1385 492 eminentiori
1410 439 1464 491 erit
1487 440 1516 490 in
1533 439 1661 494 omnibus
1679 440 1825 499 damnatis.
1861 443 1887 505 3)

192 524 460 596 Ppripblepctlonta
479 541 545 576 uero
564 523 654 592 ipsene
672 533 813 577 aeternum
829 528 961 594 essequis
976 529 1025 579 die·
1052 527 1087 578 In
1109 526 1217 578 dilucio
1235 524 1376 591 perierunt
1396 541 1491 578 omnes
1511 525 1588 594 impii
1608 524 1739 581 fluetibus
1766 525 1824 579 irae
1848 525 1889 580 di·

192 612 311 663 bitabit?
346 610 431 663 Plato
455 610 486 660 in
512 611 665 661 Tartarum
689 611 814 678 drp'ectos
845 614 946 679 impios
971 631 1026 665 non
1053 610 1133 663 vinae
1158 608 1282 678 absorpti
1308 608 1409 663 Genea.
1429 616 1454 677 1,
1469 627 1494 663 v.
1515 615 1555 667 λδ.
1584 611 1625 664 sic
1648 611 1785 665 horribile
1813 611 1891 666 illud

191 699 315 750 eritreros
334 697 399 748 inde
419 697 539 748 asseruit
558 706 611 753 etc.
651 699 734 756 ttrood
751 706 843 750 eutem
863 698 945 766 dicit,
969 716 1025 750 non
1051 698 1160 750 aeterni
1177 698 1250 764 ipnir
1270 696 1415 758 diluvium,
1436 703 1467 748 ut
1482 696 1611 751 «lustinus
1629 697 1736 766 Martyr
1750 697 1889 753 infernum

190 784 370 851 rinspiieiter,
388 785 439 834 sed
457 800 519 834 oum
538 783 566 833 in
585 784 714 836 oebienia
733 786 945 844 conscenderint
963 803 1024 850 sua,
1038 819 1039 823 ,
1051 783 1184 851 appellat,
1203 782 1233 835 in
1253 781 1299 835 dic
1319 782 1432 837 extremi
1448 782 1550 852 judicii
1568 799 1663 843 omnes
1680 783 1780 853 impios
1798 793 1889 839 aeter·

191 871 220 922 in
240 873 402 923 Acheronta
422 886 529 921 amnem
556 871 664 936 depelli
671 910 677 937 ,
703 889 839 938 quaenam
865 871 926 923 alia
952 873 1024 923 eelt-
1053 886 1087 923 uc
1117 869 1200 922 exitio
1228 868 1350 921 involvit.
1386 872 1413 934 t)
1443 869 1606 923 Sarrlornitae
1633 869 1698 938 igne
1726 875 1754 923 et
1780 868 1900 948 sulfure·

191 957 257 1010 cula
274 959 407 1009 denotare
425 962 517 1022 potest
536 972 621 1022 queam
641 974 779 1022 corpora,
805 959 903 1025 quibus
920 976 1025 1010 οεειιιο-
1051 955 1167 1008 coelitus
1187 955 1300 1024 delapso
1319 955 1552 1009 consumebantur
1570 954 1671 1012 Genea.
1692 960 1733 1022 19,
1752 973 1778 1008 v.
1796 961 1839 1012 24.
1858 955 1891 1009 il-

191 1043 226 1095 tis
245 1060 303 1095 sena
320 1043 472 1094 recaredum
492 1042 682 1094 Hebraeorum
701 1044 860 1111 scripturas
886 1045 959 1095 oilae
982 1060 1024 1096 re·
1053 1040 1100 1094 lud
1120 1041 1252 1095 ludasin
1268 1057 1319 1094 sua
1338 1041 1456 1109 epistola
1475 1059 1500 1094 v.
1520 1047 1543 1097 7.
1563 1041 1600 1094 ad
1614 1042 1706 1111 iguem
1725 1040 1889 1096 infernalem

190 1128 304 1180 trilmtio
322 1129 389 1190 fiet?
409 1126 455 1179 lib.
469 1131 507 1182 13.
527 1127 643 1180 adducit
661 1128 765 1181 dietum
779 1128 898 1197 Diphili:
917 1127 1026 1196 κλύετ’,
1053 1126 1250 1189 accommodat,
1268 1123 1397 1199 Σόδομα,
1421 1126 1519 1196 iuquit
1536 1132 1585 1180 καλ
1603 1123 1735 1201 Γόμορρα
1755 1124 1890 1199 πρόκειν-

191 1213 359 1289 ἆποστίρει,
389 1210 474 1281 risen,
508 1217 599 1286 μηδὲν
627 1219 790 1288 πλονηδῇς,
818 1218 895 1270 ἔσται
922 1221 969 1269 stul
997 1218 1027 1270 ἐν
1054 1234 1098 1266 ται
1117 1216 1219 1286 δεῖγμα
1239 1210 1325 1284 πυρὸς
1345 1219 1461 1267 αἰωνίου
1482 1216 1563 1280 δίκην
1593 1213 1755 1283 ὑπέχουσαι.
1789 1212 1890 1283 Augu·

191 1297 262 1372 ᾅδου
282 1309 379 1376 κρίσις,
386 1304 502 1367 furare,
522 1302 676 1368 defraudo,
696 1303 796 1358 υιίιοι.Ι
811 1321 844 1354 ιιι
866 1319 951 1368 erres,
976 1303 1026 1356 erit
1053 1299 1141 1353 atinus
1157 1299 1206 1352 lib.
1225 1305 1266 1354 21.
1286 1300 1320 1352 de
1339 1299 1413 1354 civit
1433 1299 1484 1352 Dei
1501 1315 1561 1367 cap.
1583 1306 1614 1355 t:
1638 1301 1731 1357 Terra
1752 1300 1890 1353 Sodomo-

190 1390 219 1440 in
247 1388 361 1450 inferno
379 1388 531 1455 judicium.
568 1386 730 1440 Lactantius
748 1387 793 1441 lib.
816 1394 841 1442 1.
864 1389 982 1441 institut
1004 1405 1026 1440 c.
1054 1404 1115 1438 rum
1136 1387 1268 1448 nonfuit
1288 1387 1391 1453 letique,
1409 1394 1439 1437 ut
1458 1384 1892 1454 praenuntiantium&

192 1475 438 1536 7:15neinfsros
458 1473 555 1525 Zenon
574 1472 685 1535 Stoicus
705 1476 801 1526 ‹locrrit
820 1483 846 1526 ct
863 1477 945 1529 redes
963 1475 1025 1540 pio·
1054 1472 1151 1524 ceteris
1169 1472 1249 1535 facie
1269 1474 1420 1540 cadentque
1438 1473 1482 1526 acl
1496 1474 1579 1526 etiam
1592 1473 1722 1526 uberiora
1733 1474 1889 1540 foecundi·

189 1579 253 1614 rum
269 1561 304 1612 ab
323 1560 417 1627 impiis
438 1576 497 1612 esse
514 1567 643 1623 secretas,
660 1569 684 1612 et
701 1560 768 1613 illos
789 1561 903 1629 quidem
915 1561 1026 1628 quietas
1053 1567 1110 1611 tate
1129 1558 1266 1626 pollebat,
1301 1560 1378 1611 Nam
1398 1559 1456 1611 Dei
1477 1559 1618 1626 paradiso
1644 1560 1673 1610 in
1699 1560 1805 1613 diuinis
1829 1559 1888 1613 ela
1980 1614 1983 1619 ,

190 1663 224 1701 ao
250 1645 430 1699 delectabiles
456 1645 579 1698 incolere
606 1646 750 1713 repioncs,
779 1647 829 1699 los
856 1663 921 1700 aero
949 1647 1027 1699 luere
1054 1645 1128 1714 queis
1153 1652 1320 1713 comparata
1346 1652 1393 1699 est.
1430 1645 1509 1698 Haec
1533 1653 1719 1714 posteaquam
1747 1647 1782 1699 de
1810 1645 1889 1701 coelo

185 1750 296 1801 poenas
316 1734 345 1784 in
362 1732 512 1785 latebrosis
530 1732 600 1784 locis
619 1740 700 1799 atque
721 1734 752 1785 in
779 1733 860 1786 ουοπί
885 1733 1026 1800 oorapini·
1053 1739 1129 1784 tacta
1150 1739 1205 1799 est,
1228 1731 1300 1785 sicut
1319 1731 1435 1784 illorum
1453 1748 1560 1800 qrroque
1580 1718 1730 1786 attestatur
1756 1732 1889 1796 naaria

192 1821 241 1874 bus
266 1819 424 1872 torrendis.
459 1816 537 1871 ldem
556 1817 605 1874 lib.
634 1818 670 1872 de
699 1819 742 1872 ira
768 1835 828 1889 cap.
849 1824 888 1874 22.
913 1818 1026 1873 adducit
1053 1824 1078 1870 ct
1096 1834 1169 1869 πιιπο
1189 1817 1224 1869 ab
1244 1818 1297 1882 eis,
1323 1819 1373 1885 qui
1389 1822 1502 1871 oemunt
1517 1820 1557 1870 ad
1577 1817 1640 1873 ioca
1657 1817 1728 1885 itta,
1751 1817 1889 1887 conspici·

190 1904 273 1959 hosce
291 1921 324 1958 ex
346 1903 461 1972 Sibyllin
480 1905 642 1959 versiculos:
1052 1912 1108 1970 tur,
1121 1904 1293 1971 prodipiora
1313 1904 1436 1972 fuligine
1454 1904 1571 1959 lorrori
1588 1912 1645 1973 est,
1667 1911 1693 1957 et
1713 1920 1801 1973 poma
1827 1905 1889 1973 ωάε

1053 1991 1214 2042 interiorem
1235 1990 1371 2055 fauillam
1392 1992 1522 2043 mendaci
1543 1991 1690 2066 superficie
1715 1990 1889 2044 niatrnitatis

224 2081 315 2147 φεῦγε
334 2080 366 2131 δὲ
387 2082 514 2149 λατρείας
533 2073 667 2151 ἀνόμους,
686 2081 744 2146 θεῷ
762 2082 841 2142 ζῶντι
860 2077 985 2149 λάτρευε,
1053 2076 1200 2141 includunt
1227 2084 1278 2132 etc.
1315 2077 1471 2133 Brocardus
1498 2078 1529 2131 in
1556 2077 1685 2147 descript
1711 2083 1801 2133 terrae
1827 2094 1889 2133 aaa·

224 2171 362 2233 Μοιχείας
380 2182 408 2218 τε
430 2159 551 2234 φύλασσε
570 2169 617 2217 καλ
637 2158 752 2236 ἄρσενος
771 2159 882 2236 ἄκριτον
901 2159 989 2230 εὐνήν.
1053 2170 1124 2217 ctae:
1143 2163 1229 2215 blare
1247 2171 1383 2217 mortuum
1400 2181 1511 2231 semper
1530 2172 1570 2218 est
1588 2166 1706 2227 fumus
1727 2172 1753 2217 et
1765 2163 1889 2218 tenebro-

223 2247 308 2304 Ἰδίαν
326 2247 426 2321 γενεὰν
444 2253 556 2303 παίδων
574 2254 667 2321 eptas,
685 2249 757 2321 μηδὲ
776 2248 891 2322 pireus·
1052 2267 1122 2309 curn,
1148 2258 1179 2303 ut
1194 2251 1327 2303 uideatur
1345 2267 1403 2303 esse
1425 2268 1456 2303 ce
1475 2251 1602 2318 inferni,
1627 2252 1701 2307 adeo
1721 2259 1823 2305 tetrum
1840 2268 1890 2303 oa·

221 2342 279 2390 Καὶ
299 2336 354 2409 γὰρ
372 2333 387 2388 ὁ
408 2331 553 2395 ἀθάνατος
569 2332 763 2405 κεχολώσεται,
789 2333 820 2397 ὂς
837 2357 884 2392 κεν
904 2333 1023 2410 ἁμάρτῃ.
1050 2353 1147 2402 porem
1170 2338 1284 2405 fumat,
1311 2345 1341 2388 ut
1365 2338 1460 2391 uicina
1484 2355 1609 2406 quaeque
1631 2337 1744 2391 sterilia
1774 2338 1889 2393 reddat.

71 2452 114 2494 n,
128 2451 173 2492 rte.
222 2417 392 2495 Ἄᾳδαρτος,
411 2430 519 2488 κτίστης
537 2420 657 2490 αἰώνιος,
677 2428 779 2494 αἰθέρα
798 2431 894 2490 ναίων,
1052 2425 1080 2486 5)
1103 2422 1204 2474 Omnes
1218 2423 1326 2492 plapae
1344 2422 1544 2492 Aeppptiacae,
1564 2425 1722 2495 cumprimis
1741 2441 1807 2485 reto
1826 2424 1889 2481 bar·

226 2516 289 2570 Τοῖς
307 2509 332 2562 τ’
354 2506 468 2570 ἀκάκοις
489 2505 593 2568 ἄκοιτον
611 2511 764 2583 προφέρων
782 2513 857 2564 πολὺ
874 2516 989 2585 μείζονα
1050 2507 1145 2562 ribiles
1160 2509 1230 2562 tilae
1250 2510 1380 2562 tenebrae
1397 2509 1483 2565 Exod.
1505 2516 1544 2579 tc,
1564 2527 1590 2564 v.
1606 2516 1645 2566 22.
1667 2528 1737 2582 quas
1754 2510 1890 2582 graphice

342 2592 457 2668 pentir,
1051 2594 1178 2665 depingit
1199 2603 1297 2649 auctor
1320 2594 1384 2649 libri
1407 2596 1568 2664 Sapientiae
1593 2614 1655 2667 cap.
1673 2603 1713 2663 11,
1732 2615 1758 2650 v.
1777 2603 1801 2653 2.
1830 2596 1890 2653 fua·

228 2689 292 2743 Τοῖς
309 2685 340 2738 δὲ
361 2690 452 2744 κακοῖς
471 2680 578 2744 ἀδίκοις
596 2703 624 2738 τε
648 2680 736 2753 χόλον
761 2689 809 2738 eal
834 2679 930 2756 dupio
953 2683 1023 2753 lyei·
1052 2688 1117 2733 runt
1141 2680 1202 2750 typi
1225 2679 1401 2737 infernalium
1429 2681 1622 2748 tenebrarum,
1651 2701 1676 2739 v.
1698 2689 1746 2754 21;
1779 2681 1888 2739 Gracia

344 2790 407 2841 ρων,
1051 2766 1231 2837 superposita
1251 2767 1310 2820 illie
1330 2775 1393 2821 erat
1412 2786 1474 2834 nou,
1500 2766 1582 2824 εἰκὼν
1599 2777 1650 2823 τοῦ
1665 2774 1817 2841 μέλλοντος
1831 2767 1886 2836 αὖ·

1053 2855 1116 2914 τοὺς
1135 2855 1318 2926 διαδέχεσθαι
1337 2851 1467 2923 σκότους,
1487 2872 1561 2925 -quaa
1584 2854 1713 2910 tenebrat
1741 2853 1890 2917 infernales

188 2940 363 3011 Augustinus
385 2947 422 2996 12.
443 2941 650 2998 decennem
670 2943 710 2995 lit
731 2958 792 3010 cap,
805 2945 851 2994 33:
871 2941 1024 2994 Possumne
1053 2940 1180 2995 Salvator
1198 2946 1291 2995 noster
1316 2948 1397 2996 vocat
1421 2944 1573 2997 celeriores
1601 2941 1700 2997 Mattb.
1722 2946 1745 3010 8,
1763 2958 1789 2999 a.
1805 2948 1848 3002 12
1863 2947 1892 2996 et

188 3030 349 3095 ostendere,
369 3028 483 3081 litorum
505 3045 613 3096 quoque
631 3028 800 3098 (gentilium)
827 3028 969 3096 sapientes
990 3029 1024 3079 de
1052 3043 1112 3094 cap.
1130 3031 1171 3092 λλ,
1193 3044 1217 3079 v.
1239 3032 1277 3082 13.
1303 3027 1421 3097 inques
1441 3043 1535 3082 omnes
1555 3027 1680 3081 damnati
1697 3027 1890 3096 projicientur.
1906 3042 1951 3083 xx.
1964 3040 2006 3084 tta.

187 3116 347 3179 inferorum
367 3116 523 3168 substantia
541 3116 654 3168 minime
681 3115 837 3176 dubitasse,
866 3130 936 3182 qnae
960 3123 1024 3182 post
1052 3111 1152 3167 Confer
1170 3111 1326 3183 Rupertum
1352 3113 1400 3167 lib.
1418 3119 1443 3170 2.
1469 3113 1497 3169 in
1523 3113 1620 3168 Mattb.
1656 3119 1682 3180 6)
1714 3115 1832 3168 Pharao
1860 3115 1890 3171 in

187 3202 260 3256 lane
277 3202 362 3253 vitam
382 3201 484 3270 recepit
504 3203 614 3253 αιιίιυοι
633 3212 814 3255 mortuorum.
847 3197 911 3252 Huc
928 3199 1025 3254 reterri
1053 3199 1120 3251 mari
1139 3199 1223 3253 rubro
1243 3216 1305 3252 cum
1323 3207 1380 3254 tato
1400 3218 1450 3254 suo
1469 3200 1591 3255 exercitu
1619 3200 1778 3255 submersus
1801 3201 1890 3271 speci·

188 3295 305 3356 possunt
332 3289 438 3350 omnia,
467 3305 539 3357 quae
564 3290 598 3341 de
626 3290 747 3342 Plutone
771 3287 922 3342 inferorum
950 3305 1025 3357 rege,
1053 3302 1114 3338 men
1132 3285 1242 3339 exhibet
1260 3285 1365 3341 aeterni
1386 3284 1462 3340 illius
1476 3287 1560 3350 exitii,
1579 3304 1633 3357 que
1647 3302 1741 3341 omnes
1756 3286 1890 3343 ecclesiae

187 3375 407 3429 Rhadamantho
426 3375 500 3443 apud
519 3374 621 3429 inferas
636 3374 749 3444 judice,
778 3374 918 3428 Cbaeonte
943 3374 1023 3427 infer-
1049 3379 1239 3441 persecutores
1262 3372 1395 3427 ethostee
1410 3373 1559 3442 aliquando
1573 3373 1772 3443 opprimentur.
1801 3372 1890 3444 Chry·

188 3462 246 3516 nali
276 3462 421 3525 nauclero,
451 3463 571 3530 Sisypho
602 3479 699 3516 aarum
726 3468 860 3531 perpetuo
889 3463 1023 3529 volvente,
1050 3465 1185 3512 aostcmus
1210 3458 1303 3512 homil.
1328 3465 1369 3515 44.
1393 3459 1422 3511 in
1449 3458 1548 3513 Matth.
1576 3476 1641 3530 pag.
1661 3465 1726 3514 405:
1770 3460 1827 3521 (itti
1844 3461 1890 3532 ¹in

190 3549 313 3602 Tantalo
332 3548 360 3602 in
380 3547 479 3602 mediis
498 3548 580 3602 undis
598 3548 718 3615 sitiente,
744 3550 778 3600 de
799 3547 893 3616 Styge,
914 3549 1023 3617 C’oepto,
1053 3545 1211 3599 Pharaonis
1236 3547 1381 3617 impietate
1406 3547 1515 3612 vicunt,
1549 3563 1605 3600 non
1642 3545 1670 3598 in
1695 3546 1780 3599 rubro
1813 3548 1891 3601 orari

188 3635 400 3702 Pblepetbonts,
427 3635 584 3688 Arberonte
602 3642 630 3688 et
648 3634 709 3688 aliis
730 3633 913 3689 infernalibus
933 3635 1023 3688 fluviis
1051 3635 1256 3702 demerpentur,
1275 3634 1328 3685 sed
1343 3633 1373 3686 in
1392 3631 1465 3700 ignis
1478 3632 1598 3700 fluuium
1616 3640 1700 3702 atque
1708 3633 1831 3701 pelagus
1846 3633 1888 3686 in-

187 3737 222 3774 ae
240 3719 391 3790 paludibus
402 3720 479 3789 apud
489 3720 637 3790 Virgilium
653 3719 715 3777 libr.
725 3725 750 3775 6.
759 3720 877 3778 Aeneid.
893 3719 1022 3776 Ovidium
1050 3721 1214 3785 trudentur,
1232 3719 1356 3789 pelopea
1375 3718 1615 3786 impertransibile
1641 3726 1723 3786 atque
1750 3720 1889 3787 mapaitu·

187 3805 249 3863 libr.
272 3812 309 3861 13.
331 3805 512 3874 Metamorpb.
540 3812 568 3860 et
591 3806 661 3859 alios
685 3806 783 3876 politas
807 3815 931 3876 exstant,
960 3826 1022 3862 cum
1052 3808 1117 3859 dinc
1137 3806 1360 3872 acerbissimum,
1391 3806 1420 3858 in
1443 3823 1498 3873 quo
1524 3805 1601 3874 ipnei
1620 3807 1725 3878 fluetus
1753 3806 1889 3861 montium

188 3892 261 3948 enim
281 3891 359 3946 verbi
380 3892 483 3946 lumine
502 3891 628 3945 destituti
649 3899 755 3960 essent,
780 3909 814 3947 ea
835 3910 907 3964 quae
925 3895 969 3949 vel
990 3910 1023 3948 cr
1050 3895 1139 3946 instar
1156 3893 1313 3958 eripuntur,
1339 3893 1416 3960 ipnei
1433 3893 1512 3961 dieo,
1537 3911 1593 3946 non
1610 3894 1695 3960 bajus
1724 3893 1812 3963 α’ρυιέ,
1835 3895 1889 3948 red

187 3979 295 4034 interno
316 3978 501 4032 conscientiae
520 3977 684 4039 testimonio.
715 3978 759 4032 rel
779 3995 812 4032 ex
833 3979 959 4035 doctrina
979 3997 1021 4035 ec·
1050 3987 1123 4033 certe
1143 3978 1230 4032 multo
1248 3995 1332 4046 quarn
1356 3978 1401 4031 lic
1430 3979 1637 4048 terribilioris,
1661 3980 1744 4049 cuiue
1766 3980 1888 4047 flamma

186 4066 288 4120 clesiae
304 4065 339 4119 de
356 4063 463 4118 inferno
482 4063 601 4118 obscura
618 4065 759 4119 auditione
778 4074 970 4137 perceperant,
994 4068 1021 4120 in
1050 4064 1199 4118 inanimam
1216 4066 1327 4133 conficit
1346 4066 1475 4133 abpssum
1495 4073 1549 4121 etc.
1584 4067 1609 4136 t)
1629 4072 1651 4122 2.
1668 4064 1740 4136 Reg.
1761 4071 1784 4135 1,
1801 4083 1826 4122 r.
1849 4071 1889 4127 10.

187 4151 297 4205 fabulas
318 4157 528 4204 commutarunt.
1050 4158 1077 4205 ct
1097 4156 1135 4206 12.
1154 4151 1228 4219 ipnie
1248 4151 1324 4205 coelo
1344 4151 1512 4207 descendens
1533 4152 1655 4207 absumit
1673 4151 1772 4207 ducem
1788 4168 1823 4206 ac
1835 4153 1888 4206 mi-

224 4242 264 4292 23.
299 4244 323 4293 1.
356 4238 430 4304 Tppi
447 4235 622 4290 infernalium
640 4254 791 4306 poenarum
815 4239 970 4307 complures
994 4237 1022 4290 in
1051 4237 1126 4299 lites,
1153 4236 1201 4306 qui
1218 4235 1309 4290 Etiam
1327 4237 1469 4308 captivum
1486 4238 1625 4293 abducere
1652 4238 1816 4303 tentabaat;
1845 4238 1887 4293 sic

189 4324 274 4377 sacris
296 4323 382 4377 literis
402 4321 481 4375 nobis
500 4330 701 4392 proponuntur.
730 4324 755 4390 1)
771 4325 949 4394 Protoplasti
960 4333 1024 4393 post
1049 4323 1121 4392 ignis
1138 4322 1281 4377 infernalis
1302 4340 1397 4379 omnes
1413 4326 1522 4395 piorum
1543 4325 1636 4380 hostes
1652 4331 1681 4378 et
1692 4331 1885 4396 persecutores

188 4418 333 4480 peccatum
352 4409 503 4464 admissum
526 4409 638 4480 fugiunt
656 4409 711 4465 Dei
737 4418 928 4480 conspectum,
960 4412 1020 4464 abs·
1049 4407 1201 4463 devorabit
1244 4409 1270 4477 8)
1297 4412 1356 4466 Per
1385 4412 1473 4467 ollam
1499 4429 1673 4474 succensam,
1698 4428 1781 4480 quam
1809 4411 1887 4469 videt

187 4500 310 4551 solidant
329 4515 358 4549 so
374 4497 425 4549 sub
443 4497 592 4550 arboribus
611 4497 681 4551 Gen.
696 4501 721 4565 3,
739 4515 764 4550 v.
778 4503 800 4552 8.
819 4497 943 4550 sentiunt
960 4513 1022 4568 gra·
1048 4492 1185 4549 ,Ieremias
1217 4512 1279 4566 cap.
1301 4502 1322 4565 1,
1348 4516 1374 4551 v.
1400 4503 1438 4554 13.
1469 4498 1602 4568 primario
1631 4504 1661 4552 et
1682 4498 1887 4569 principaliter

186 4583 314 4637 sissimus
332 4583 517 4636 conscientiae
535 4600 664 4653 angores,
684 4583 784 4653 quibus
805 4584 886 4635 etiam
905 4581 1023 4639 fuissent
1048 4581 1215 4652 temporales
1233 4583 1330 4655 populi
1348 4584 1495 4649 Israelitici
1514 4584 1693 4654 calamitates,
1719 4602 1886 4655 conregnen-

189 4669 314 4740 oppressi
335 4669 407 4723 etin
424 4671 510 4723 imum
528 4677 763 4740 usquetsrtarum
775 4669 941 4738 praecipites
955 4670 1021 4735 dab,
1048 4678 1090 4724 ter
1121 4676 1215 4725 autem
1244 4669 1390 4740 impiorum
1417 4676 1544 4726 aeterum
1571 4687 1675 4742 poenas
1704 4670 1886 4744 praefigurari

188 4755 242 4810 nisi
263 4754 478 4825 benignissimus
498 4753 576 4809 Dens
597 4760 715 4825 paterna
733 4770 815 4808 manu
835 4770 884 4823 per
908 4756 1021 4826 promis·
1049 4761 1176 4810 statuunt
1194 4755 1234 4826 pii
1252 4765 1367 4812 veteres.
1404 4756 1431 4823 9)
1456 4757 1573 4810 Fornace
1593 4757 1666 4826 ignis
1688 4758 1828 4829 ardentis,
1856 4758 1886 4813 in

188 4842 293 4896 sionem
324 4841 462 4895 benedicti
486 4840 598 4895 seminis
624 4855 671 4894 eos
696 4839 796 4895 iterum
823 4841 960 4897 erexisset.
996 4842 1022 4907 2)
1050 4858 1132 4911 quam
1153 4841 1285 4908 Sadrach,
1310 4842 1425 4896 Mesach
1444 4849 1473 4899 et
1492 4843 1646 4915 Abednego
1665 4843 1784 4915 projecti
1814 4844 1885 4901 Dan

192 4929 296 4986 Cainus
315 4934 381 4998 post
398 4926 620 5001 ἀδελφοκτονίαν
641 4925 720 4995 audit
733 4926 854 4980 divinam
873 4927 1022 4982 maledicti·
1050 4933 1074 4995 3,
1091 4946 1115 4983 v.
1136 4933 1178 4983 20.
1195 4934 1295 4998 typum
1314 4927 1427 4983 exhibet
1443 4928 1586 4985 infernalis
1604 4929 1733 4985 incendii.
1760 4929 1885 4985 Uteuim

188 5031 268 5070 onem
295 5012 365 5070 Gen.
383 5021 407 5083 1,
427 5032 454 5067 v.
473 5019 513 5068 11.
541 5029 574 5065 ex
599 5011 792 5081 desperatione
814 5013 968 5084 prorumpit
994 5013 1023 5067 in
1051 5013 1173 5068 Sadracb
1192 5031 1256 5069 cum
1276 5013 1332 5067 suis
1351 5014 1433 5069 sociis
1452 5014 1583 5071 divinitas
1602 5015 1632 5071 in
1650 5032 1682 5071 eo
1697 5023 1885 5080 cameriatus,

188 5097 258 5155 haec
277 5100 376 5156 saba:
393 5099 496 5167 blojor
517 5106 556 5151 est
575 5098 712 5166 iniquitas
731 5117 801 5164 mea,
828 5119 911 5169 quom
931 5108 962 5152 at
979 5117 1023 5152 re·
1050 5100 1089 5155 sic
1107 5101 1147 5170 pii
1176 5101 1205 5154 in
1230 5099 1413 5156 infernalibus
1443 5101 1598 5167 doloribus,
1626 5120 1744 5177 quorum
1771 5112 1885 5175 gustum

188 5189 316 5242 mittatur
340 5204 366 5242 v.
389 5190 429 5242 1³.
457 5184 649 5254 conqueritur,
679 5203 708 5239 se
731 5188 839 5255 ajacis
858 5188 916 5240 Dei
935 5187 1025 5254 abjici
1051 5187 1172 5258 aliquem
1192 5188 1222 5245 iu
1242 5185 1294 5243 hac
1313 5187 1372 5243 vita
1391 5190 1704 5261 quandoquesentiunt,
1726 5190 1820 5248 divino
1833 5190 1883 5247 be-

187 5289 214 5327 r.
237 5280 275 5330 la
300 5290 333 5327 ac
355 5274 439 5340 ponit
459 5272 540 5323 Deus
564 5272 675 5340 inipso
699 5273 808 5340 sipnum
836 5290 861 5327 v.
884 5280 922 5330 15.
950 5273 1022 5344 quod
1050 5272 1148 5327 neficio
1167 5279 1371 5338 sustentantem
1386 5275 1435 5331 sed
1452 5282 1484 5330 ut
1502 5276 1583 5344 siros,
1611 5276 1660 5347 qui
1678 5293 1726 5332 aas
1745 5277 1774 5331 in
1792 5277 1883 5334 forna·

188 5360 315 5430 plerique
334 5358 499 5427 interpretes
520 5356 554 5411 de
576 5358 669 5413 subita
687 5360 908 5415 consternatione
929 5364 957 5413 et
971 5366 1023 5415 tre·
1050 5376 1109 5415 cem
1128 5361 1309 5431 proJecerant
1329 5363 1474 5427 interfecit
1485 5363 1604 5439 flamma
1623 5360 1705 5432 mnis,
1728 5363 1770 5419 sic
1788 5380 1882 5425 amnes

188 5462 263 5503 more
283 5460 376 5500 coram
392 5443 454 5498 aliis
472 5444 628 5501 hominibus
649 5463 683 5501 ex
696 5446 815 5519 magnis
841 5445 1024 5503 conscientiae
1049 5446 1156 5519 impios,
1179 5448 1338 5521 cumprimis
1355 5449 1490 5506 ecclesiam
1507 5454 1712 5521 perecutores,
1732 5450 1883 5517 ,infernalis
