4050 6014
777 297 828 353 DE
846 297 942 353 VITA
963 293 1151 352 AETERNA.
1766 301 1827 359 889

128 460 155 516 2)
191 454 246 510 Sed
279 471 334 509 non
367 454 544 510 concedimus
574 455 747 519 adversario,
789 454 966 524 participium
994 451 1073 522 tyris.
1104 450 1133 506 Si
1146 451 1272 505 doctores
1290 449 1424 504 ecclesiae
1441 449 1531 520 magis
1551 447 1732 503 confirmandi
1752 448 1830 503 fuere

128 524 302 615 &bibiti-iffi
327 540 380 595 hoc
404 541 465 596 loco
489 541 593 596 habere
618 543 799 595 transitivum
824 540 967 609 1191111111-
995 554 1078 608 quam
1091 537 1184 602 ceteri,
1203 552 1270 606 ergo
1289 553 1344 589 non
1364 534 1503 590 communi
1522 534 1571 588 sed
1592 533 1726 603 peculiari
1746 550 1829 604 argu·

130 628 250 692 tionem,
272 643 367 681 verum
387 626 521 694 dicimus,
539 626 605 696 poni
623 627 791 679 neutraliter
811 633 837 678 st
855 625 967 678 intran-
994 629 1086 678 mento
1111 631 1140 678 et
1163 622 1286 692 praemio
1312 621 1389 675 fuere
1413 619 1602 675 confirmandi.
1646 618 1676 671 Si
1700 619 1763 689 quis
1781 618 1829 672 ob-

128 714 226 775 sitiee,
247 718 279 766 ut
297 712 437 782 significet
456 713 567 778 doctos,
586 711 788 782 intelligentes,
807 712 968 765 informatos
994 715 1099 778 vertat,
1125 710 1300 762 insecundo
1328 708 1398 767 dieti
1418 707 1582 775 prophetici
1604 706 1726 758 membra
1751 707 1832 774 apud

128 797 156 852 in
176 815 244 854 vera
262 799 436 869 religioneet
452 799 563 868 pietate,
583 799 631 868 qui
648 800 721 852 viam
735 797 789 851 Dei
803 805 877 852 recte
895 795 966 849 didi·
993 797 1076 850 LXX
1108 797 1272 864 interpretes
1305 796 1347 846 sic
1372 794 1430 862 leci
1458 791 1517 847 inb
1545 796 1601 847 rain
1630 794 1748 846 deantur
1772 795 1830 846 rar

128 891 241 952 cerunt,
267 901 301 938 ac
318 885 435 954 proinde
453 902 601 955 negamus,
625 885 780 952 subjectum
801 883 828 936 in
848 890 967 951 utroque
995 883 1120 947 πολλῶν,
1150 899 1183 934 ea
1209 898 1263 950 quo
1288 882 1408 948 subjecti
1432 880 1568 931 identitas
1597 878 1697 944 collini
1722 879 1830 946 possit,-

129 970 197 1025 dicti
209 970 366 1040 prophetici
379 970 501 1024 membro
514 986 573 1023 esse
588 970 669 1023 idem.
700 968 855 1022 Probamus
872 973 965 1021 autem
995 968 1202 1037 respondemus,
1218 966 1307 1022 fontes
1325 965 1480 1020 llebraicae
1491 964 1615 1018 veritatis
1634 979 1694 1016 esse
1712 963 1828 1017 authen-

128 1053 202 1111 bsnc
212 1061 335 1111 uacuam
349 1056 603 1125 interpretationem
617 1057 704 1125 primo
715 1071 748 1108 ea
761 1073 813 1107 usu
832 1054 968 1122 loquendi
994 1056 1071 1120 ticos,
1090 1055 1129 1108 illi
1150 1071 1215 1108 vero
1231 1052 1270 1106 sic
1289 1051 1394 1105 habent
1409 1051 1514 1123 ῠᾞη
1530 1050 1830 1122 ’11711111111111111111

128 1142 303 1210 prophetica.
341 1141 497 1212 Aliquoties
516 1140 567 1194 hoc
584 1141 730 1210 participio
748 1140 837 1194 utitur
856 1137 967 1205 Daniel,
995 1141 1171 1207 1111111101)
1191 1138 1272 1205 adde,
1290 1136 1364 1208 quod
1385 1136 1523 1206 quaedam
1543 1132 1831 1203 exemplarisGraeca

128 1233 227 1297 utpote
252 1244 312 1296 cap.
336 1235 358 1293 1,
380 1245 406 1284 v.
426 1234 450 1284 t.
474 1244 536 1297 cap.
557 1235 602 1295 11,
626 1246 652 1282 v.
672 1232 714 1282 ³3.
735 1233 763 1281 et
784 1232 826 1281 35.
844 1242 903 1294 cap.
926 1229 966 1292 12,
995 1228 1090 1297 legant
1101 1228 1158 1280 reis
1170 1221 1362 1289 δικαιούντων,
1381 1222 1455 1290 quod
1470 1220 1599 1290 congruit
1617 1236 1679 1273 cum
1690 1219 1828 1284 Hebraeo,

129 1330 155 1367 v.
180 1319 220 1370 10.
241 1314 370 1383 nuspiam
384 1314 492 1368 veroin
504 1315 597 1367 activa
613 1331 646 1366 ac
665 1315 822 1377 transitiva,
840 1311 889 1363 sed
906 1327 967 1379 per·
994 1312 1131 1383 quaedam
1145 1316 1173 1365 al
1185 1314 1285 1364 nollet
1300 1313 1355 1364 τῶν
1375 1312 1498 1372 δικαίων,
1519 1306 1593 1377 quod
1607 1312 1729 1359 nostram
1744 1305 1829 1359 mani·

129 1405 214 1469 petuo
230 1399 259 1453 in
277 1400 405 1453 nerdrali
419 1409 445 1454 et
459 1402 642 1453 intransitiva
653 1398 864 1469 significatione,
884 1412 967 1453 eccur
994 1400 1064 1454 feste
1082 1396 1225 1452 confirmat
1243 1395 1415 1448 sententiam.

130 1484 217 1556 igitur
235 1485 287 1539 boe
305 1485 406 1540 inloco
417 1485 455 1539 ab
469 1485 517 1539 illa
529 1485 644 1539 velimus
657 1483 820 1538 discedere?
838 1482 966 1537 Secundo
1030 1489 1085 1539 122.
1125 1488 1150 1538 2.
1168 1480 1315 1549 Exceptio:
1357 1481 1419 1533 Una
1438 1481 1590 1546 eademque
1607 1477 1704 1544 cloria
1720 1477 1821 1532 iisdem

130 1574 298 1627 taceremne
307 1570 392 1626 LXX
402 1573 591 1639 interpretum,
607 1571 655 1642 qui
670 1576 813 1624 verterunt
821 1574 849 1624 ol
859 1572 965 1624 aerdu-
988 1574 1133 1640 memissa
1152 1571 1310 1639 explicatur
1330 1573 1442 1640 duplici
1459 1574 1646 1627 similitudine
1665 1571 1827 1642 splendoris

130 1677 181 1722 τες,
194 1663 223 1712 ct
237 1658 347 1724 Latina
365 1673 436 1728 quse
455 1657 575 1711 reddidit
595 1659 644 1725 qui
655 1666 748 1709 autern
759 1655 965 1721 doctifuerint.
994 1659 1163 1720 firnramcnti
1181 1666 1207 1710 et
1224 1659 1380 1727 stellarum,
1399 1677 1450 1712 nec
1467 1662 1541 1713 enim
1560 1661 1750 1728 inaequalitas
1769 1660 1829 1728 pla·

126 1743 226 1799 Tertio
251 1762 284 1799 ea
309 1745 472 1798 1111111111
494 1743 670 1812 praedicati.
712 1742 769 1798 Ubi
789 1749 831 1795 est
851 1739 967 1794 mutatio
995 1745 1057 1798 riae
1078 1742 1244 1811 aequalibus
1258 1747 1390 1812 competit
1409 1763 1557 1814 saeorum,
1576 1748 1626 1814 qui
1636 1747 1830 1811 affirmantem

129 1830 293 1901 praedicati,
313 1847 368 1884 non
386 1835 493 1884 tantum
510 1830 603 1900 quoad
615 1829 709 1896 verba,
728 1828 777 1881 sed
797 1827 881 1880 etiam
901 1842 968 1895 quo·
996 1831 1169 1898 pacationis
1179 1839 1293 1899 partem
1305 1833 1514 1900 amplectuntur
1532 1833 1686 1903 hypothesi.
1706 1832 1832 1902 Respon-

129 1917 167 1972 ed
189 1933 247 1971 rem
266 1916 364 1985 ipsam,
382 1916 422 1970 ibi
441 1933 553 1986 quoque
571 1914 736 1985 intelligitur
754 1914 830 1967 facta
850 1911 968 1964 mutatio
995 1916 1107 1968 densus:
1137 1918 1161 1982 1)
1179 1915 1239 1971 Nec
1265 1916 1433 1988 subjectum,
1462 1935 1514 1973 nec
1545 1920 1737 1989 praedicatum
1765 1923 1832 1970 sunt

130 2002 260 2072 subjecti.
299 2002 364 2055 dam
385 2018 450 2056 vero
474 2003 502 2054 in
528 2001 614 2055 altero
645 2001 767 2055 membro
797 1998 829 2052 fit
854 1997 968 2050 mutatio
996 2002 1091 2054 eadem
1119 2002 1147 2054 in
1176 2009 1294 2071 utroque
1319 2003 1386 2058 dicti
1414 2004 1571 2074 prophetici
1600 2005 1729 2059 membro.
1772 2005 1832 2057 Alii

129 2089 298 2161 praedicati,
322 2088 389 2159 quia
414 2105 464 2158 pro
487 2089 639 2157 splendore
663 2087 835 2151 firmamenti
856 2084 968 2154 ponitur
996 2088 1068 2141 enim
1084 2093 1149 2141 sunt
1165 2090 1354 2156 intelligentia
1368 2093 1504 2159 praediti,
1523 2090 1552 2143 id
1570 2098 1612 2145 est
1627 2092 1665 2159 pii
1682 2091 1831 2157 auditores,

129 2177 268 2247 splendor
280 2175 437 2242 stellarum,
456 2174 503 2244 qui
522 2175 594 2228 iuter
605 2190 635 2226 se
645 2173 778 2243 gradibus
791 2172 966 2241 distinguun·
995 2173 1042 2226 alii
1067 2191 1131 2227 vero
1155 2174 1313 2242 intelligere
1336 2177 1475 2240 facientes
1500 2185 1526 2229 et
1547 2177 1745 2244 adjectitium
1769 2192 1831 2229 cru·

130 2269 184 2318 tur.
218 2261 294 2331 Ergo
308 2261 391 2314 etiam
404 2278 459 2314 non
479 2265 570 2328 potest
588 2276 648 2314 esse
667 2259 814 2328 utrobique
832 2257 967 2310 identitas
995 2262 1118 2324 11111111,
1140 2259 1167 2313 id
1189 2266 1232 2314 est
1249 2260 1287 2330 pii
1311 2261 1443 2317 doctores.
1472 2262 1553 2317 Alius
1571 2269 1614 2316 est
1627 2263 1765 2330 splendor
1784 2264 1831 2324 fir·

131 2347 259 2416 subjecti.
312 2346 417 2411 Quarto
446 2362 479 2398 ec
507 2347 622 2414 linquae
652 2361 753 2398 sacrae
780 2343 967 2411 proprietate.
995 2347 1140 2408 momenti,
1162 2347 1234 2400 alius
1258 2348 1395 2415 splendor
1412 2349 1568 2403 stellarum.
1604 2348 1679 2420 Ergo
1696 2366 1751 2402 non
1771 2365 1832 2417 pro·

131 2434 247 2488 Praesto
265 2439 331 2486 sunt
350 2433 486 2500 exempla,
503 2430 569 2485 licet
583 2431 695 2495 rariora,
715 2431 743 2482 in
762 2428 863 2500 quibus
883 2427 969 2482 verba
996 2432 1114 2485 mittitur
1125 2432 1223 2486 iisdem
1235 2449 1292 2486 uns
1310 2434 1463 2503 eademque
1482 2434 1578 2503 gloria.
1610 2439 1637 2498 2)
1658 2434 1831 2488 Conveniam

131 2525 161 2577 et
178 2517 327 2588 participia
345 2517 374 2570 in
391 2517 479 2587 hiphil
492 2525 633 2586 ponuntur
647 2516 828 2571 intransitive.
865 2514 968 2581 Quinto
996 2518 1072 2587 prius
1094 2518 1166 2572 inter
1187 2535 1230 2583 se,
1262 2535 1297 2571 an
1329 2535 1379 2587 per
1405 2519 1580 2587 splendorem
1610 2520 1776 2574 firmamenti
1803 2526 1831 2574 ct

133 2606 314 2660 ecabsurclo.
333 2602 363 2658 Si
375 2621 424 2672 per
439 2588 609 2676 blb'ttbtltt}
632 2602 821 2672 intelligamus
838 2603 968 2653 doctores
995 2604 1136 2657 stellarum
1157 2620 1213 2657 una
1232 2603 1398 2673 eademque,
1425 2621 1462 2657 au
1479 2620 1544 2660 vero
1565 2605 1723 2675 inaequalis
1740 2604 1830 2674 gloria

132 2689 469 2752 circumsonantem
488 2689 579 2742 verbis
597 2687 768 2758 propheticis
788 2692 967 2758 raorcloytu.
995 2689 1174 2759 intelligetur.
1227 2689 1345 2752 Quidam
1375 2689 1447 2744 enim
1479 2706 1511 2743 ex
1540 2689 1711 2744 Celsinianis
1747 2691 1835 2760 prius,

131 2776 205 2832 Nam
226 2775 256 2828 in
280 2774 369 2844 prium
394 2773 517 2828 membro
543 2774 578 2828 de
603 2772 659 2826 illis
679 2772 841 2842 pronuntiat
860 2771 969 2839 Daniel,
996 2775 1110 2846 quidam
1133 2791 1198 2829 vero
1219 2776 1355 2845 posterius
1376 2781 1511 2835 statuunt,
1549 2779 1576 2839 3)
1604 2776 1770 2830 Invertimus
1789 2792 1831 2829 ar·

131 2862 207 2933 quod
223 2862 334 2925 fulsuri
350 2862 407 2913 sint
425 2861 576 2928 splendore
588 2859 765 2926 firmamenti,
785 2858 860 2928 quod
873 2857 968 2912 Pisce·
995 2870 1165 2933 gumentum.
1214 2861 1288 2925 Quia
1315 2861 1422 2931 duplici
1454 2862 1635 2916 similitudine
1659 2879 1676 2916 s
1699 2861 1832 2915 distincto

131 2957 176 3003 tor
199 2947 313 3016 exponit
332 2950 368 2999 ds
387 2947 540 3015 splendore
564 2946 711 2999 stellarum
731 2946 762 2997 in
783 2949 967 3010 firmamento.
996 2936 1161 3002 firmamenti
1184 2963 1218 3001 ac
1242 2947 1383 3001 stellarum
1408 2946 1554 3016 splendore
1575 2948 1663 3018 petita
1688 2946 1831 3002 beatorum

131 3033 221 3104 Atqui
238 3033 312 3086 idem
322 3032 406 3101 plane
418 3033 448 3085 in
462 3032 548 3085 altero
567 3031 690 3085 membro
709 3033 859 3100 repetitur,
878 3031 969 3102 qualis
997 3034 1087 3104 gloria
1112 3033 1281 3101 explicatur,
1309 3032 1372 3087 ideo
1400 3050 1454 3087 non
1482 3039 1575 3102 potest
1600 3050 1656 3087 uns
1679 3033 1832 3102 eademque

132 3121 222 3176 otiosa
247 3120 374 3189 repetitio
399 3123 427 3173 et
451 3114 613 3187 ἐπεξήγησις
631 3117 660 3170 in
678 3117 732 3171 hoc
753 3116 891 3186 propheta
909 3133 969 3187 per·
997 3120 1087 3190 gloria
1108 3120 1205 3173 iisdem
1226 3119 1361 3188 promissa
1381 3117 1509 3189 intelligi

133 3224 217 3277 quam
242 3222 359 3260 nervmo
382 3203 451 3259 alibi
472 3205 519 3257 vix
545 3210 679 3258 aecumst
717 3203 801 3258 Sexto
819 3205 855 3256 ab
875 3205 968 3256 incon·
1034 3211 1089 3261 123.
1128 3212 1152 3260 3.
1172 3205 1320 3275 Exceptio:
1349 3207 1428 3258 Haec
1445 3206 1731 3273 planiacommuniter
1744 3205 1831 3257 omni-

133 3291 259 3347 cenienti.
297 3291 325 3346 si
344 3290 417 3344 enirn
437 3290 471 3343 de
489 3289 649 3342 doctoribus
663 3289 692 3342 in
710 3295 828 3359 unoque
845 3289 969 3344 membro
998 3294 1047 3346 basa
1074 3294 1163 3345 beatis
1188 3292 1324 3344 tribuitur
1350 3309 1369 3343 a
1398 3290 1519 3347 Christo.
1549 3291 1647 3347 Mattb.
1674 3296 1714 3359 1³,
1741 3309 1766 3345 v.
1785 3296 1832 3346 ts:

132 3378 269 3450 propbeta
289 3376 364 3447 agit,
391 3374 600 3429 concedendum
618 3374 688 3437 erit,
715 3373 806 3443 ipsum
833 3375 868 3427 de
895 3382 970 3429 statu
997 3379 1078 3431 Justi
1090 3379 1240 3443 fulpebunt
1259 3386 1290 3429 ut
1309 3379 1352 3430 sol
1371 3379 1400 3429 in
1413 3394 1500 3447 scyno
1513 3378 1611 3430 Patris
1628 3379 1681 3432 sui.
1708 3376 1832 3446 Respon-

132 3465 241 3536 piorum
263 3470 326 3531 post
340 3460 569 3515 resurrectionem
581 3466 711 3530 agentem
724 3459 883 3514 doctoribus
901 3461 969 3513 dun·
997 3465 1107 3518 demus:
1139 3466 1162 3528 1)
1187 3462 1331 3527 Quaedam
1357 3463 1433 3517 dicta
1459 3463 1493 3517 dc
1517 3463 1661 3517 beatorum
1680 3463 1771 3533 gloria
1790 3464 1832 3516 lo-

133 3556 212 3606 taxat
230 3549 288 3602 sive
313 3545 478 3601 docentibus
502 3545 677 3614 splendorem
697 3551 725 3599 et
745 3546 861 3616 gloriam
880 3547 908 3600 in
926 3546 968 3599 fn·
998 3547 1235 3620 01111111ιιτὰπλώς,
1254 3549 1388 3615 absolute,
1408 3549 1544 3618 quaedam
1557 3565 1623 3602 vero
1641 3554 1831 3623 συγκριτικῶς,

133 3643 198 3692 tura
220 3636 278 3688 virs
298 3632 456 3701 assignare,
483 3630 654 3684 discentibus
673 3631 731 3683 sive
749 3631 924 3685 auditoribus
941 3633 969 3685 in
998 3644 1168 3704 comparate.
1191 3634 1327 3688 Absolute
1340 3650 1373 3687 ac
1385 3635 1547 3703 simpliciter
1559 3634 1697 3704 loquendo
1710 3635 1833 3689 omnium

133 3723 180 3777 via
202 3720 314 3776 Domini
344 3726 418 3773 recte
446 3717 580 3771 institutis
608 3716 677 3770 nihil
710 3716 865 3786 splendoris
888 3718 969 3772 relin·
998 3721 1141 3774 beatorum
1165 3719 1253 3789 gloria
1277 3719 1344 3773 solis
1371 3720 1457 3772 radiis
1481 3721 1534 3774 erit
1550 3717 1735 3789 splendidior,
1760 3737 1833 3774 com·

134 3824 226 3880 quere.
263 3804 380 3875 Regerit
397 3802 512 3871 Martyr,
540 3803 690 3856 Danielem
705 3813 859 3872 propterea
873 3806 970 3872 potius
997 3814 1094 3876 parate
1117 3811 1211 3860 autem
1233 3804 1372 3874 loquendo
1398 3805 1511 3874 quidam
1531 3805 1607 3859 beati
1625 3805 1774 3876 fulgebunt
1792 3808 1833 3858 in-

132 3894 255 3948 coluisse
287 3891 445 3943 docentium
474 3889 640 3941 mentionem
660 3890 779 3953 facere,
814 3893 892 3958 arrad
922 3893 972 3944 isti
997 3902 1057 3945 star
1074 3893 1256 3957 firmamenti,
1283 3890 1397 3959 quidam
1422 3891 1515 3942 instar
1543 3892 1698 3945 stellarum.
1739 3892 1766 3959 2)
1786 3891 1833 3946 Sic

135 3979 227 4049 magis
239 3977 427 4039 confirmandi
439 3981 535 4033 1111111,
551 3974 684 4042 quoniam
695 3975 763 4042 plus
781 3994 865 4045 arsam
883 3980 971 4030 ceteri
996 3978 1093 4032 Esaias
1112 3978 1274 4048 pronuntiat
1286 3992 1347 4045 cap.
1364 3980 1405 4045 to,
1423 3993 1448 4031 v.
1463 3981 1503 4031 26.
1524 3978 1614 4031 lucem
1633 3978 1719 4032 lunae
1735 3979 1765 4029 in
1785 3979 1833 4030 die

130 4063 375 4135 persecutionibus
401 4068 489 4114 essem
511 4061 632 4129 sepositi
639 4099 646 4126 ,
669 4061 789 4131 ideoque
813 4064 897 4114 etiarn
921 4081 970 4131 ps·
996 4066 1146 4118 canusima
1163 4066 1312 4132 futuram,
1341 4063 1414 4116 sicut
1436 4072 1476 4118 est
1499 4064 1548 4118 1111
1570 4064 1653 4130 calm,
1681 4082 1715 4116 ac
1744 4064 1833 4116 liccem
1907 4103 1909 4108 ,

134 4151 241 4206 miliari
259 4148 451 4202 consolatione
474 4162 545 4214 opus
562 4147 717 4201 habuerint.
756 4146 814 4201 Nos
837 4149 970 4203 1111111111-
997 4152 1066 4203 solis
1088 4149 1218 4219 septupla
1244 4150 1446 4218 frdpcutiorem
1466 4152 1610 4216 futuram,
1634 4148 1722 4203 nibllo
1740 4156 1833 4203 tamen

134 4238 185 4292 riti
203 4233 397 4303 concedimus,
425 4231 461 4286 ob
490 4249 603 4287 causam
632 4233 785 4302 expositam
812 4235 970 4290 docentium
997 4236 1087 4290 minus
1111 4233 1216 4289 Paulus
1245 4240 1266 4288 1.
1287 4234 1348 4288 (lor.
1376 4240 1415 4299 15,
1438 4252 1462 4287 v.
1482 4241 1525 4291 41.
1545 4235 1659 4295 asserit,
1678 4236 1750 4287 sicia
1770 4236 1832 4289 alia
1901 4269 1903 4273 π

134 4322 284 4393 specialem
304 4319 391 4374 fuisse
403 4319 570 4373 mentionem
583 4317 695 4386 factam,
715 4320 762 4373 sed
782 4320 827 4389 pie
848 4323 970 4377 eruditos
998 4332 1038 4376 cst
1055 4323 1174 4376 claritas
1192 4320 1276 4384 11111,
1295 4322 1356 4373 alia
1376 4322 1477 4385 lunae,
1496 4329 1522 4373 et
1538 4322 1612 4374 sicut
1631 4321 1716 4375 stella
1735 4322 1833 4390 differt

136 4415 164 4464 et
189 4407 350 4462 informatos
376 4406 487 4475 penitus
518 4420 578 4458 esse
607 4406 815 4475 praetermissos
841 4423 896 4459 non
922 4408 970 4462 ad·
998 4425 1016 4460 a
1034 4408 1116 4462 stella
1134 4409 1165 4460 in
1183 4407 1328 4473 claritate,
1354 4408 1394 4458 itu
1419 4422 1527 4474 queam
1544 4405 1673 4470 futurum
1693 4407 1723 4458 in
1738 4423 1832 4459 resur·

135 4495 286 4557 mittimus,
315 4509 378 4546 cum
403 4491 513 4562 utrique
539 4490 777 4559 persecutionibus
796 4492 970 4561 Antichristi,
996 4496 1121 4548 rectaene
1150 4502 1329 4546 mortuarum.
1374 4491 1447 4544 lllud
1476 4490 1668 4560 accipiendum
1697 4493 1832 4559 absolute,

135 4580 238 4650 cuibus
263 4578 401 4648 propheta
424 4576 495 4630 bane
521 4578 738 4631 consolationem
764 4580 888 4648 opponit,
915 4580 971 4633 sint
997 4580 1050 4634 hoc
1073 4596 1140 4634 vero
1163 4585 1333 4646 comparate.
1375 4575 1443 4629 Phil.
1463 4581 1494 4646 2,
1518 4594 1542 4630 r.
1565 4582 1604 4632 15.
1630 4578 1669 4646 pii
1695 4579 1777 4633 etiam
1805 4580 1834 4632 in

135 4665 260 4735 expositi,
278 4664 440 4734 praesertim
459 4680 521 4716 cum
540 4664 706 4730 praedicati
717 4665 868 4717 diversitas
887 4666 970 4720 etiam
998 4666 1050 4719 hee
1077 4665 1136 4719 vita
1162 4663 1292 4718 dicuntur
1316 4663 1409 4715 lucere
1434 4669 1464 4712 us
1487 4662 1643 4715 luminaria
1666 4665 1697 4717 in
1720 4666 1834 4728 mundo,

134 4751 255 4821 subjecti
285 4751 477 4803 diversitatem
508 4748 684 4802 statuendam
708 4749 841 4818 requirat.
891 4750 970 4814 Quod
999 4753 1073 4821 quod
1091 4758 1185 4804 tamen
1202 4766 1257 4802 non
1276 4747 1309 4801 111
1326 4747 1478 4818 aequaliter
1492 4746 1529 4801 ab
1548 4748 1686 4804 omnibus.
1725 4753 1749 4815 3)
1767 4749 1833 4813 Qui·

74 4841 123 4886 111.
135 4837 210 4893 enim
224 4836 352 4890 Piscator
373 4834 491 4888 eundem
509 4850 565 4886 non
586 4833 675 4887 solum
693 4837 798 4902 speeie,
821 4836 869 4889 sed
889 4838 970 4891 etiam
999 4838 1063 4890 dam
1085 4836 1202 4901 addunt,
1221 4836 1251 4887 iu
1270 4835 1360 4905 ipsiius
1380 4834 1451 4887 solis
1469 4835 1621 4903 splendore
1645 4837 1837 4889 animaduerti

134 4923 274 4993 gradihus
284 4921 459 4992 splendorem
470 4919 589 4974 coeloac
603 4919 690 4974 stellis
699 4920 805 4983 tribuit,
820 4922 889 4977 ineo
898 4924 972 4992 prin·
1000 4923 1121 4991 aliqood
1129 4921 1288 4985 discrimen,
1302 4936 1363 4972 nam
1376 4919 1405 4971 in
1414 4922 1533 4972 meridie
1542 4921 1579 4973 sit
1591 4920 1700 4973 clarior
1709 4929 1835 4989 respectu

136 5008 216 5080 cipiis
230 5008 387 5062 sincerioris
403 5005 586 5059 astronomiae
603 5012 631 5059 et
649 5006 702 5075 ipsi
717 5006 860 5062 oculorum
880 5012 972 5065 sensui
1000 5010 1092 5062 nostri
1110 5025 1193 5076 msam
1212 5022 1295 5059 mane
1311 5007 1354 5059 cel
1372 5008 1490 5076 uesperi,
1508 5008 1613 5059 aestiua
1633 5014 1754 5075 ternpore
1772 5010 1834 5076 effi-

136 5094 307 5151 contradicit
321 5094 432 5158 Quanto
441 5092 543 5147 rectius
554 5091 739 5162 Hieronymus
749 5110 890 5164 exponens
900 5096 973 5151 hunc
999 5095 1095 5149 1111101·
1104 5110 1187 5162 quam
1197 5093 1319 5146 hiberno.
1342 5095 1369 5156 t)
1378 5091 1497 5155 Quidam
1506 5095 1682 5162 respondent,
1694 5093 1835 5147 Christum

135 5181 228 5236 locum
238 5178 363 5234 Danielis
372 5178 409 5232 ad
419 5178 616 5249 quaestionem,
633 5181 705 5231 Num
718 5187 832 5232 sanctus
843 5183 935 5233 idiota
947 5192 973 5235 et
1001 5180 1080 5249 lopui
1105 5196 1160 5232 non
1190 5182 1224 5231 de
1248 5179 1378 5246 praemio
1404 5179 1578 5232 accidentali
1603 5181 1656 5232 sad
1683 5181 1835 5250 essentiali,

137 5275 251 5321 sanctus
274 5266 404 5319 eruditus
431 5266 549 5317 eandem
577 5265 607 5316 in
631 5264 690 5317 uita
715 5274 830 5318 octana
852 5267 973 5335 pieriam
1001 5283 1056 5319 non
1072 5265 1146 5318 illius
1167 5265 1214 5318 sed
1235 5263 1320 5333 hujus
1343 5264 1478 5317 duntaxat
1496 5269 1623 5333 respectu
1641 5268 1732 5336 justos
1748 5266 1837 5319 instar

139 5353 265 5407 habituri
282 5352 361 5404 nnat
378 5349 538 5419 responderi
558 5365 639 5418 posse
657 5351 764 5417 asserit,
782 5352 973 5420 1111111110-
1001 5352 1067 5405 solis
1083 5351 1139 5405 diei
1159 5351 1284 5405 fulsurus.
1314 5353 1339 5415 5)
1359 5350 1478 5414 Quidam
1487 5357 1608 5414 monent,
1616 5353 1837 5420 propositionem

139 5439 260 5496 dotionis
286 5438 453 5502 versionem,
487 5455 572 5490 sinum
598 5440 670 5503 fore
703 5446 733 5489 ut
761 5440 973 5506 firmamentum,
1003 5438 1111 5492 Christi
1118 5453 1177 5489 esse
1189 5437 1364 5498 indefinitam
1376 5436 1436 5488 sine
1448 5438 1529 5504 sinna
1541 5438 1697 5492 uniuersali
1704 5439 1835 5507 positam.

140 5526 261 5581 alterum
282 5534 314 5580 ut
332 5525 440 5578 stellas.
471 5522 638 5578 Invertimus
656 5523 740 5578 etiam
759 5523 974 5579 isarnaeublar·
1001 5528 1028 5592 6)
1048 5523 1167 5588 Quidam
1187 5522 1303 5589 addunt,
1317 5522 1492 5591 particulam
1511 5524 1584 5577 sieut
1603 5525 1745 5578 multicia
1765 5525 1955 5588 1011111111,
