4050 6014
268 337 306 395 72
920 322 1151 383 mortuus
1169 323 1334 383 ‘ruamus

268 485 314 539 nis
332 486 392 549 fuit
411 484 535 553 inflatus.
560 482 650 537 Senem
670 482 790 535 bonsinia
808 479 882 533 dicit
899 479 1023 534 animam
1043 496 1106 533 con·
1134 480 1294 549 generalem
1320 486 1346 533 et
1370 480 1537 549 specialem,
1564 477 1783 546 conjecturalem
1808 483 1836 533 et
1860 483 1979 543 certam,

226 567 243 594 ⁰
269 570 423 635 turbatam,
449 585 532 623 sensu
549 567 670 622 bominis
691 565 806 620 muniuit
829 572 855 618 et
876 565 1001 632 reponit,
1026 581 1109 618 amru
1133 565 1281 628 consumam
1305 572 1330 618 et
1354 564 1526 619 distinctam.
1561 565 1587 630 9)
1613 561 1685 626 Quia
1710 560 1788 616 Deus
1810 560 1978 635 justissimis

270 655 391 710 bominis
413 654 549 727 profecit.
585 656 671 710 Item:
704 653 856 717 Profectus
874 650 977 705 aetats's
999 657 1026 704 et
1041 667 1109 720 pro·
1134 647 1289 705 rationibus
1306 655 1449 719 permotus
1469 649 1544 704 huno
1564 646 1638 702 diem
1655 647 1736 703 nobis
1753 646 1899 704 occultum
1918 660 1979 701 esse

268 745 362 806 fectus
383 739 540 812 sapientiae
557 756 614 793 non
632 738 756 805 divinae,
771 738 824 792 sed
839 736 977 790 humanae
988 742 1110 789 naturae
1134 735 1236 800 voluit,
1263 751 1330 806 ergo
1351 741 1448 791 exacta
1465 733 1598 805 temporis
1617 732 1719 789 nautia
1733 748 1791 789 non
1814 731 1872 787 fuit
1895 731 1979 788 nobis

272 833 321 880 est.
356 825 548 881 Damascenns
574 822 637 878 libr.
666 827 689 880 3.
717 822 752 877 de
780 820 923 877 orthodox.
952 818 998 875 fid.
1018 836 1042 875 c.
1059 823 1108 874 21:
1135 820 1299 885 nmessaria,
1318 820 1372 875 imo
1390 835 1442 876 nec
1458 819 1545 888 utilis,
1564 817 1631 889 quin
1642 818 1736 889 potius
1747 816 1889 891 ignoratio
1903 816 1979 873 illius

272 912 409 965 Humano
426 917 530 964 aalma
547 907 773 962 substantialiter
792 925 848 961 non
869 906 973 961 obtinet
996 906 1107 972 futuro·
1135 907 1217 961 nobie
1233 905 1310 961 utilis
1328 904 1391 971 init,
1410 904 1541 960 nimirum
1561 910 1594 960 nt
1611 903 1641 959 iu
1661 909 1796 975 perpetuo
1807 902 1979 958 Deitimore

272 1014 335 1050 reem
361 996 561 1064 copnitionem,
587 994 708 1048 Domini
731 1000 822 1047 nutem
846 993 961 1046 animae
989 998 1110 1060 propter
1135 989 1304 1063 viveremus3
1332 991 1396 1045 ideo
1414 991 1487 1044 enim
1506 991 1575 1045 latet
1594 990 1656 1045 dies
1674 1007 1753 1058 renue,
1777 996 1809 1043 ut
1828 989 1980 1044 chemen-

273 1083 365 1151 lpsum
385 1082 425 1135 ad
448 1081 561 1134 uerbum
584 1080 714 1132 unionem
737 1086 762 1133 et
782 1078 986 1148 hypostaticam
1009 1076 1109 1130 identi-
1136 1083 1184 1130 tur
1206 1092 1314 1143 omnes,
1336 1091 1389 1131 uec
1412 1075 1569 1131 securitatis
1592 1074 1732 1147 pulvinari
1755 1074 1980 1131 indormiremus.

273 1174 358 1221 tatem
377 1167 456 1221 dives
466 1167 555 1232 sucta
573 1173 614 1219 est
631 1183 692 1218 cum
712 1165 831 1234 reliquis
850 1165 938 1233 sionis
956 1163 1041 1218 etiam
1061 1162 1110 1225 fu·
1136 1160 1261 1217 Hilarius
1277 1161 1323 1218 lib.
1344 1167 1369 1218 9.
1397 1161 1432 1216 de
1448 1161 1584 1217 'ibinitate
1600 1178 1627 1232 p.
1648 1167 1709 1220 let:
1740 1160 1893 1232 Ipnorutio
1923 1177 1982 1215 aon

274 1260 403 1307 tororum
431 1251 600 1320 repositione,
636 1251 712 1306 unde
745 1249 922 1335 Maldpnatus
951 1250 980 1302 in
1010 1264 1109 1303 comm.
1136 1249 1177 1300 ad
1197 1262 1322 1302 emerem
1339 1248 1398 1312 fuit
1411 1248 1582 1315 neeesnmia,
1599 1249 1652 1302 sed
1668 1249 1709 1301 ad
1723 1247 1980 1318 perseuerantiam.

274 1335 374 1392 Mattb.
393 1341 433 1391 st.
456 1336 574 1401 fatetur,
598 1336 707 1405 aliquot
725 1344 832 1390 veteres
850 1336 923 1389 buno
942 1336 1110 1403 interpreta-
1136 1334 1196 1386 Nec
1215 1340 1343 1402 nepotum
1359 1333 1393 1387 id
1412 1334 1512 1389 estad
1530 1333 1736 1398 detrimentum,
1764 1333 1843 1402 quod
1860 1333 1980 1401 ipnore

275 1423 376 1478 monem
397 1422 538 1490 amplecti.
575 1420 717 1492 Qu‘dquid
733 1422 778 1486 sit,
796 1421 849 1476 hoe
867 1437 900 1476 ex
920 1419 1013 1474 verbis
1031 1416 1112 1472 Chri·
1137 1427 1194 1483 tum
1214 1420 1312 1473 tribuit
1331 1420 1542 1488 incrementum,
1564 1434 1600 1472 ne
1618 1419 1752 1474 scientiae
1771 1419 1916 1474 securitas
1935 1435 1983 1472 ue-

276 1508 312 1562 sti
331 1505 524 1576 manifestum,
548 1523 586 1579 qu
649 1505 776 1562 coelmtie
795 1506 880 1561 Pater
902 1510 1029 1559 exactam
1057 1501 1112 1558 diei
1136 1505 1299 1573 plipentinm
1325 1506 1402 1574 fidoi
1428 1505 1626 1559 dissimulatae
1653 1522 1710 1559 non
1737 1513 1894 1575 muana,
1929 1506 1985 1560 sed

277 1592 350 1646 illius
369 1592 495 1648 notitiam
519 1591 678 1648 hominibus
701 1591 820 1648 voluerit
845 1590 1025 1662 denegatam,
1045 1603 1113 1643 suae
1135 1591 1386 1660 praeparationem
1415 1591 1590 1645 irremissam
1624 1591 1795 1660 exspectatio
1826 1590 1982 1659 indefinita

276 1691 342 1732 vero
360 1677 493 1733 scientiae
512 1678 563 1733 soli
581 1678 721 1745 relictam,
744 1677 820 1748 quod
836 1676 994 1746 expendens
1013 1673 1111 1745 Angu-
1138 1675 1279 1730 retineret.
1306 1674 1408 1731 uenter
1426 1675 1546 1732 eundem
1564 1692 1660 1732 canon.
1675 1680 1716 1732 23.
1738 1675 1767 1730 iu
1782 1672 1883 1732 Matth.
1914 1677 1982 1730 Am·

277 1762 367 1819 stinus
393 1763 511 1835 epistola
538 1769 580 1821 ta.
608 1764 644 1819 ad
669 1761 845 1834 Hesychium
872 1767 901 1818 et
915 1794 917 1799 -
931 1760 960 1814 in
992 1764 1113 1815 emanat.
1139 1760 1247 1815 brosiue
1263 1760 1310 1816 lib.
1331 1768 1355 1816 5.
1373 1761 1408 1816 de
1427 1760 1472 1815 tid.
1492 1777 1515 1820 c.
1535 1767 1562 1821 8:
1594 1762 1683 1818 Nobis
1700 1763 1776 1816 seire
1792 1778 1849 1817 non
1871 1762 1983 1832 prode·

278 1848 380 1904 Psalm.
399 1854 423 1906 b.
461 1851 532 1919 Epo,
549 1849 650 1921 inquit,
675 1851 710 1904 de
730 1848 894 1904 Seroatorie
909 1848 1040 1911 aduentu,
1065 1843 1115 1913 qui
1139 1853 1194 1914 rat,
1212 1852 1243 1898 ut
1262 1842 1329 1900 du'm
1348 1855 1425 1900 certo
1440 1848 1537 1912 futuri
1554 1847 1660 1915 iudicii
1678 1855 1817 1901 momentu
1830 1847 1983 1915 neminum

279 1943 457 2004 enapeotatur
477 1936 505 1988 in
524 1937 588 2004 tine,
607 1944 735 2004 temporo
754 1935 934 1989 dinumerare
945 1948 1002 1985 non
1013 1931 1114 1998 audeo,
1138 1946 1249 2000 semper
1267 1939 1400 2001 mnquam
1417 1932 1447 1986 in
1467 1933 1590 1987 smaltis
1607 1933 1751 1987 emsdtuti
1768 1941 1794 1987 et
1808 1934 1839 1986 in
1852 1933 1982 2002 qondam

279 2037 327 2073 neo
347 2020 469 2089 aliquem
486 2022 656 2092 proplietam
680 2022 715 2074 de
733 2020 786 2073 hac
802 2034 833 2072 re
859 2033 1002 2073 numerem
1028 2032 1114 2070 anao-
1140 2017 1252 2070 strenis
1278 2018 1394 2087 specula
1423 2019 1555 2073 collocati
1578 2019 1723 2089 peccandi
1751 2018 1982 2073 eomuetudinem

280 2123 341 2158 rum
367 2107 494 2160 enmtlmo
518 2105 725 2175 praefinioisse.
767 2104 849 2168 Quod
881 2119 948 2174 erpo
974 2101 1116 2156 Dominus
1141 2101 1326 2171 declinemus,
1354 2120 1388 2157 ne
1413 2121 1465 2158 noe
1480 2104 1556 2158 inter
1573 2105 1644 2158 uitia
1662 2106 1724 2159 dies
1741 2104 1864 2159 Domini
1878 2105 1983 2172 depre-

279 2207 330 2244 nos
350 2191 425 2244 seire
442 2191 546 2259 noluit,
570 2191 687 2244 libenter
711 2190 875 2245 nesciamus.
911 2189 977 2242 Non
999 2194 1114 2257 appete
1141 2187 1254 2250 bendat,
1279 2205 1334 2242 nen
1352 2190 1425 2243 enim
1438 2192 1558 2261 prodest
1573 2191 1655 2258 scire,
1679 2192 1732 2245 sed
1748 2197 1876 2253 meuses,
1901 2191 1984 2259 quod

280 2292 341 2329 mus
356 2276 457 2329 babere
476 2276 624 2345 copnitum,
645 2278 722 2344 quod
740 2277 821 2330 Deus
840 2274 929 2329 uoluit
948 2290 1006 2329 esse
1025 2287 1115 2327 secre-
1139 2273 1269 2338 futurum
1290 2282 1339 2328 eet.
1361 2273 1537 2345 Augustinus
1555 2275 1673 2346 epistola
1691 2274 1787 2332 811.ιά
1805 2274 1982 2346 Hesychinm

281 2371 346 2430 tum,
367 2365 399 2416 ut
416 2360 539 2431 loquitur
553 2361 674 2433 Prosper
697 2367 718 2417 1.
740 2361 775 2416 de
795 2360 939 2416 vocatione
958 2366 1034 2430 gent.
1054 2374 1077 2413 c.
1091 2362 1115 2412 8.
1141 2356 1193 2413 col.
1215 2363 1263 2415 35:
1290 2360 1372 2414 Deus
1389 2361 1480 2415 noluit
1497 2362 1676 2430 praedicari,
1696 2362 1774 2430 quod
1791 2360 1907 2415 uidebat
1925 2376 1982 2414 son

281 2445 406 2502 Isidorus
425 2447 472 2504 lib.
494 2453 517 2504 1.
542 2448 702 2505 desummo
725 2447 799 2504 bono
823 2464 846 2502 c
865 2452 907 2503 30.
930 2445 984 2501 hnc
1010 2458 1115 2501 accom-
1140 2443 1248 2499 utiliter
1267 2446 1345 2502 sciri.
1368 2446 1453 2502 Item:
1471 2446 1584 2509 Certum
1604 2455 1643 2502 est
1661 2456 1767 2518 tempus
1785 2462 1887 2501 carere
1905 2463 1984 2500 com-

281 2531 376 2587 modat
402 2533 507 2591 dictum
533 2533 724 2605 propheticum
749 2531 848 2588 &aiae
867 2537 910 2599 63,
930 2545 960 2587 ι.
981 2537 1011 2588 ιι
1044 2530 1116 2584 Dies
1139 2537 1216 2600 puto,
1234 2533 1312 2600 quod
1330 2530 1512 2586 breviandum
1531 2541 1572 2586 cst
1589 2551 1608 2585 a
1627 2534 1759 2601 Domino,
1780 2533 1832 2601 qui
1849 2541 1982 2600 tempora

282 2617 399 2673 ultionis
435 2620 465 2675 in
511 2623 596 2676 corde
637 2638 704 2676 meo.
756 2618 907 2675 Durandua
939 2624 964 2674 4.
997 2622 1115 2673 sentent.
1142 2617 1291 2670 constituit.
1319 2614 1471 2688 Gregorius
1489 2617 1584 2675 homil.
1595 2623 1633 2674 13.
1653 2618 1682 2672 in
1701 2618 1841 2690 evangel:
1866 2618 1984 2671 Horam

282 2703 637 2776 distinct.tr.qunest.1:
671 2707 792 2775 Tempus
817 2705 1004 2772 iudiciimon
1024 2707 1117 2773 potest
1143 2702 1271 2758 ultimum
1291 2703 1431 2757 Dominus
1450 2711 1543 2757 nosmr
1566 2704 1646 2758 nobis
1668 2705 1779 2758 istcirco
1804 2703 1895 2759 uoluit
1922 2717 1984 2757 esse

283 2809 341 2847 cese
359 2791 449 2846 alicui
464 2799 558 2845 notum
575 2808 628 2860 per
649 2791 856 2860 certitudinem,
879 2806 941 2844 eum
960 2790 1117 2862 dependeat
1143 2788 1323 2856 incaenium,
1342 2797 1373 2842 ut
1390 2804 1500 2858 suuper
1518 2790 1610 2858 possit
1629 2807 1688 2845 esse
1706 2798 1845 2860 ausperto,
1864 2796 1897 2843 ut
1916 2790 1986 2842 darm

284 2893 317 2932 en
336 2895 415 2931 mera
435 2876 495 2930 Dci
511 2877 670 2944 uoluntate,
692 2878 728 2930 de
745 2875 826 2944 cqp'us
844 2876 1022 2946 cupressinae
1041 2874 1117 2931 Seri·
1142 2875 1226 2930 illam
1240 2876 1413 2944 praecidere
1425 2893 1480 2931 non
1494 2893 1655 2946 possumus,
1674 2879 1716 2930 ad
1729 2878 1811 2932 illum
1822 2877 1884 2931 sine
1898 2877 1987 2930 inter·

280 2971 368 3032 ptura
388 2962 461 3019 nihil
479 2963 614 3031 loquitur.
642 2965 668 3031 t)
689 2961 761 3026 Quia
775 2978 827 3019 nec
847 2960 916 3033 ipsis
933 2961 1039 3032 angelis
1051 2967 1119 3017 tem·
1145 2963 1276 3016 musione
1291 2979 1510 3032 praeparamur.
1547 2964 1670 3032 Nescire,
1688 2980 1761 3034 quae
1781 2961 1882 3018 nesciri
1895 2960 1988 3017 voluit

282 3065 335 3118 pus
356 3047 426 3105 illud
445 3047 602 3118 cognitum,
628 3054 661 3103 ut
680 3065 713 3103 er
731 3048 830 3106 iisdem
847 3047 950 3105 Christi
972 3046 1064 3103 verbis
1087 3046 1119 3101 li·
1145 3045 1250 3100 sciendi
1268 3063 1391 3102 summus
1410 3049 1551 3119 magister,
1570 3049 1681 3104 erudita
1699 3056 1743 3103 est
1760 3047 1877 3104 inscitia.

284 3139 360 3204 quet.
396 3135 423 3202 b)
451 3131 523 3197 Quia
540 3134 682 3190 temeritas
700 3151 804 3203 eorum,
824 3133 873 3205 qui
890 3140 999 3204 tempus
1019 3131 1120 3204 judicii
1181 3138 1222 3187 13.
1263 3133 1449 3188 antithesin·
1473 3133 1605 3200 Quamvis
1638 3134 1764 3190 Christus
1793 3133 1989 3190 curiositatem

284 3226 381 3275 exacte
406 3217 589 3274 determinare
616 3218 778 3289 voluerunt,
804 3219 992 3290 subsequente
1017 3224 1118 3274 eventu
1145 3219 1333 3290 apostolorum
1351 3227 1491 3276 momenta
1508 3228 1663 3291 temporum
1679 3220 1878 3292 inquirentium
1899 3220 1987 3291 psum

284 3304 422 3360 contrario
440 3304 614 3376 saepiuscule
633 3305 688 3362 fuit
704 3306 852 3370 damnata,
878 3313 909 3361 ut
933 3322 968 3361 ex
986 3302 1119 3360 antithesi
1144 3308 1211 3359 aute
1236 3322 1315 3360 enam
1343 3306 1372 3359 in
1398 3305 1487 3362 coelos
1513 3307 1721 3362 adscensionem
1748 3306 1927 3378 redarguerit
1950 3321 1989 3360 ac

283 3388 441 3461 apparebit.
469 3395 494 3454 6)
514 3389 677 3455 Quia-sicut
696 3390 793 3447 mundi
811 3390 977 3461 principium
996 3389 1032 3447 ab
1045 3387 1120 3442 omni
1145 3391 1307 3460 represserit
1325 3391 1419 3448 Actor.
1440 3397 1463 3456 1,
1484 3408 1509 3449 v.
1528 3401 1552 3449 ἵ.
1578 3392 1705 3447 omnibus
1730 3399 1823 3448 tamen
1848 3390 1989 3447 ecclesiae

285 3476 448 3533 aeternitate
468 3476 519 3531 soli
538 3476 607 3542 Deo,
632 3493 721 3549 aquo
738 3475 836 3533 iaetus·
848 3483 892 3537 est
908 3476 1042 3543 mundus,
1066 3474 1121 3529 tuit
1145 3476 1316 3545 temporibus
1332 3476 1436 3532 inventi
1456 3483 1535 3544 sunt,
1558 3477 1605 3547 qui
1624 3479 1739 3532 extremi
1752 3477 1853 3547 judicii
1870 3483 1901 3531 ct
1918 3492 1988 3533 con·

286 3567 394 3629 notum,
417 3561 507 3616 sicet
532 3561 616 3618 tinem
638 3564 699 3634 ejus
725 3563 801 3618 solus
822 3562 900 3619 Deus
921 3560 1013 3632 norit,
1041 3562 1120 3630 cujus
1146 3561 1337 3616 summatiouis
1354 3562 1440 3617 seculi
1459 3563 1533 3618 diem
1553 3562 1666 3618 definire
1690 3562 1842 3632 voluerint,
1864 3578 1989 3632 quorum

285 3647 411 3717 potentia
431 3646 552 3702 muudus
572 3646 736 3703 destruetur.
773 3650 799 3714 t)
823 3647 946 3718 Tempus
965 3644 1047 3717 primi
1072 3644 1120 3700 ad·
1147 3647 1260 3718 quidam
1278 3649 1413 3720 ejusmodi
1429 3655 1538 3722 tempus
1554 3649 1747 3718 definiverunt,
1764 3648 1840 3719 quod
1854 3648 1990 3719 jamdum

286 3739 386 3787 ventus
410 3749 461 3804 per
484 3732 674 3788 hebdomades
698 3731 827 3789 Danielis
855 3738 916 3787 erat
941 3732 1121 3804 patefactum,
1148 3733 1365 3805 praeterlapsum
1383 3736 1513 3790 vanitatis
1534 3752 1629 3791 eorum
1647 3734 1866 3806 praedictionem
1882 3735 1992 3806 arguit

286 3817 395 3873 iuterim
419 3818 542 3887 praecise
563 3817 655 3889 quoad
677 3817 751 3872 diem
773 3825 802 3873 et
823 3818 920 3873 horam
945 3833 1025 3873 nemo
1051 3816 1121 3872 illud
1151 3825 1172 3875 1.
1195 3819 1395 3875 circumfertur
1415 3821 1562 3892 prophetia
1581 3821 1633 3875 sub
1655 3821 1767 3875 nomine
1783 3821 1888 3874 Elias:
1920 3825 1992 3877 Duo

287 3901 401 3959 definire
422 3903 529 3973 potuit3
558 3904 645 3959 multo
668 3919 735 3975 ergo
759 3904 850 3959 minus
873 3912 982 3974 tempus
1006 3902 1122 3960 secundi
1147 3907 1241 3961 millia
1258 3925 1397 3960 annorum
1413 3908 1467 3960 erit
1485 3909 1615 3972 mundus,
1631 3909 1690 3961 duo
1707 3905 1801 3960 millia
1813 3906 1909 3968 inane,
1929 3908 1992 3960 duo

286 3989 423 4045 adrentus
443 3994 539 4044 exacte
557 3989 696 4060 quispiam
713 3990 852 4060 praescire
876 3990 986 4061 poterit.
1024 3990 1121 4063 Augu·
1148 3992 1242 4046 millia
1268 3993 1327 4060 lea,
1357 3995 1415 4046 ‹luo
1440 3992 1534 4046 millia
1554 3994 1614 4046 dies
1633 3992 1766 4047 blaseius.
1803 3992 1843 4045 Et
1863 3999 1994 4061 propter

287 4075 376 4131 atinus
393 4075 510 4146 epistola
528 4081 568 4132 80.
586 4075 623 4129 ad
644 4075 828 4147 Hesychium:
860 4077 955 4131 Voluit
971 4077 1122 4147 Dominus,
1143 4086 1263 4147 peccata
1281 4086 1389 4146 nestro,
1413 4094 1487 4147 quac
1502 4078 1692 4145 multiplicata
1710 4084 1783 4140 sunt,
1808 4076 1938 4132 exierunt
1954 4079 1993 4133 ab

287 4169 317 4214 ut
333 4162 468 4215 sciremus
480 4162 605 4231 primum
619 4161 834 4221 suiadoentum.
853 4162 921 4231 quia
934 4162 1013 4216 illius
1027 4162 1120 4230 copni·
1146 4164 1199 4229 tte,
1226 4165 1276 4233 qui
1295 4165 1430 4221 unierunt.
1465 4162 1607 4218 lebannes
1625 4160 1846 4218 Lauterbacbius
1864 4177 1930 4216 eam
1949 4163 1994 4218 sic

287 4247 327 4301 tio
345 4255 370 4301 et
389 4247 468 4301 utitis
485 4254 512 4301 et
529 4247 691 4301 necessario
714 4246 792 4301 reolus
817 4255 891 4313 erut,
914 4248 1033 4302 alteriue
1056 4264 1122 4301 cero
1148 4249 1295 4319 expressit:

289 4335 425 4389 adurentem
445 4343 552 4404 tempus
565 4334 657 4388 noluit
678 4350 737 4388 esse
756 4334 952 4401 manifestum,
976 4335 1044 4402 quia
1065 4352 1122 4388 non

288 4421 400 4488 expedit
419 4421 506 4478 nota.
542 4422 568 4489 3)
596 4420 637 4474 Ex
660 4419 762 4492 signis,
791 4435 863 4490 quae
885 4419 1023 4490 judicium
1042 4427 1121 4474 ante·
1200 4422 1349 4474 Annorum
1368 4420 1453 4472 stabit
1472 4426 1579 4473 tuntum
1594 4435 1642 4472 sec
1660 4419 1754 4473 millio
1771 4420 1903 4480 rotundus,

286 4520 416 4573 gressma
437 4505 580 4563 aChristo
599 4510 628 4560 et
645 4504 779 4576 apostolis
794 4503 940 4577 praedicta
958 4511 1031 4569 sunt,
1054 4506 1123 4561 veri·
1235 4506 1308 4560 Post
1326 4514 1399 4560 totus
1415 4507 1502 4559 messe
1520 4506 1608 4558 otetur
1626 4505 1661 4558 ab
1681 4506 1743 4571 ipae
1764 4512 1833 4558 ruet.

288 4593 415 4649 similiter
432 4592 644 4663 colligi'potest‚
671 4595 781 4662 tempus
800 4589 902 4661 Judicii
920 4590 949 4643 in
967 4591 1123 4662 propinquo
1204 4591 1360 4646 Servabunt
1376 4591 1485 4645 nullom
1502 4591 1624 4645 Domini
1640 4592 1696 4645 duo
1716 4590 1810 4642 millio
1827 4590 1928 4658 iopam,

288 4694 363 4746 esse,
387 4677 438 4733 sed
455 4694 560 4735 annum
577 4684 745 4733 atinensem
762 4682 791 4731 et
807 4675 881 4733 diem
903 4683 933 4732 et
955 4676 1051 4732 horam
1077 4675 1123 4730 dc·
1235 4678 1293 4731 Leo
1312 4678 1369 4729 duo
1388 4677 1567 4745 praescripta
1586 4678 1745 4731 conditione
1760 4684 1845 4745 repet.

288 4764 436 4822 terminare
454 4762 490 4818 ab
508 4764 632 4819 humana
644 4763 830 4834 intelligentia
847 4770 890 4819 est
901 4770 1046 4829 remotum,
1064 4769 1123 4817 tum
1202 4763 1327 4816 Moesica
1346 4762 1459 4815 aetnam
1479 4762 1601 4815 tribuent
1618 4763 1675 4814 duo
1695 4770 1789 4815 cetero
1809 4762 1936 4831 medem,

289 4848 356 4922 quia
376 4849 514 4905 adventus
538 4847 641 4904 Christi
666 4849 702 4904 ad
726 4849 865 4919 judicium
888 4849 941 4904 erit
963 4849 1123 4919 inopinatus
1237 4848 1296 4903 Sed
1309 4865 1420 4903 omnum
1434 4855 1562 4917 rumpent
1574 4848 1609 4902 ob
1621 4848 1698 4902 mala
1715 4854 1813 4903 nostra
1824 4864 1917 4903 nsum.

290 4947 318 4994 et
333 4937 492 5008 insperatus
501 4935 599 4991 Matth.
609 4940 650 5001 m,
658 4955 685 4990 v.
697 4941 738 4991 te.
757 4935 828 4990 Luc.
840 4939 882 5002 21,
892 4951 918 4989 v.
928 4940 970 4991 ab.
994 4934 1124 4991 Libere.

290 5033 314 5090 5,
333 5043 359 5078 v.
372 5028 398 5080 3.
415 5029 467 5078 etc.
487 5027 547 5076 tum
566 5021 634 5092 quia
652 5021 721 5088 dics,
739 5021 787 5092 qui
806 5020 969 5077 decurtandi
982 5026 1047 5075 sunt
1059 5038 1123 5091 pro·
1149 5019 1205 5076 Sed
1223 5021 1384 5082 notandum,
1402 5022 1477 5092 quod
1494 5021 1563 5077 baec
1580 5020 1727 5091 prophetia
1745 5036 1801 5074 non
1821 5018 1858 5075 sit
1870 5021 1996 5077 traditio

289 5119 351 5183 pter
373 5111 485 5177 electos,
502 5108 532 5162 in
549 5107 720 5167 absconditis
738 5106 849 5163 divinae
867 5106 1000 5164 suenum
1013 5105 1124 5162 thesau-
1149 5105 1260 5177 cobegii
1278 5114 1306 5163 et
1325 5107 1421 5163 domas
1442 5109 1530 5165 tiliae
1551 5108 1708 5174 Thesbiten,
1732 5106 1781 5176 qui
1797 5105 1893 5161 floruit
1912 5107 1995 5163 circa

288 5197 326 5250 ris
348 5194 451 5253 occulti
476 5194 573 5251 tatem.
610 5191 681 5248 Cum
707 5191 846 5248 hominem
873 5193 950 5251 senio
976 5197 1124 5264 gravatum
1149 5210 1252 5249 annum
1280 5192 1376 5249 mundi
1399 5198 1475 5250 autu.
1500 5193 1552 5248 sub
1579 5209 1645 5264 rege
1667 5191 1785 5249 Achabo
1810 5190 1892 5246 anuis
1922 5200 1994 5249 unte

290 5281 423 5346 ridemus,
446 5279 522 5353 quod
536 5277 618 5334 *brevi
635 5276 782 5333 meriturus
807 5277 852 5342 sit,
876 5279 992 5345 scimusq
1011 5278 1124 5349 quando
1150 5279 1290 5335 Christum
1308 5286 1404 5334 natum
1430 5280 1540 5335 circiter
1560 5283 1624 5347 923,
1651 5280 1700 5335 sed
1725 5278 1800 5333 illius
1818 5276 1913 5347 Eliso,
1939 5281 1991 5350 qui

290 5384 354 5422 vero
373 5366 499 5438 praecise
516 5365 545 5421 id
564 5365 691 5421 futurum
703 5348 750 5429 sii,
768 5363 918 5429 nescimus3
937 5362 1124 5421 siemundum
1150 5365 1220 5421 vixit
1243 5366 1352 5420 circiter
1374 5365 1501 5421 ducentis
1527 5365 1606 5419 annis
1632 5372 1698 5421 ante
1722 5372 1819 5420 natum
1843 5362 1992 5421 Christum

288 5453 657 5527 interituiappropinquare
677 5450 812 5515 videmus,
835 5450 911 5504 diem
930 5456 1023 5506 autem
1039 5450 1124 5507 inter·
1149 5449 1286 5506 referente
1304 5451 1429 5506 Cmsone
1448 5451 1557 5506 dudeco
1582 5468 1716 5507 converso
1741 5452 1769 5506 in
1792 5450 1918 5507 'Palmud
1935 5453 1992 5509 Ju-

159 5541 215 5583 x¹¹·
228 5541 274 5584 329-
287 5539 342 5593 itus
362 5536 531 5610 ignoramur.
560 5536 796 5609 Distinguendum
815 5535 900 5607 igitur
913 5536 985 5590 inter
997 5536 1123 5592 notitiem
1150 5538 1230 5593 daico
1250 5536 1311 5591 libr.
1327 5543 1350 5592 2.
1365 5553 1389 5591 c.
1403 5546 1427 5590 2.
1452 5536 1551 5592 Exstat
1568 5543 1661 5592 autem
1680 5536 1749 5593 haee
1762 5536 1875 5592 traditio
1888 5537 1993 5595 murus
