4050 6014
812 216 1183 275 nominemini
1452 197 1485 261 ἵ
1796 227 1859 286 ιιι

14 370 146 461 5du¹⁸¹⁶¹¹¹⁰·
159 390 268 428 summo
289 371 441 437 felicitatis
471 388 538 426 arce
563 372 732 426 timeamus!
776 378 802 428 5.
831 373 997 428 Metbodius
1024 372 1434 435 ι.ιι.1.(1ιιι.1ι,ι..28
1465 373 1727 440 1..Ιο1ι.3,ι.2
1749 381 1801 428 ιιι
1825 390 1860 428 sc

161 477 241 514 serm.
265 459 301 512 de
329 464 473 513 resurrect
499 458 609 514 videtur
627 458 737 526 sentire,
758 459 852 514 beatos
869 467 937 528 post
954 476 998 512 rc·
1025 475 1134 512 omnem
1156 458 1391 527 imperfectionem
1417 459 1453 513 sb
1478 461 1605 515 omnibus
1631 460 1720 517 beatis
1738 466 1860 515 removet

160 548 362 601 mirrectioneni
380 546 479 599 nonin
496 545 590 608 coelis,
607 546 997 614 sedinporadisofutaros.
1028 551 1049 599 1.
1065 544 1127 598 Cor.
1149 549 1189 610 13,
1209 562 1235 598 ιι.
1252 551 1291 600 lb.
1329 543 1440 599 Gradus
1460 545 1573 615 quidem
1590 545 1696 615 gloriae
1715 545 1859 600 distinctos

164 635 281 703 Oportet
302 631 383 696 enim,
402 630 502 701 inquit,
521 633 550 683 in
567 630 694 698 proprio
711 631 758 684 sui
776 631 887 684 babitus
902 633 998 699 sipara
1023 629 1084 684 foro
1102 630 1192 695 docet,
1211 630 1259 685 sed
1279 647 1363 685 unam
1381 631 1510 685 omnibus
1530 631 1731 687 beatitudiuem
1751 631 1859 701 tribuit,

161 720 379 789 iinamqiiodpue
402 725 527 770 creatum
550 733 676 783 manere,
703 725 733 768 ot
758 717 854 769 omnio
871 717 997 770 omnibns
1024 732 1096 784 quse
1120 733 1171 784 per
1194 714 1276 769 fidem
1301 733 1334 770 ex
1352 715 1453 770 Christi
1477 716 1586 780 merito,
1613 732 1669 769 non
1693 723 1788 771 antem
1810 732 1860 787 per

161 807 217 858 sint
234 805 364 872 impleto,
385 803 458 856 coeli
473 803 599 869 anaclis,
626 802 722 856 tbroni
734 804 936 871 potestatibus,
953 803 996 856 lu·
1024 801 1136 872 propris
1156 802 1256 856 merita
1274 802 1327 870 piis
1352 802 1482 872 obtingit.
1520 802 1695 873 Augustinus
1717 801 1764 856 lib.
1782 802 1817 856 de
1837 820 1860 857 s.

161 893 236 942 mino
256 888 401 956 ministris,
421 888 576 942 diviniores
590 888 685 941 locist
701 905 778 955 pura
798 888 907 941 lumino
923 888 996 955 ipsis
1024 887 1145 956 virginit.
1169 904 1231 957 cap.
1259 893 1306 943 26:
1335 887 1411 950 Quia
1436 891 1501 957 ipsa
1523 890 1583 943 uita
1608 896 1725 942 aeterna
1750 889 1860 955 pariter

162 975 317 1044 Seropbin,
350 974 400 1042 qui
432 974 567 1025 αιιιιιιιιιι
594 990 696 1039 mapna
724 974 838 1026 senatui
863 974 995 1026 universa
1024 975 1077 1025 erit
1093 974 1219 1026 omnibus
1235 974 1349 1038 sanctis,
1365 975 1504 1042 aequalis
1522 975 1656 1028 (lusorias
1673 974 1799 1028 amnibus
1817 980 1857 1026 at·

16 1051 147 1141 figam}
161 1060 326 1127 condimenti,
352 1060 472 1112 mundus
489 1058 653 1113 bominibus.
691 1063 715 1114 6.
736 1058 893 1126 Pepuriani
911 1058 996 1112 vitam
1024 1059 1144 1111 tributus
1171 1066 1219 1111 est.
1253 1058 1405 1130 Gregorius
1429 1058 1476 1113 lib.
1501 1067 1526 1115 1.
1551 1059 1646 1113 ιιιοιι1
1671 1075 1696 1114 ι.
1720 1065 1767 1115 bl:
1797 1057 1860 1113 Una

161 1154 302 1201 aeternam
328 1151 357 1200 et
377 1144 552 1198 Hierusalem
571 1143 719 1198 coelestem
737 1145 766 1197 in
785 1143 838 1198 hac
855 1145 914 1198 vita
931 1162 996 1199 con·
1024 1146 1130 1198 cuncto
1149 1146 1203 1197 erit
1222 1146 1363 1199 beatitudo
1375 1147 1511 1211 laetitiae,
1530 1147 1657 1215 quamuis
1675 1163 1731 1200 nan
1748 1161 1806 1197 uno
1822 1146 1860 1198 sit

160 1233 323 1287 stituehaut
367 1230 509 1299 Pepuaam
529 1229 618 1297 enim,
647 1228 738 1283 locum
757 1231 897 1300 quendam
916 1249 997 1301 supe·
1025 1231 1152 1284 omnibus
1160 1231 1413 1287 sublimitasuitae.
1449 1231 1626 1286 Bernhardus
1639 1248 1718 1285 serm.
1733 1232 1767 1285 ile
1783 1229 1859 1300 tripl.

161 1318 242 1372 riorie
260 1317 409 1386 Phrygias,
427 1317 573 1369 coeluum
592 1316 722 1369 dixerunt
741 1332 801 1370 esse
813 1318 953 1370 ciuitatem
969 1323 997 1370 et
1025 1333 1089 1389 gen.
1108 1315 1218 1370 bonon:
1235 1316 1408 1385 Aspelorum
1421 1326 1447 1370 et
1460 1318 1602 1370 borninuni
1616 1336 1701 1371 unum
1719 1318 1773 1370 erit
1790 1334 1860 1385 pau·

162 1403 346 1471 Hierusalem,
364 1403 399 1457 de
414 1419 469 1473 qus
481 1401 634 1472 prophetae
651 1402 794 1457 vshcinsti
812 1402 875 1466 sint,
893 1403 929 1456 de
942 1419 998 1472 qua
1026 1402 1113 1469 diam,
1132 1420 1217 1454 anum
1230 1402 1409 1470 colloquium,
1428 1420 1512 1455 unum
1531 1404 1695 1469 conuicium,
1715 1404 1768 1456 erit
1788 1418 1860 1457 com·

160 1488 247 1546 Hebr.
271 1495 310 1556 12,
330 1506 354 1543 v.
375 1493 415 1543 22.
435 1493 464 1541 ιι
484 1488 572 1557 Apoc.
593 1492 635 1550 21,
653 1504 680 1543 ι.
701 1492 725 1543 2.
750 1487 787 1541 ad
814 1505 898 1558 qnam
916 1487 997 1542 nobis
1025 1488 1117 1541 minsis
1143 1489 1265 1541 omniurn
1277 1490 1417 1556 potentio,
1444 1489 1595 1558 sapientia,
1614 1507 1681 1556 pan,
1696 1489 1815 1556 justitia
1833 1496 1860 1543 et

160 1575 288 1629 omnibns
311 1575 348 1628 sit
372 1573 578 1642 adspirandum
619 1572 794 1642 Epiphanius
823 1573 931 1627 hssrss.
955 1580 996 1631 19.
1024 1573 1221 1639 intelligentia
1249 1573 1314 1642 Ipse
1331 1573 1414 1644 chs
1428 1573 1592 1629 Pontificius
1609 1573 1717 1644 fulgore
1736 1574 1861 1629 veritstis

25 1663 146 1753 bstuler-
160 1659 336 1730 Augustinus
351 1659 387 1712 de
404 1658 509 1712 haeres
528 1674 552 1712 c.
567 1661 606 1712 22
639 1663 663 1712 2.
681 1659 848 1712 Aeternoles
860 1658 996 1713 referente
1024 1659 1183 1728 compulsus
1198 1658 1261 1716 libr.
1277 1664 1316 1715 10.
1331 1659 1366 1713 de
1372 1660 1464 1729 justif
1478 1666 1540 1715 c..7
1562 1661 1603 1714 sic
1622 1658 1731 1714 scribit:
1755 1659 1861 1714 Gloria

26 1725 54 1752 ῃ
77 1723 114 1752 um
160 1745 319 1817 Augustino
339 1745 374 1799 ds
393 1744 498 1797 huores.
524 1761 548 1798 c.
570 1749 610 1800 62
628 1761 663 1798 ex
683 1744 843 1807 Philastrio,
863 1746 995 1797 mundum
1023 1746 1162 1809 coelestis,
1189 1749 1288 1814 quoad
1311 1747 1497 1800 substantium
1518 1765 1612 1811 suam,
1637 1764 1710 1815 quae
1729 1755 1768 1801 est
1786 1747 1859 1801 ethio

157 1833 230 1885 bunc
250 1832 335 1884 etiam
349 1839 415 1899 post
427 1831 659 1884 resurrectionem
672 1831 886 1884 mortuorumin
899 1832 995 1883 eodem
1023 1832 1083 1885 Dei
1106 1840 1238 1899 aeterno,
1273 1833 1377 1902 absque
1411 1832 1551 1886 relatione
1581 1835 1622 1887 od
1650 1850 1738 1901 opera
1763 1833 1859 1890 datur.

156 1925 247 1982 stota,
272 1918 302 1970 ιἰι
320 1934 375 1985 qao
395 1933 469 1969 nunc
489 1924 542 1976 est,
569 1917 723 1968 docueruut
744 1931 801 1967 esse
823 1933 995 1983 mansurum,
1022 1918 1062 1970 At
1084 1919 1193 1984 prodas
1211 1918 1324 1984 pieriae
1343 1935 1400 1987 pro
1417 1919 1533 1972 diuersa
1546 1919 1731 1987 proportione
1748 1904 1861 1985 probior

157 2021 244 2072 neque
262 2004 304 2056 ita
321 2019 380 2058 csse
398 2003 577 2067 mutandum,
602 2009 633 2054 ut
659 2001 696 2054 sit
718 2001 826 2056 coelum
850 2019 951 2054 nonum
970 2010 997 2054 et
1023 2003 1139 2068 insucae
1158 2004 1313 2066 confertur

10 2090 118 2179 *iiiiii
83 2089 145 2134 ³7¹³·
159 2098 237 2143 terro
246 2106 328 2153 noca,
338 2089 520 2142 sicutsanata
531 2087 684 2155 Scriptura
696 2089 846 2159 promittit.
875 2087 995 2143 8.-Ρι1ιι
1061 2092 1118 2143 169.
1155 2088 1575 2160 2.F1nguntcertasquasdsm
1590 2090 1725 2143 aureolas
1738 2091 1784 2143 ael
1797 2089 1860 2142 loa·
1872 2099 1948 2190 ιιιιιιι
1936 2109 2002 2140 ιιιιο

160 2176 242 2243 pioni
267 2192 301 2227 ac
330 2173 500 2227 Caelestiani
523 2173 713 2239 somniabant,
738 2173 825 2227 uitam
851 2181 996 2226 aeternam
1023 2174 1126 2239 riolas,
1155 2190 1271 2243 quarum
1291 2173 1361 2228 elias
1380 2174 1551 2243 cirpinibae,
1580 2174 1651 2229 alias
1681 2149 1909 2243 martyribus,¹¹‘

160 2278 220 2317 esse
245 2269 324 2314 cotra
347 2277 463 2327 requam
483 2267 509 2313 et
523 2260 697 2327 paradisum
716 2259 781 2314 Dei
821 2259 996 2329 Augustinus
1024 2258 1094 2312 olias
1107 2259 1269 2312 doctoribus
1284 2259 1464 2328 imponendas
1477 2266 1611 2315 statuunt.
1631 2259 1776 2315 Νοιιιιιι
1766 2277 1860 2330 ipsum

160 2348 196 2402 de
216 2347 321 2401 haeres
341 2362 364 2400 c.
383 2349 430 2402 88:
451 2345 614 2413 Pelopiam,
633 2361 751 2412 quorum
769 2343 997 2398 sectatoresOoe-
1024 2344 1160 2398 aareolae
1182 2344 1300 2413 petitum
1324 2360 1385 2399 esse
1408 2351 1536 2400 statuunt
1561 2362 1595 2400 ex
1620 2363 1683 2416 csp.
1706 2351 1748 2402 25.
1771 2344 1860 2400 Exoil

160 2433 287 2499 lectiani,
307 2432 455 2504 paruulis,
473 2448 542 2499 quos
561 2432 622 2485 sine
640 2431 700 2484 ullo
718 2432 830 2500 pcccati
846 2431 997 2497 aripinolis
1025 2447 1048 2482 r.
1070 2434 1112 2486 26.
1128 2428 1178 2483 ubi
1192 2447 1321 2485 coronam
1341 2447 1454 2486 auream
1474 2449 1586 2488 mensae
1604 2433 1693 2487 instar
1710 2431 1790 2487 limbi
1811 2430 1860 2486 sd·

159 2518 270 2572 vincalo
290 2521 370 2571 nosci
390 2518 502 2582 dicunt,
523 2517 711 2570 etiamsinon
731 2517 913 2588 baptizentur,
928 2535 996 2585 pro·
1025 2515 1112 2569 dium
1129 2514 1262 2585 vulgatus
1281 2515 1415 2585 interpres
1433 2525 1516 2572 vocat
1533 2519 1689 2573 aureolam.
1726 2517 1766 2574 Ut
1785 2518 1861 2572 enim

159 2605 272 2657 mittunt
289 2612 370 2658 entra
382 2620 498 2670 repnum
518 2603 629 2671 quidem
643 2603 710 2668 Dei,
727 2605 779 2656 sed
795 2611 888 2656 tamen
909 2612 997 2657 aeter·
1024 2616 1120 2655 mensa
1142 2599 1315 2655 tabernaculi
1340 2600 1464 2655 hahebat
1491 2603 1630 2671 duplicem
1650 2619 1795 2667 coronam,
1821 2603 1861 2658 sl·

160 2707 225 2742 nom
247 2698 273 2742 et
294 2690 403 2741 beatam
422 2689 567 2755 quandam
582 2689 670 2741 vitam
688 2706 777 2743 miani.
815 2688 893 2742 ldem
910 2687 959 2741 lib.
972 2694 995 2743 3.
1023 2692 1111 2741 teram
1132 2687 1329 2750 interrasilem,
1351 2688 1467 2741 alteram
1486 2705 1615 2754 auream;
1641 2689 1682 2742 sic
1707 2688 1808 2744 multos
1826 2705 1860 2744 ex

38 2778 86 2818 Xi-
100 2777 148 2818 ⁶⁰⁸·
161 2775 195 2828 de
215 2775 299 2829 anim.
315 2779 344 2827 et
356 2775 416 2843 ejus
431 2773 499 2844 orig.
517 2790 541 2827 c.
559 2779 606 2829 lt:
630 2773 789 2827 Vincentius
808 2774 901 2827 Victor
916 2774 996 2837 dicit,
1022 2772 1112 2827 beatis
1130 2773 1229 2826 dicunt
1247 2772 1385 2842 duplicem
1404 2780 1567 2844 accepturos
1585 2790 1724 2841 coronam,
1744 2774 1860 2829 alteram

160 2862 275 2928 aliquas
304 2861 463 2912 mansiones
489 2874 548 2912 eise
573 2865 653 2912 entra
678 2876 794 2927 reginum
814 2860 872 2913 Dei
891 2876 995 2920 earam,
1024 2875 1153 2925 maynam
1173 2875 1208 2910 ac
1224 2859 1417 2927 praeclaram,
1435 2859 1463 2912 id
1486 2864 1529 2912 est
1546 2858 1747 2915 beatitudinem
1767 2877 1859 2915 essen·

10 2947 147 3037 chroniu-
161 2965 232 3016 quas
243 2947 384 3001 Dominus
398 2945 470 2998 dicit
483 2962 542 2998 csse
561 2945 590 2997 in
603 2946 687 2997 danic
701 2945 800 2998 Patris
816 2947 871 3001 sisi.
899 2951 923 3001 9.
943 2945 996 2997 Jo·
1022 2943 1125 3010 tielem,
1146 2959 1229 3012 quern
1249 2949 1351 2998 vocant
1370 2961 1506 2998 coronam
1526 2962 1653 3010 auream,
1672 2945 1789 2999 alteram
1809 2945 1859 2997 mi-

52 3026 58 3039 '
164 3048 297 3085 ornianus
309 3029 458 3094 docebat
446 3049 476 3083 in
487 3046 575 3099 repno
584 3031 726 3085 coelorum
731 3048 790 3098 por
798 3032 865 3094 fore
875 3048 995 3085 omnium
1024 3045 1128 3096 norem,
1148 3043 1220 3099 quas
1237 3030 1443 3099 estpraemium
1455 3029 1637 3097 accidentale,
1656 3048 1740 3102 quam
1757 3038 1861 3087 vocant

12 3119 334 3208 1ιῑζίοῐιῐωῐῐη·ιιιιιιιιιιιιιιι
357 3115 546 3186 Hieronymus
569 3115 617 3169 lib.
640 3121 663 3170 2.
689 3116 913 3172 ιι1ι.ι1οιίιιίιιι.
959 3122 996 3172 19.
1024 3115 1179 3173 aureolam
1216 3114 1361 3183 Ejusmodi
1377 3114 1504 3170 aureolas
1519 3122 1574 3170 tres
1588 3122 1725 3181 statuunt,
1743 3133 1861 3187 quarum

162 3203 292 3257 Armenii
310 3203 472 3270 docuerunt,
491 3203 565 3273 quod
590 3202 714 3255 homines
735 3202 914 3254 mediocriter
928 3202 1000 3255 mali
1025 3216 1108 3254 unani
1121 3200 1300 3267 martyribus,
1320 3201 1436 3255 alteram
1452 3202 1617 3269 viminibus,
1638 3203 1748 3257 tertiam
1766 3204 1861 3257 docto·
1873 3210 1975 3254 uino

161 3298 225 3357 post
243 3290 384 3356 judiciuin
400 3306 456 3340 non
469 3288 525 3340 sint
539 3289 609 3339 ituri
618 3305 649 3340 ιιι
658 3287 829 3355 paradisum
845 3287 998 3351 caelestem,
1024 3287 1103 3339 ribus
1131 3286 1284 3355 assignant.
1334 3284 1488 3356 Martyrum
1515 3288 1657 3341 aureolam
1681 3287 1798 3356 probare
1816 3302 1861 3342 co·

162 3377 214 3428 sed
232 3375 360 3428 mansuri
375 3375 405 3427 in
423 3381 509 3441 terro,
527 3381 553 3426 et
572 3374 650 3442 quod
667 3373 800 3426 bonorum
817 3374 931 3427 animae
947 3374 998 3425 du·
1025 3379 1127 3426 nsntur
1146 3387 1180 3425 ex
1197 3373 1285 3441 Apoc.
1300 3378 1324 3440 2,
1343 3391 1369 3426 v.
1387 3377 1432 3427 ll:
1455 3372 1583 3425 Vincenti
1600 3374 1674 3426 dabo
1686 3391 1789 3426 monna
1800 3373 1862 3426 abs·

162 3463 267 3514 candoe
291 3461 348 3513 sint
374 3461 403 3511 in
428 3467 534 3513 terram
554 3467 579 3511 et
603 3460 676 3512 sicat
693 3473 760 3510 aues
777 3476 861 3529 super
881 3459 998 3512 arbores
1025 3459 1169 3512 conditum
1187 3466 1214 3510 et
1234 3459 1309 3512 dabo
1335 3458 1383 3512 iltt
1404 3460 1544 3512 calculum
1562 3460 1723 3512 sorididum.
1750 3462 1857 3528 capi,

160 3547 320 3609 solaturos,
338 3544 433 3600 Guido
452 3545 488 3598 de
507 3544 654 3598 Armeniis.
1023 3559 1047 3598 v
1066 3543 1326 3611 irritatricem,
1346 3545 1461 3612 jociani
1486 3561 1548 3597 eum
1575 3547 1674 3598 sedere
1698 3561 1804 3597 mecum
1827 3545 1857 3597 in

10 3630 119 3722 3¹¹AE
86 3626 147 3665 ⁰⁰²¹
199 3638 256 3688 159
295 3638 335 3687 11.
355 3631 503 3693 Pontificii
526 3632 678 3686 tratione
699 3631 857 3689 essentialis
877 3626 1209 3726 beatio-'tironomco
1230 3645 1291 3699 cap.
1313 3635 1339 3697 7,
1358 3647 1384 3684 v.
1408 3635 1453 3685 ll:
1476 3631 1617 3683 Ιιιιιιιιιιιιι
1635 3631 1725 3683 italos
1742 3647 1810 3682 suae
1828 3630 1858 3682 in

161 3720 238 3772 dinis
257 3718 332 3772 olias
346 3717 414 3769 aliis
429 3716 565 3770 beatiores
581 3717 647 3780 fore
665 3725 803 3769 asserunt.
841 3714 995 3786 Gregorius
1021 3714 1158 3782 sanquine
1176 3716 1265 3784 Apni,
1292 3716 1357 3769 ideo
1377 3723 1440 3767 eunt
1458 3717 1488 3768 in
1506 3724 1655 3783 conspectu
1672 3716 1758 3785 Apni.
1796 3713 1858 3769 Vir·

160 3804 195 3858 de
214 3802 346 3858 Valentis
373 3806 438 3855 tom.
466 3807 486 3855 1.
512 3817 610 3854 comm
633 3801 663 3855 in
688 3799 785 3855 Thom.
808 3819 835 3871 p.
854 3805 918 3858 235:
949 3803 995 3855 En
1022 3800 1120 3869 ginum
1137 3800 1276 3854 aureolam
1295 3806 1395 3870 petunt
1414 3817 1447 3857 ex
1465 3800 1528 3855 lisa.
1549 3806 1591 3867 56,
1612 3818 1638 3857 ιι.
1659 3806 1687 3856 5:
1709 3801 1794 3854 Dabo
1811 3816 1857 3852 cu·

158 3892 216 3955 fide
241 3897 282 3942 est
302 3889 356 3943 illa
374 3888 514 3951 assertio,
543 3888 618 3942 abice
639 3889 776 3956 maiorem
795 3889 995 3941 beatitudinem
1023 3887 1120 3940 nucbis
1143 3887 1174 3940 in
1198 3888 1280 3942 domo
1305 3905 1368 3942 meo
1394 3895 1419 3940 et
1443 3888 1473 3939 in
1497 3888 1585 3941 muris
1607 3888 1678 3940 meis
1695 3889 1788 3941 locum
1805 3891 1857 3940 ιιι.

159 3985 327 4044 accepturos
339 3991 423 4042 priam
434 3973 517 4041 alios,
529 3982 612 4043 atque
625 3976 697 4026 adeo
708 3990 791 4042 posse
800 3977 894 4027 Deum
907 3975 996 4040 niopis
1022 3973 1110 4043 Apoe.
1131 3979 1169 4039 11,
1189 3991 1214 4026 v.
1234 3979 1264 4027 1ι
1286 3973 1446 4042 &quantur
1464 3974 1585 4042 Apsum,
1604 3989 1766 4042 naeniaque
1783 3971 1856 4025 ierit.

161 4079 196 4115 oc
215 4062 307 4113 minue
317 4060 552 4128 persecteuideri
565 4060 706 4113 intellectu
723 4068 819 4113 creato
833 4077 890 4128 pro
904 4060 996 4112 dicer·
1023 4059 1174 4114 Doctorum
1191 4058 1332 4112 aureolam
1347 4058 1469 4127 probent
1492 4075 1526 4113 es
1545 4060 1617 4113 Dan.
1640 4064 1681 4126 12,
1699 4076 1723 4111 ι.
1744 4064 1775 4115 3ι
1803 4058 1860 4120 Qui

160 4148 243 4201 ritate
256 4145 371 4200 luminis
385 4144 505 4212 pieriae,
515 4147 592 4213 quod
609 4145 726 4213 quisquc
738 4147 831 4214 majus
843 4145 887 4199 acl
904 4146 996 4198 minus
1023 4146 1227 4213 adjustitiam
1259 4146 1425 4198 erudierunt
1452 4145 1567 4210 multoe,
1597 4144 1747 4211 fulpcbant
1775 4143 1859 4212 quusi

156 4231 347 4302 participabit
357 4231 446 4299 juata
461 4232 674 4299 proportionem
686 4232 824 4296 caritatis,
842 4249 928 4300 quom
946 4232 996 4283 ba·
1022 4231 1130 4286 stellae.
1168 4229 1222 4284 Sir.
1247 4235 1290 4297 21,
1317 4247 1342 4286 ι.
1359 4233 1406 4285 31:
1437 4228 1495 4292 Qui
1520 4230 1663 4283 elucidant
1687 4246 1743 4298 ine,
1771 4230 1858 4283 citam

161 4320 250 4374 buerit
274 4319 305 4370 in
328 4318 382 4370 bac
404 4318 470 4373 cita.
512 4316 640 4370 Becsnus
666 4324 737 4385 part.
758 4323 779 4373 1.
805 4317 888 4372 theol.
910 4316 995 4371 schol.
1023 4324 1167 4370 aeternam
1185 4316 1329 4375 habebunt.
1355 4315 1477 4372 Thomas
1496 4316 1526 4369 in
1543 4315 1629 4372 addit
1650 4333 1676 4386 q.
1691 4320 1733 4372 96.
1751 4320 1803 4369 art.
1820 4321 1858 4371 11.

160 4419 181 4457 ι,
201 4408 224 4457 9.
246 4421 272 4474 q.
293 4407 327 4459 9;
352 4404 419 4456 Non
441 4420 534 4457 amnes
558 4417 646 4469 aenae
664 4402 739 4454 beati
755 4411 827 4471 nint,
854 4405 922 4471 quio
938 4420 995 4456 non
1022 4402 1173 4457 ternarium
1192 4401 1367 4456 aureolsrum
1386 4417 1531 4455 nnmerum
1544 4401 1657 4455 deducit
1676 4418 1710 4456 ιιι
1730 4400 1859 4454 hocius·

160 4505 254 4542 omncs
281 4488 358 4542 beati
380 4503 468 4555 aeque
490 4489 616 4555 perfecte
638 4487 736 4540 vident
762 4488 888 4540 diuinam
905 4505 995 4543 essen·
1022 4488 1300 4542 dumento.Aureola
1310 4487 1858 4558 estproerniampriuilepiotumrespon-

159 4575 242 4640 tiam,
272 4581 298 4626 et
324 4574 402 4626 ratio
428 4581 482 4637 ert,
509 4574 576 4641 quio
605 4575 705 4628 merita
732 4581 796 4626 ιιιιιι
823 4574 995 4642 inaequalia.
1023 4575 1091 4627 dens
1105 4574 1306 4644 priuilepiatac
1322 4573 1466 4628 uictoriae.
1503 4575 1576 4629 Sunt
1591 4579 1683 4626 autem
1701 4580 1758 4626 tres
1773 4572 1858 4625 uicto·

160 4659 238 4714 ldem
266 4659 295 4712 in
324 4658 443 4729 append.
469 4664 549 4713 tract
576 4658 611 4713 de
631 4662 740 4729 purget
760 4657 904 4712 Calvinist.
928 4675 951 4712 ι.
972 4658 1083 4740 alciae
1104 4659 1306 4727 privilepiatoe
1336 4659 1368 4712 i'n
1390 4658 1479 4712 tribas
1504 4659 1623 4728 pupnis,
1649 4674 1722 4726 qaae
1745 4655 1860 4711 cuilibet

159 4763 187 4814 p.
207 4750 254 4799 79:
275 4744 355 4798 Sicut
375 4762 432 4797 nan
452 4761 546 4799 omnes
562 4745 719 4798 babuerunt
732 4744 868 4812 aequalia
886 4744 1130 4811 nierita,·bomini
1162 4745 1300 4797 adversus
1337 4752 1396 4797 tres
1429 4744 1521 4799 hostes
1552 4745 1709 4813 imminent¹
1739 4744 1858 4810 ideoque

159 4832 200 4882 sic
221 4848 278 4883 non
304 4846 397 4883 omnes
420 4830 521 4883 babent
542 4832 661 4899 aequale
676 4830 849 4899 praemium,
872 4831 949 4898 quod
966 4829 996 4882 in
1022 4839 1079 4884 trec
1111 4829 1195 4884 etiam
1223 4838 1288 4883 sunt
1313 4830 1453 4886 aureolos.
1492 4830 1788 4898 brittaniamque
1807 4828 1858 4881 od·

160 4916 307 4969 essentiali
324 4915 495 4970 beatitudine
513 4917 655 4985 concutit,
680 4916 701 4970 i.
721 4933 744 4970 e.
764 4933 820 4970 nan
840 4932 933 4968 omnes
950 4932 995 4970 αι
1021 4933 1118 4971 omnis
1141 4932 1264 4979 carnem,
1289 4918 1320 4971 in
1337 4917 1391 4970 boc
1407 4915 1554 4971 uictoriam
1571 4916 1785 4985 priuilepiotoin
1801 4915 1862 4968 uir·

160 5017 213 5070 pue
233 5001 311 5055 olore
330 5009 355 5054 et
371 5003 498 5070 perfecte
517 5003 610 5055 Deum
629 5003 732 5064 uident,
751 5010 995 5070 etconsepuenter,
1024 5003 1104 5070 pines
1122 5002 1304 5070 {reportanm
1340 5011 1381 5056 est
1411 5018 1510 5071 pupna
1546 5003 1684 5055 adversus
1718 5001 1860 5067 mundum,

160 5105 216 5140 non
235 5104 329 5141 omnes
352 5104 440 5156 oeque
461 5089 568 5141 intense
585 5104 646 5140 eum
666 5096 777 5155 omont,
807 5103 857 5140 nec
875 5089 996 5158 aequale
1022 5089 1041 5142 i.
1058 5104 1082 5143 c.
1101 5090 1238 5143 adomim
1255 5097 1449 5156 persecutores
1468 5089 1641 5154 mundanos,
1659 5088 1690 5140 in
1708 5087 1761 5138 boc
1775 5103 1862 5155 proe-

160 5173 297 5241 poudium
315 5174 351 5226 dc
368 5173 423 5226 illa
446 5172 507 5228 uiso
526 5181 552 5227 et
570 5181 665 5226 amoto
681 5173 854 5243 percs'piunt.
893 5172 997 5229 Contra
1022 5173 1137 5241 cipuom
1172 5174 1321 5227 uictoriam
1345 5183 1483 5242 martyres
1517 5174 1639 5227 obtinent
1645 5175 1672 5241 ,·'
1687 5181 1729 5226 eet
1761 5187 1862 5241 papiro

160 5274 225 5312 vero
241 5258 386 5327 Scriptura
406 5274 486 5312 sacra
504 5258 632 5313 omnibus
650 5276 714 5314 vere
734 5259 788 5330 piis
807 5277 893 5313 onam
911 5259 996 5313 bcoti·
1008 5255 1010 5300 1
1022 5261 1160 5312 adversus
1182 5260 1344 5327 diabolum,
1373 5260 1403 5312 in
1422 5258 1475 5314 bac
1495 5260 1669 5327 sinpularem
1689 5257 1861 5326 triumphum

161 5345 298 5409 ιιιιιιιιιιιι,
327 5362 413 5396 unam
440 5344 527 5396 citans
552 5353 705 5409 diurnam,
734 5364 820 5398 unum
848 5345 1153 5399 essentiolc·doatares
1191 5348 1303 5415 ferunt,
1346 5346 1396 5414 pai
1434 5362 1492 5399 non
1535 5346 1626 5399 solunt
1661 5345 1692 5397 ιἰι
1723 5360 1769 5407 se,
1809 5343 1864 5397 sed

158 5431 325 5498 praemium,
346 5429 400 5484 Dei
419 5428 527 5484 scilicet
544 5430 692 5500 visionem,
711 5431 848 5501 promittit
864 5430 935 5486 Luc.
953 5431 1107 5500 20,¹.etioni
1132 5431 1163 5482 in
1189 5431 1259 5485 aliis
1288 5431 1360 5485 bunc
1386 5432 1491 5486 basum
1520 5432 1700 5487 ιιιιιιιιιιιιιιιι
1731 5431 1861 5483 docenda
