4050 6014
719 249 771 307 DE
788 249 978 309 maeno
998 251 1161 313 JUDIOIO.
1748 266 1789 324 95

88 418 324 473 emesenorum,
347 403 496 472 lanepadss
513 411 613 458 uocant
631 405 721 474 plane
738 407 835 475 faces,
859 406 927 461 alte·
955 421 1023 476 pore
1044 404 1204 462 Ptolemaei.
1238 405 1368 462 ’1111111111
1385 407 1498 479 quidam
1518 406 1718 478 mathematici,
1741 425 1786 465 ec-

89 506 155 543 rum
174 489 303 558 11111111,
329 489 413 558 quale
432 489 641 544 Mutinensibus
659 490 745 545 mdis
761 492 851 545 msam
877 499 928 549 est.
955 491 1156 547 centricitatem
1172 491 1247 562 solis,
1265 492 1294 548 id
1312 499 1354 548 est
1371 494 1560 559 intervallum,
1580 511 1635 566 quo
1656 511 1674 549 e
1692 501 1787 551 centro

90 576 226 645 Distant,
256 577 332 645 pund
349 576 438 641 faces
456 576 574 645 oestipio
593 576 678 646 lonpa
694 577 810 643 famant
829 577 929 648 priore
955 577 1060 644 mundi,
1078 578 1108 632 id
1126 587 1169 633 est
1186 584 1266 648 terra,
1287 579 1380 648 distat,
1401 580 1535 636 minorem
1547 597 1608 636 csse
1620 579 1679 636 iere
1691 587 1791 651 quarta

90 664 208 717 mdeste
228 662 408 733 portabatis
423 678 489 716 uero
503 670 645 733 perpetua
656 665 761 718 arden
773 664 928 732 lonpioscm
956 670 1050 735 parto,
1074 681 1159 735 quam
1178 664 1265 718 suerit
1281 665 1435 721 Ptolemaei
1452 665 1558 730 seculo,
1585 683 1617 720 ex
1637 683 1692 736 quo
1712 668 1789 724 colli-

90 750 180 803 trabit
197 749 320 804 limitem.
357 746 466 802 Cadent
492 766 559 819 erpo
587 750 698 815 stellae,
724 749 753 803 id
782 757 824 804 est
852 750 928 805 vide·
957 756 1038 822 gunt,
1055 751 1142 807 solem
1161 749 1245 807 hodie
1263 751 1344 808 nobis
1363 752 1525 809 viciniorem
1544 759 1689 810 11119916
1709 753 1790 809 milli·

90 834 196 890 buntur
212 833 326 904 cadere3
344 834 388 889 sel
405 840 531 891 cometae
547 835 576 889 in
595 836 678 890 nitrea
696 835 810 906 regione
819 835 927 891 11111111
954 836 1049 891 aribus
1067 836 1246 892 Germanicis.
1272 843 1296 904 1)
1313 837 1432 903 Quidam
1448 856 1499 909 per
1516 841 1633 895 virtutes
1649 841 1791 895 coelorum

91 921 228 976 decident.
262 919 366 991 Angeli
387 919 601 990 ejaculabuntur
619 925 663 977 tot
681 920 794 992 fulgura
810 926 839 975 et
857 921 927 993 igni-
954 921 1114 994 intelligunt
1132 923 1242 989 stellas,
1271 923 1337 994 quia
1357 925 1465 980 coelum
1482 941 1533 995 per
1554 925 1649 979 stelles
1667 926 1695 979 in
1713 932 1789 981 certo

90 1012 134 1061 tae
165 1006 355 1062 exhalationes
385 1007 526 1063 stellarum
552 1007 669 1064 formam
696 1007 861 1073 referentes,
896 1014 928 1062 ut
954 1007 1051 1063 ordine
1068 1025 1101 1064 ac
1121 1025 1203 1063 cursu
1225 1009 1375 1079 dispositas
1394 1010 1524 1066 virtutem
1538 1027 1615 1065 suum
1628 1012 1790 1066 inhaecin-

91 1092 188 1148 stellae
213 1091 291 1163 ipsae
321 1110 402 1149 ruere
428 1093 582 1149 videantur.
624 1099 651 1160 4)
678 1092 731 1158 Qui
756 1095 927 1165 prodipiosn
952 1092 1053 1150 feriore
1074 1095 1175 1150 exserit
1193 1111 1226 1149 ac
1246 1095 1343 1151 stellae
1362 1097 1582 1167 progrediuntur
1608 1097 1636 1151 in
1661 1115 1713 1152 sus
1735 1098 1790 1152 vir·

87 1196 210 1250 proram
228 1186 255 1234 et
271 1186 435 1249 portentosa
455 1180 484 1234 iu
501 1179 591 1235 stellis
614 1181 694 1251 aigne
716 1180 808 1235 adhue
831 1198 926 1252 exspa-
953 1184 1013 1234 tute
1030 1180 1103 1235 sicut
1120 1180 1202 1237 homo
1216 1180 1304 1236 libere
1315 1181 1345 1235 in
1356 1182 1440 1236 terris
1454 1181 1644 1238 obambulans.
1671 1182 1788 1248 Quando

91 1270 178 1331 ctsut,
196 1263 372 1334 splendorem
390 1281 485 1320 earum
502 1264 720 1320 imminuendum
734 1283 767 1321 se
779 1266 925 1322 debiliten·
954 1264 1115 1320 destituitur
1134 1267 1216 1322 homo
1236 1266 1352 1331 virtute,
1377 1273 1436 1321 tum
1454 1269 1590 1337 concidit,
1614 1269 1654 1323 ita
1678 1286 1789 1342 quoque

92 1350 167 1420 dum,
185 1349 253 1421 quin
271 1367 289 1405 a
306 1349 473 1421 quibusdam
493 1350 577 1422 plane
595 1350 762 1407 abolendum
777 1358 843 1407 ante
853 1352 925 1407 diam
953 1350 1065 1420 quando
1076 1351 1192 1405 virtutes
1203 1352 1344 1407 coelorum
1363 1351 1586 1420 infirmabuntur,
1604 1359 1671 1408 tunc
1690 1355 1788 1410 stellae

91 1435 273 1493 novissimum
293 1443 462 1507 exspectent
498 1437 571 1494 boel.
591 1445 661 1507 111.
681 1443 728 1495 20:
758 1438 865 1494 Stellm
883 1456 925 1493 re·
954 1434 988 1490 de
1020 1437 1100 1492 coelo
1130 1437 1238 1492 cedent
1275 1437 1303 1506 5)
1335 1436 1536 1509 Hieronymus,
1568 1438 1789 1510 chrysostomus,

90 1524 203 1577 trabant
220 1523 407 1592 splendorem.
443 1522 551 1578 Cadent
570 1539 637 1595 ergo
656 1524 692 1580 de
710 1525 788 1580 coelo
805 1541 861 1580 non
883 1541 926 1579 ra·
953 1520 1135 1592 Euthymiue,
1173 1523 1403 1594 Theophylactus
1432 1525 1460 1579 in
1491 1542 1587 1581 comm.
1616 1527 1789 1595 Augustinus

89 1609 166 1664 tione
182 1608 355 1664 substantiae
372 1609 422 1664 sed
439 1609 516 1678 lucis,
544 1609 610 1681 quia
627 1611 721 1665 lumen
738 1627 819 1664 suum
839 1615 925 1666 retre-
954 1624 1033 1661 serm.
1058 1612 1113 1663 131.
1132 1615 1166 1662 de
1184 1614 1267 1679 temp.
1285 1624 1336 1680 per
1346 1611 1461 1664 virtutes
1473 1611 1615 1664 coelorum
1630 1611 1790 1682 intelligunt

89 1694 165 1764 hent,
185 1699 219 1748 ut
237 1695 317 1765 quasi
335 1711 350 1749 e
368 1695 447 1751 coelo
465 1694 605 1762 cecidisse,
632 1712 689 1752 non
707 1695 824 1764 amplius
845 1697 874 1751 in
892 1713 925 1753 eo
954 1694 1076 1764 angelos,
1095 1694 1142 1765 qui
1160 1694 1297 1750 Hebraeis
1316 1695 1447 1750 dicuntur
1472 1686 1601 1769 mulin
1623 1686 1733 1771 nilqss,
1755 1699 1784 1752 hi

89 1796 151 1836 esso
179 1779 336 1837 videantur.
371 1781 401 1850 b)
430 1780 550 1845 Quidem
573 1783 694 1850 fipnrats
719 1786 747 1837 et
769 1784 929 1852 comparati
952 1794 1020 1849 ergo
1039 1781 1291 1849 commonebuntur,
1317 1781 1345 1835 id
1366 1786 1409 1835 est
1425 1781 1609 1839 admiratione
1628 1790 1657 1838 11
1675 1783 1789 1841 horrore

89 1865 241 1936 accipiunt,
261 1865 315 1923 hoo
335 1882 427 1936 sensu,
443 1871 523 1922 tenta
538 1867 590 1922 erit
607 1868 693 1925 totins
708 1867 852 1924 machinae
864 1884 925 1923 soe
953 1864 1154 1929 concutientur,
1174 1881 1237 1919 cum
1254 1865 1398 1939 videbunt,
1429 1868 1575 1923 maximam
1596 1876 1711 1924 11111111
1730 1886 1789 1924 mu·

88 1949 167 2006 lestis
184 1952 340 2021 concussio,
361 1956 392 2006 ut
411 1952 508 2007 stellae
526 1952 602 2024 ipsae
622 1969 638 2008 e
655 1954 734 2011 coelo
755 1954 855 2010 cadere
876 1971 925 2024 pu·
953 1954 1086 2006 1111111111
1104 1950 1171 2006 fieri.
1208 1952 1286 2007 Sicut
1310 1950 1384 2006 filim
1410 1954 1517 2022 tremit,
1542 1955 1654 2025 quando
1681 1961 1789 2026 patrem

89 2041 193 2093 tantur.
217 2038 340 2094 Eventus
358 2055 392 2093 ac
412 2038 471 2094 dies
488 2039 603 2095 Domini
621 2040 743 2097 omnium
762 2041 866 2112 optime
880 2040 927 2095 ills
953 2035 1054 2090 iratum
1071 2036 1098 2091 in
1114 2052 1208 2091 servos
1227 2037 1446 2094 animadvertere
1466 2039 1551 2109 videt,
1572 2040 1744 2097 lombardus
1764 2048 1788 2098 4.

92 2122 250 2194 explicabit.
953 2126 1070 2178 sentent
1085 2122 1148 2178 dist.
1169 2128 1211 2179 48.
1248 2122 1302 2178 Sed
1324 2125 1390 2195 quia
1407 2124 1497 2180 Lucae
1517 2142 1568 2196 pro
1588 2143 1673 2182 eausa
1689 2130 1788 2184 anxiae
1842 2119 1845 2124 ’

130 2215 188 2265 ltu.
223 2215 247 2265 3.
278 2209 399 2264 Vis-tutes
423 2212 578 2278 1111111111,
605 2212 662 2268 sire
689 2229 762 2285 quae
788 2212 818 2268 in
842 2213 927 2269 coelis
952 2209 1145 2279 trepidationis
1172 2217 1201 2264 et
1237 2212 1453 2280 exspectationis
1486 2212 1628 2267 hominum
1666 2215 1789 2285 subjicit,

40 2291 65 2307 '⁸
92 2302 164 2359 sunt,
181 2296 369 2351 monebantur.
389 2296 486 2353 Matth.
507 2303 548 2362 21,
565 2315 591 2351 1.
612 2298 757 2355 2911111.
781 2303 820 2368 13,
838 2315 864 2353 v.
885 2304 925 2354 25.
953 2312 1018 2348 nom
1036 2297 1152 2350 virtutes
1169 2297 1311 2351 coeloram
1336 2300 1592 2367 commonebuntur,
1617 2298 1679 2356 ideo
1704 2317 1789 2371 enge·

91 2381 186 2436 Lucae
203 2387 244 2448 21,
263 2399 288 2435 v.
308 2387 348 2438 21.
383 2382 508 2438 Tertium
527 2383 613 2454 igitur
633 2384 743 2455 signum
764 2385 817 2439 erit
841 2385 926 2438 virtu·
952 2382 1042 2437 lorum
1068 2381 1247 2437 invisibilium
1272 2383 1419 2438 invisibilis
1451 2383 1595 2441 admiratio
1620 2386 1666 2439 uix
1697 2392 1790 2457 potest

91 2475 149 2522 tum
168 2467 328 2522 rodanum
346 2476 443 2522 motus.
479 2473 512 2523 In
530 2468 639 2526 Gmoeo
668 2477 711 2525 est
736 2466 926 2526 ostentione·
951 2466 1083 2539 iutelligi,
1113 2468 1186 2524 adde
1210 2469 1285 2540 qnod
1309 2470 1457 2525 commotio
1483 2470 1535 2525 illa
1560 2471 1692 2526 virtutum
1716 2473 1789 2529 diem

91 2574 145 2617 sas,
164 2553 240 2623 quod
259 2553 370 2625 proprie
388 2553 527 2626 significet
542 2557 740 2624 concutientur,
756 2574 924 2625 conquassa-
949 2552 1047 2622 judicii
1070 2553 1107 2608 sit
1123 2571 1311 2624 praecessura,
1328 2555 1421 2627 angeli
1440 2562 1532 2610 1111111
1551 2557 1660 2627 inipso
1683 2559 1787 2628 judicio

92 2638 193 2693 metas
213 2640 302 2695 instar
319 2641 401 2695 maris
419 2656 437 2695 a
453 2639 585 2695 fluctibus
603 2642 776 2707 conturbati,
800 2658 833 2696 ae
859 2661 926 2697 con·
952 2639 1082 2693 dicuntur
1092 2646 1197 2696 terrore
1211 2642 1411 2698 commovendi.
1440 2645 1467 2708 b)
1491 2641 1610 2707 Quidem
1624 2645 1788 2714 angelorum

91 2727 222 2781 1111111111
235 2728 481 2796 periclitabuntur.
510 2726 669 2798 Usurpatur
682 2728 799 2784 enimds
816 2729 926 2785 calamo
952 2726 1164 2781 commotionem
1184 2730 1224 2781 sic
1241 2732 1396 2797 exponunt,
1422 2728 1497 2798 quod
1516 2730 1557 2780 ad
1574 2729 1712 2795 judicium
1728 2748 1788 2785 sese

95 2830 115 2866 a
131 2813 219 2867 nentis
237 2822 370 2882 quassato
388 2813 487 2870 Matth.
509 2819 549 2877 11,
572 2833 597 2869 v.
618 2820 642 2869 ’1.
670 2814 764 2869 Lucae
784 2821 808 2879 l,
832 2832 857 2871 v.
884 2820 924 2872 21.
949 2813 1177 2880 praeparabant,
1198 2829 1261 2867 eum
1280 2811 1412 2867 Christus
1431 2819 1564 2867 venturus
1583 2814 1619 2867 sit
1643 2813 1672 2868 in
1698 2816 1789 2888 gloria

91 2897 135 2954 De
164 2916 298 2954 meam
325 2918 460 2954 comessa
488 2899 556 2956 Luo.
577 2906 601 2969 6,
624 2917 649 2954 v.
669 2905 709 2957 as.
745 2901 788 2956 De
812 2903 925 2968 fanda-
951 2914 1014 2951 cum
1038 2898 1166 2954 omuibus
1187 2899 1300 2971 angelis.
1336 2898 1391 2954 Sed
1410 2898 1523 2955 Christo
1545 2901 1719 2969 propositum
1745 2907 1788 2956 eet

91 2986 190 3040 mentis
210 2986 324 3040 cadim
343 2987 425 3040 motis
446 2984 516 3041 Luc.
536 2992 560 3046 1,
579 3005 606 3043 v,
624 2992 666 3044 48,
686 2987 783 3043 Actor.
801 2992 826 3057 4,
845 3004 871 3040 v.
890 2991 920 3042 31
951 2983 1072 3038 visibilia
1090 2985 1232 3040 novissimi
1251 2986 1307 3039 diei
1332 2987 1413 3056 signe
1442 2986 1560 3044 1111111.
1596 2987 1623 3053 l)
1653 2989 1787 3043 Bossaeus

92 3087 116 3128 c.
138 3076 178 3141 16,
195 3089 220 3127 v.
243 3076 285 3128 26.
309 3088 343 3126 ao
363 3072 551 3143 metaphorice
574 3073 608 3127 de
633 3091 728 3127 rerum
751 3073 925 3126 instabilium
952 3085 1029 3125 cono.
1052 3075 1076 3125 2.
1097 3071 1131 3126 (11
1148 3076 1269 3127 extremo
1285 3071 1404 3141 judicio:
1428 3072 1550 3125 Virtutes
1560 3073 1703 3126 coelorum
1715 3092 1785 3129 com·

92 3158 243 3212 abolitione
273 3176 308 3212 ac
334 3159 487 3213 mutatione
515 3159 599 3215 Hebe.
616 3163 657 3226 12,
680 3176 706 3214 1.
726 3164 814 3215 2111
834 3163 926 3215 2111
951 3156 1145 3224 movebuntur,
1171 3158 1205 3211 id
1225 3166 1264 3212 est
1281 3167 1401 3212 mutones
1424 3159 1521 3227 anqeli
1544 3159 1637 3212 coelos
1661 3161 1788 3215 eluerent

93 3243 923 3315 11111111111111111111111111112125.2.Τ1111.
951 3259 1104 3311 errareque
1131 3243 1230 3299 sinmt.
1277 3243 1410 3299 Similiter
1436 3244 1586 3299 Baesadine
1616 3245 1690 3301 dicto
1718 3247 1786 3303 loco.

93 3334 117 3398 2,
138 3346 164 3385 v.
179 3335 203 3386 2.
230 3331 310 3384 Hauc
328 3332 461 3386 virtutum
481 3331 641 3388 coelestium
660 3332 872 3387 commotionem
891 3348 924 3385 ac
953 3327 1007 3383 Sed
1032 3328 1195 3399 hypothesis
1221 3329 1256 3385 de
1280 3330 1471 3402 intelligentiis
1494 3330 1602 3386 orbium
1627 3333 1787 3388 coelestium

92 3416 299 3474 concussionem
317 3418 393 3471 varie
409 3423 550 3488 exponunt
568 3417 739 3488 interpretes.
778 3420 802 3484 1)
819 3417 874 3482 Qui
888 3417 924 3471 ad
953 3416 1113 3471 matricibus
1136 3416 1259 3472 nondum
1283 3423 1325 3470 111
1354 3417 1550 3472 demonstrata.
1587 3417 1612 3484 8)
1640 3418 1710 3473 eum
1737 3438 1788 3490 per

91 3501 173 3573 signa
191 3501 329 3572 judicium
351 3503 510 3559 immediate
543 3502 736 3558 antecedentia
765 3502 925 3557 vaticinium
952 3503 1058 3554 coelam
1076 3511 1197 3555 amarae
1217 3519 1234 3556 a
1252 3503 1331 3559 coelo
1343 3503 1450 3573 gratiae
1464 3510 1492 3557 11
1505 3503 1610 3574 gloriae
1625 3504 1786 3560 distinctum

40 3584 79 3629 Ἄ
91 3587 194 3643 Christi
213 3591 350 3654 referunt,
376 3591 449 3644 hanc
473 3589 685 3646 commotionem
712 3589 752 3644 sic
775 3595 925 3659 exponunt,
951 3586 979 3641 in
990 3588 1138 3658 Scripturie
1156 3588 1330 3658 intelligatur
1346 3594 1406 3643 tota
1417 3588 1494 3659 regio
1506 3591 1591 3644 eirea
1605 3597 1633 3645 et
1646 3589 1786 3662 11111111,

90 3674 165 3744 quod
180 3675 272 3734 insum
285 3674 488 3731 firmamentum
505 3676 626 3732 coeleste
643 3692 677 3730 ex
691 3675 748 3729 suis
763 3675 924 3729 cardinibus
952 3690 1024 3743 quae
1041 3675 1077 3729 11
1095 3673 1175 3744 aquis
1193 3680 1310 3728 1111111
1326 3691 1414 3745 usque
1434 3674 1470 3729 ad
1499 3676 1581 3730 lunae
1608 3677 1702 3732 orbem
1726 3694 1787 3735 sese

88 3761 276 3816 revellendum
293 3760 321 3815 in
339 3762 384 3815 die
402 3761 552 3817 novissimo
565 3761 800 3815 sittransiturum.
830 3763 857 3827 2)
869 3759 922 3823 Qui
952 3760 1111 3830 exporrigit,
1142 3760 1203 3816 ideo
1230 3776 1280 3830 per
1303 3763 1511 3814 commotionem
1537 3763 1672 3815 uirtutum
1699 3767 1786 3821 coele·

89 3847 125 3901 ad
144 3848 225 3919 signa
240 3847 377 3917 judicium
399 3856 576 3903 antecessura
594 3847 663 3902 illud
677 3845 809 3917 referunt,
829 3863 923 3902 eorum
952 3848 1043 3909 stium,
1062 3846 1091 3900 id
1109 3853 1151 3901 est
1168 3848 1308 3902 coelorum
1328 3845 1553 3912 firmissimorum,
1574 3848 1686 3918 quidam
1706 3850 1785 3906 intel·

90 3933 203 4003 quidam
224 3932 290 3990 ensi
314 3930 398 4010 ῥητόν
417 3939 445 3989 11
462 3935 574 4004 proprie
593 3934 621 3988 id
641 3934 790 4003 accipiunt,
811 3933 923 4004 quidem
952 3931 1043 4003 ligant
1061 3932 1199 4003 insignem
1216 3933 1337 4003 aliquam
1355 3933 1384 3986 in
1406 3933 1484 3989 coelo
1500 3933 1629 3990 aethereo
1658 3941 1686 3989 et
1704 3938 1786 3992 abrec

88 4035 154 4075 vero
172 4020 349 4089 metaphoras
370 4026 398 4075 et
414 4021 561 4092 allegoriae
588 4025 736 4074 sectantur.
772 4017 815 4072 Ex
833 4018 925 4088 priora
952 4020 1131 4074 mutationem
1151 4026 1180 4073 et
1199 4018 1352 4073 mirabilem
1373 4019 1433 4088 ejus
1454 4017 1568 4088 faciem,
1589 4026 1621 4073 ut
1639 4020 1679 4075 sic
1704 4023 1787 4077 deno·

90 4106 178 4160 classe
199 4106 311 4176 quidam
330 4108 366 4159 de
385 4108 489 4160 mmmm
508 4106 668 4163 coelestiam
685 4108 859 4159 decremento
880 4121 922 4159 ac·
951 4111 1045 4159 tentur
1062 4105 1194 4159 inusitate
1213 4105 1363 4173 chasmate,
1391 4113 1515 4160 cometae
1533 4105 1668 4168 turbines,
1691 4115 1786 4163 vento·

89 4192 202 4262 cipiunt
247 4193 486 4257 Quemadmodum
513 4193 586 4247 enim
610 4192 694 4247 vestis
721 4208 739 4245 a
763 4192 852 4262 prima
874 4208 926 4245 sua
952 4207 1013 4244 rum
1031 4191 1192 4262 grandines,
1218 4191 1328 4261 pluviae
1345 4191 1528 4262 sanguineae,
1557 4190 1701 4247 horribiles
1719 4200 1787 4248 tem-
1800 4203 1854 4248 111
1870 4205 1918 4251 ato,

88 4277 249 4350 integritate
267 4279 401 4350 paulatim
427 4285 550 4334 mutatur
575 4296 609 4334 11
632 4277 797 4349 quotidiano
821 4295 874 4331 usu
898 4285 927 4331 et
952 4283 1083 4347 pestates,
1102 4292 1192 4331 novae
1210 4277 1307 4332 stelles
1317 4275 1431 4331 infausti
1443 4282 1472 4330 ot
1488 4276 1617 4330 horrendi
1630 4278 1787 4348 adspectus,

92 4369 231 4418 vetustate
259 4365 406 4431 deteritur3
438 4364 479 4420 ita
502 4381 614 4435 quoque
637 4364 712 4417 coeli
737 4364 925 4416 111111111ιί-
951 4363 1079 4433 adeoque
1099 4362 1206 4429 omnia,
1234 4380 1304 4433 queo
1323 4362 1352 4415 in
1371 4361 1500 4416 aetherea
1524 4368 1551 4415 et
1569 4362 1652 4416 eirea
1675 4364 1788 4433 regione

93 4452 180 4504 menti
196 4459 399 4506 veterascentes
425 4449 524 4505 Psalm.
548 4454 713 4510 101121.
739 4447 843 4502 viribus
858 4448 925 4515 suis,
951 4449 1182 4513 extraordinaria,
1212 4447 1324 4502 insolite
1350 4464 1383 4500 ac
1407 4445 1655 4516 praeternaturalia
1681 4450 1788 4503 contin-

94 4552 163 4608 quas
176 4536 205 4590 in
225 4537 388 4591 sublunaria
397 4536 531 4603 obtinent,
549 4535 683 4591 deficient
709 4533 925 4588 Testaturenim
953 4543 1030 4605 gunt.
1068 4536 1094 4600 9)
1112 4533 1165 4597 Qui
1186 4533 1342 4602 alleporias
1362 4536 1510 4594 secuntur,
1529 4533 1663 4586 virtutum
1676 4534 1787 4604 spiritu·

93 4623 276 4693 experientia,
302 4623 475 4692 superiorum
503 4638 650 4692 corporum
679 4620 839 4676 coelestium
866 4619 925 4674 effi-
950 4621 1035 4676 alium
1055 4621 1084 4675 in
1103 4621 1180 4676 coelo
1202 4619 1318 4690 gratiae,
1335 4618 1364 4671 id
1384 4622 1426 4672 est
1444 4618 1472 4671 iu
1493 4617 1617 4687 ecclesis,
1639 4620 1788 4675 motionem

93 4709 247 4783 1111111111
265 4708 335 4764 haec
353 4709 482 4764 inferiora
509 4725 565 4764 nou
590 4724 650 4763 esse
673 4714 793 4772 mutam,
820 4715 925 4777 quanta
952 4706 1120 4776 intelligunt.
1149 4704 1250 4760 Confer
1267 4701 1446 4759 Ambrosium
1464 4702 1510 4758 lib.
1532 4708 1570 4758 1⁰.
1591 4704 1619 4757 in
1640 4705 1707 4760 Luc.
1722 4722 1788 4777 pag.

93 4795 146 4850 tuit
172 4795 361 4866 superioribus
386 4795 493 4850 seculis.
530 4796 557 4864 3)
586 4794 705 4860 Quidam
731 4810 782 4864 per
808 4794 926 4847 virtutes
955 4798 1011 4851 111.
1055 4790 1211 4845 Secundam
1240 4797 1268 4845 et
1294 4795 1420 4845 octavam
1447 4790 1648 4860 expositionem
1674 4790 1787 4861 reliquis

93 4881 232 4938 coelorum
246 4882 337 4952 ipsum
351 4881 553 4936 firmamentum
568 4897 602 4934 ac
614 4881 716 4946 stellae,
734 4896 843 4935 omnem
857 4879 927 4934 coeli
952 4876 1166 4949 probabiliorem
1182 4892 1242 4931 esee
1259 4875 1426 4947 judicamus.

93 4968 226 5033 militiam,
244 4967 370 5039 planetas
391 4984 494 5035 omnes,
515 4968 640 5039 adeoque
661 4967 737 5036 ipsos
754 4967 848 5021 coelos
871 4965 926 5021 ior·
988 4970 1044 5022 191.
1081 4972 1105 5021 1.
1133 4965 1173 5016 Et
1190 4970 1255 5016 tnnc
1273 4962 1423 5031 apparebit
1444 4963 1553 5030 sipnum
1571 4963 1645 5018 Filii
1668 4963 1819 5024 lominus,
1837 4983 1931 5032 argum

93 5061 134 5111 tes
151 5072 185 5111 11
203 5055 333 5112 robustos
350 5055 518 5126 intelligunt,
537 5062 569 5109 ut
587 5056 701 5108 uirtutes
719 5053 927 5108 coelornmsint
953 5050 1079 5106 incaelo
1099 5049 1199 5106 Matth.
1220 5055 1260 5117 24,
1279 5067 1304 5103 v.
1324 5053 1365 5105 bt).
1402 5047 1538 5113 Quartum
1559 5051 1645 5120 igitur
1671 5057 1786 5124 σημεῖον
1799 5035 1908 5127 gigig*

94 5157 142 5212 per
159 5141 330 5213 hypallagen
347 5141 505 5197 Hebraeum
522 5141 592 5196 coeli
610 5140 752 5206 virtutum,
774 5140 804 5195 id
818 5139 926 5194 estvir·
953 5139 1005 5194 1111
1022 5138 1099 5207 sipni
1116 5137 1189 5190 Filii
1205 5137 1325 5190 bominis
1346 5137 1375 5188 in
1396 5137 1651 5204 eoeloconspectus.
1684 5137 1785 5203 llQui·

95 5227 202 5282 tutibus
220 5228 357 5297 pollentes
375 5246 423 5284 seu
449 5226 611 5296 firmissimi,
636 5243 707 5298 quos
733 5225 830 5280 dicunt
855 5244 926 5279 com·
953 5225 1017 5278 dam
1045 5240 1096 5293 per
1125 5225 1235 5292 sipnnm
1264 5223 1339 5276 Filii
1364 5222 1486 5275 bominis
1511 5221 1671 5292 intelligunt
1698 5223 1788 5292 ipsum

95 5316 255 5380 movendos,
284 5314 313 5368 id
338 5319 380 5368 est
406 5313 581 5384 esuperiore
604 5319 632 5367 et
651 5312 772 5366 uatursli
791 5312 852 5368 looo
878 5312 926 5365 de·
952 5311 1053 5365 Filium
1082 5309 1202 5364 hominis
1234 5315 1365 5378 tanquam
1392 5309 1502 5378 signum
1531 5308 1713 5362 certissimum
1741 5308 1788 5362 sd·

95 5400 259 5466 mittendos,
284 5399 441 5454 existimant
460 5399 534 5454 enim
553 5397 708 5452 machinam
724 5397 796 5453 coeli
819 5397 927 5468 aliquot
951 5403 1050 5452 uentus
1067 5395 1127 5465 ejus
1148 5395 1346 5465 adjudicium,
1371 5394 1444 5448 sicut
1463 5393 1605 5448 Abraham
1624 5393 1726 5449 dicitur
1744 5409 1788 5449 ac·
1873 5420 1878 5429 ·

96 5488 259 5543 milliaribus
274 5487 357 5544 hodie
376 5486 533 5543 inferiorem
552 5501 628 5553 esse,
654 5500 738 5555 qnam
755 5485 841 5541 1111111
860 5489 930 5540 tem·
951 5483 1055 5555 cepisse
1073 5483 1183 5550 manum
1202 5481 1432 5552 eiresnncisionis,
1450 5480 1480 5534 id
1498 5487 1540 5537 est
1557 5479 1647 5554 ipsam
1668 5480 1783 5535 circum·
