4050 6014
698 216 937 276 malumno
957 218 1030 277 SEU
1044 218 1177 276 raom
1195 219 1386 276 munus.
1822 230 1882 288 237

192 372 312 426 itturusn
326 374 502 443 praessuram,⁸
521 372 622 443 quibvs
639 372 722 427 nuiiu
740 375 897 429 consolatio
916 381 957 429 sst
973 376 1025 428 ud·
1051 375 1151 444 ipnsm,
1171 393 1229 428 nnn
1246 376 1360 445 quidem
1377 375 1407 428 iss
1426 390 1457 429 se
1474 381 1503 427 et
1521 391 1575 428 sua
1594 382 1709 444 natura,
1726 376 1824 428 sedin
1842 377 1885 443 ef·

192 459 287 517 mnata.
324 460 407 514 Nono
424 460 635 514 consideranda
654 468 693 513 est
715 476 810 529 poena
829 461 929 514 damni
946 461 1024 513 dam·
1051 461 1173 525 festibus
1185 461 1317 530 justitiae
1334 476 1409 516 nme.
1445 476 1469 514 c.
1489 466 1512 516 t.
1544 461 1609 512 Non
1637 461 1728 513 sotum
1755 462 1785 514 in
1798 477 1886 529 prus-

192 553 330 602 natorum.
368 548 485 600 Decima
504 546 716 601 consideranda
736 554 777 600 est
793 548 919 615 grandus
936 547 1025 608 inser·
1051 549 1142 601 sesstia
1160 549 1250 601 omnis
1267 548 1354 616 maii,
1377 564 1472 601 verum
1491 545 1576 599 etiam
1596 547 1626 597 in
1647 547 1774 601 absentia
1795 547 1885 601 omnis

192 631 300 684 natium
320 638 519 686 tormentorum
537 633 577 702 eoi
592 641 679 702 parte
697 633 877 703 patientium.
911 630 1025 686 Omthe·
1038 690 1040 714 ,
1053 635 1118 688 beni
1134 642 1215 688 emant
1229 651 1339 702 paenae
1358 643 1383 687 et
1404 633 1546 687 cruciatus
1572 634 1784 703 damnatorum,
1817 635 1885 704 quia

191 716 253 770 nius
272 717 289 772 l.
307 722 331 773 3.
347 717 382 772 de
401 725 520 787 quatuor
539 718 639 772 noviss.
659 734 682 772 c.
695 724 726 776 l:
748 719 842 772 Erunt
860 718 891 771 in
910 718 1025 776 infervm
1039 726 1040 731 ’
1052 721 1186 773 carebunt
1207 720 1266 772 Dei
1281 720 1387 787 qratia,
1407 719 1468 772 sins
1487 736 1544 787 qua
1564 719 1614 788 qui
1629 719 1705 787 vicit,
1731 721 1831 773 mism
1850 720 1890 772 vi·

187 819 298 871 poenae
317 803 467 857 interiores
489 811 514 857 et
534 804 696 858 anteriores.
736 804 875 866 Quantum
901 805 944 857 ad
965 820 1025 857 cor·
1038 806 1107 875 leia·
1139 806 1271 859 carebunt
1296 807 1374 858 amni
1400 805 1558 874 uoluptate,
1589 805 1691 857 nedum
1716 805 1831 858 cocheti
1855 821 1890 859 vc

185 906 243 958 pus
263 897 386 957 spumat,
406 890 562 959 punientur
582 891 713 943 damnati
730 907 749 942 u
769 897 891 959 quutuer
910 889 1025 943 etenen-
1052 892 1157 959 dieina,
1174 893 1228 945 seri
1243 893 1328 944 etium
1347 889 1505 959 temporali.

191 974 240 1039 tis,
265 981 356 1042 terra,
385 991 475 1045 aque,
504 976 568 1042 ipae
594 983 621 1028 et
647 981 719 1030 atre.
755 976 781 1028 A
801 983 881 1028 terra
904 975 1025 1044 quiden,
1086 983 1127 1034 36.
1163 976 1293 1034 Sedenim
1311 982 1343 1030 ut
1361 977 1526 1039 gravitatem
1541 991 1694 1044 poenarum
1711 974 1887 1030 infernalium
1900 980 2005 1023 ursum

190 1061 259 1128 quia
276 1062 400 1129 undique
419 1077 455 1115 ea
473 1061 664 1125 vallabantur,
681 1062 732 1130 qui
744 1063 789 1115 bio
802 1061 902 1115 ordine
914 1061 1025 1115 inemo
1051 1079 1251 1135 cognoscamus
1270 1060 1402 1129 exsctlns,
1422 1062 1589 1116 meditemur
1608 1061 1759 1115 studiosius
1776 1068 1804 1115 et
1822 1077 1887 1116 con·
1900 1042 2020 1126 iim

190 1155 304 1200 terrena
320 1147 518 1215 praetulerunt
534 1155 628 1200 terrae
647 1149 787 1215 crsatvri;
814 1147 849 1199 ab
867 1151 933 1201 ubre
949 1147 1026 1199 simi·
1051 1155 1198 1219 sequenter
1215 1155 1339 1220 peccata,
1359 1147 1460 1218 quibus
1472 1147 1536 1201 illae
1556 1147 1633 1201 relat
1650 1165 1668 1201 a
1685 1148 1779 1202 cascia
1798 1147 1888 1203 nubes
1901 1134 2022 1237 {22:2¹0st

190 1233 256 1287 liter
272 1232 442 1301 minitetur,
469 1233 537 1301 qvia
556 1232 596 1285 ibi
615 1232 790 1300 calibium
809 1232 865 1284 ml
889 1240 916 1285 oi
939 1233 1024 1293 t'oets'·
1050 1235 1233 1302 attrahuntur‚
1254 1234 1393 1305 fugiamus
1413 1234 1530 1302 cautius,
1557 1234 1768 1304 progrediemur
1786 1234 1814 1287 in
1833 1233 1888 1288 iilis
1902 1249 1929 1279 π
1945 1215 2016 1288 qum'·

190 1319 260 1386 dass,-
281 1317 317 1370 ab
335 1318 400 1385 iqne
416 1319 450 1370 eb
470 1318 594 1371 caivrcm
612 1318 736 1383 nimiam,
755 1316 791 1370 ab
810 1333 887 1386 aqua
906 1317 941 1369 ob
958 1317 1025 1369 stri·
1050 1321 1221 1391 explicandis
1240 1321 1292 1375 boc
1316 1321 1418 1376 ordine.
1456 1320 1488 1374 ln
1514 1321 1609 1390 poenis
1635 1320 1735 1374 inferni
1761 1320 1888 1374 conside·
1901 1292 2018 1383 iiiiii:

190 1406 260 1456 dens
276 1404 377 1471 frique
395 1408 445 1458 etc.
483 1404 546 1456 eta
565 1405 595 1456 in
612 1402 714 1456 ultima
731 1404 833 1455 mundi
855 1403 1025 1481 purgatione
1050 1406 1138 1461 rande
1170 1414 1212 1462 est
1243 1423 1337 1463 esrurn
1370 1412 1428 1460 tum
1461 1407 1619 1474 qrsantitas,
1658 1412 1717 1458 tum
1754 1406 1887 1474 qualitas.
1901 1394 2023 1494 ffigffsp'ffl,

189 1492 331 1559 <imm
353 1488 515 1558 ¹⁶9r⁰t⁶⁸i⁰
537 1489 735 1542 ‘lssmmifflm
762 1495 787 1542 d
811 1489 952 1558 qvidqvid
970 1504 1024 1557 pu·
1050 1493 1197 1557 Quantitas
1216 1500 1259 1549 est
1284 1494 1327 1547 vel
1353 1494 1492 1554 (tisoreta,
1518 1491 1562 1546 vel
1582 1493 1722 1546 continuo.
1759 1493 1804 1545 Ad
1831 1491 1886 1546 dis·
1901 1498 2019 1540 vsrtststs.

189 1594 251 1629 mm
271 1583 311 1629 est
330 1592 364 1629 au
383 1574 490 1645 nobile,
514 1577 644 1644 asperius
661 1574 814 1628 remambit
830 1576 872 1628 ad
888 1575 1025 1644 gaudium
1051 1586 1152 1634 cretam
1174 1579 1358 1650 quantitatem
1378 1596 1519 1639 navamus,
1538 1578 1573 1631 ad
1591 1579 1751 1632 continuam
1769 1577 1887 1633 refertur

190 1670 216 1715 et
234 1662 404 1726 felicitatem
415 1662 568 1730 justarum,
587 1662 730 1731 quidquid
745 1661 907 1726 iqnobiiett
926 1662 1166 1735 faesio-mennas.
1204 1666 1341 1722 Numerus
1358 1664 1534 1720 infernalium
1562 1679 1713 1734 poenarum
1738 1682 1771 1718 ex
1795 1663 1886 1719 multi·

189 1748 349 1811 beniamin
368 1748 512 1811 infernum
526 1747 699 1816 projicietur
716 1748 897 1815 adpossem
917 1747 1024 1814 iniquo
1050 1752 1116 1822 plici
1143 1751 1293 1807 earundem
1324 1752 1458 1806 varietate
1494 1749 1641 1818 colligitur.
1685 1750 1789 1820 Ecquis
1820 1766 1887 1804 raro

189 1852 267 1900 rrsm,
294 1841 323 1885 vt
343 1835 482 1902 qwmvdc
502 1833 592 1886 omnis
611 1841 745 1886 areanum
770 1833 830 1886 Dei
853 1834 908 1885 erit
936 1833 1025 1885 beatis
1050 1837 1131 1892 istam
1152 1839 1314 1892 varietatem
1330 1838 1423 1892 animo
1437 1836 1594 1906 complecti,
1612 1836 1713 1890 nedum
1731 1836 1823 1890 verbis
1841 1853 1886 1891 ex·

189 1919 288 1986 quadis·
305 1920 435 1982 materia,
453 1920 495 1971 sie
514 1926 541 1972 st
559 1920 704 1973 dvmnmu
723 1936 756 1971 ee
775 1919 900 1972 omnibus
912 1927 1024 1972 creatu·
1051 1923 1154 1996 plicare
1172 1924 1287 1993 potest?
1322 1923 1462 1994 Quidquid
1481 1923 1509 1977 in
1530 1922 1581 1976 hac
1600 1922 1658 1976 vita
1675 1921 1795 1976 occumit
1819 1922 1886 1976 mali

190 2009 232 2060 ris
250 2013 415 2060 tormentum
432 2009 560 2061 anecdot.
596 2006 699 2060 Altera
717 2022 812 2074 poena
829 2006 952 2058 exterior
971 2006 1024 2057 trit
1052 2016 1081 2065 et
1101 2011 1224 2073 adversi,
1254 2009 1321 2063 illud
1346 2026 1426 2064 omne
1451 2009 1487 2062 ad
1507 2024 1610 2078 poenas
1629 2007 1729 2061 inferni
1745 2013 1887 2078 utcunque

188 2093 359 2161 iniquisque
378 2092 503 2145 semma
523 2093 676 2161 corporeis,
700 2095 770 2160 arms,
795 2093 904 2158 auditu,
933 2099 1024 2158 quatu,
1052 2095 1230 2166 explicandus
1255 2096 1282 2148 in
1311 2094 1461 2164 Scripturis
1485 2093 1642 2148 adhibetur.
1681 2093 1781 2164 Ecquis
1810 2099 1888 2148 certo

190 2178 315 2241 vitavit.
339 2185 424 2232 12012·
461 2178 537 2230 Nam
555 2178 632 2250 ⁰²³⁰?
651 2178 734 2244 tout,
760 2177 846 2230 leuat
866 2177 1025 2230 titillatum·
1051 2181 1147 2236 ordine
1168 2187 1196 2234 et
1212 2196 1326 2235 numero
1346 2180 1490 2249 complecti
1504 2184 1596 2249 potest
1609 2195 1712 2249 poenas
1725 2179 1795 2244 illas,
1816 2196 1888 2250 quse

191 2281 243 2333 que
263 2264 370 2317 iumine
384 2281 419 2316 ae
435 2263 588 2332 splendore
605 2264 774 2332 privabitur,
802 2280 852 2317 neo
869 2280 925 2316 non
945 2262 1026 2316 t'tri-
1051 2268 1159 2322 ratione
1177 2267 1349 2322 aeternitatis
1374 2271 1439 2319 sunt
1464 2267 1590 2328 infinitas
1615 2274 1641 2319 et
1660 2266 1888 2334 interminabiles,

190 2351 228 2403 tii
246 2358 270 2401 tt
288 2358 448 2403 mutilorum
476 2350 598 2402 omilium
621 2348 743 2411 ”stimi
772 2357 871 2402 contra
893 2349 1027 2418 putitiu?
1052 2353 1158 2409 ratione
1176 2352 1337 2423 multiplicis
1357 2352 1502 2406 varietatis
1525 2351 1756 2418 innumerabiles,
1781 2351 1888 2406 ratione

185 2438 264 2505 jusu,
283 2440 361 2502 tunso
381 2453 415 2488 ac
434 2435 662 2503 turpissimorum
674 2437 842 2488 daemonum
854 2436 1027 2503 omniumque
1053 2437 1213 2493 acerbitatis
1225 2443 1253 2492 et
1266 2437 1429 2492 intensionis
1443 2437 1687 2492 inaestimabiles!
1715 2435 1887 2492 conabimur

192 2525 389 2576 damnatarum
413 2523 565 2590 adspectu,
590 2536 690 2586 aures,
719 2539 791 2589 quae
818 2539 891 2575 nune
915 2521 1029 2575 vocanti
1053 2533 1145 2578 tamen
1164 2540 1197 2578 eo
1215 2539 1303 2594 nsque
1320 2523 1465 2592 progredi,
1490 2539 1547 2593 quo
1565 2522 1593 2576 in
1612 2522 1696 2593 hujus
1719 2523 1794 2577 vitae
1817 2523 1887 2576 cali-

192 2608 305 2662 Gbristo
333 2609 522 2669 classduntur,
551 2607 667 2661 diabolo
694 2607 828 2661 svadsms‘
853 2608 1027 2676 aperiuntur,
1054 2611 1119 2681 gine
1142 2617 1169 2664 et
1194 2607 1354 2664 infirmitate
1380 2624 1541 2678 possumus,
1569 2624 1640 2678 quae
1664 2608 1736 2662 enim
1765 2613 1793 2662 et
1821 2613 1890 2679 quot

192 2695 315 2748 clamere
333 2693 466 2747 horribili
484 2692 665 2762 assiduisque
683 2693 871 2763 tiluspbenis'is,
890 2710 960 2763 quus
977 2710 1027 2745 uu·
1053 2697 1111 2749 sint
1134 2694 1235 2750 inferni
1262 2710 1382 2763 poenae,
1408 2694 1482 2748 solus
1507 2691 1584 2748 Deua
1610 2693 1688 2747 norit
1710 2697 1889 2767 θεωρητικαῖς,

192 2783 278 2849 disat,
296 2779 512 2849 torquebsmtur,·
541 2788 639 2847 quaties
656 2781 709 2854 siti
723 2787 750 2832 st
767 2781 846 2843 fame
866 2780 1026 2846 affliqetur,
1054 2781 1158 2835 diaboli
1176 2786 1204 2834 et
1220 2780 1342 2834 damnati
1364 2781 1457 2834 sciunt
1476 2782 1634 2855 πρακτικῶς
1652 2780 1699 2834 rel
1717 2780 1810 2848 potius
1832 2801 1887 2835 nu-

191 2869 267 2922 omni
286 2867 412 2921 ciborum
424 2874 451 2919 et
470 2874 585 2935 pmaam
600 2866 744 2934 erotuptute
759 2867 941 2938 privabitur;
960 2866 1027 2918 ode·
1053 2868 1179 2937 θητικῶς,
1202 2866 1295 2920 nullus
1312 2871 1405 2921 autem
1424 2865 1565 2919 bominum
1587 2865 1614 2918 in
1632 2864 1675 2919 his
1690 2865 1770 2919 terris
1793 2864 1888 2919 virens

191 2962 273 3007 ratus
297 2953 428 3016 sulfureo
452 2954 561 3017 foetore
585 2952 774 3021 torquebitur,
796 2968 858 3005 cum
884 2952 1028 3004 stemmatis
1054 2953 1168 3008 definire
1188 2958 1216 3008 et
1235 2952 1373 3021 explicare
1391 2957 1483 3022 potest
1501 2951 1711 3013 danismanis.
1752 2951 1888 3006 Potuisse·

192 3042 265 3093 enim
283 3056 378 3093 omnes
397 3040 482 3107 bajas
508 3039 597 3093 surdi
616 3041 728 3107 faeces,
751 3039 940 3108 sterquilinia,
966 3038 1026 3098 soe·
1054 3055 1114 3094 mus
1132 3046 1224 3094 autam
1245 3039 1273 3091 in
1293 3038 1430 3107 principio
1457 3038 1508 3091 hac
1532 3037 1572 3091 uti
1598 3037 1789 3101 distinctione,
1814 3037 1890 3107 quod

192 3133 266 3179 tores
285 3127 315 3178 in
335 3125 479 3187 infernum
495 3141 545 3178 ceu
563 3126 593 3177 in
613 3125 741 3178 cloacam
759 3127 903 3193 quandam
916 3125 1026 3177 mecen-
1053 3124 1199 3196 Scriptura
1217 3123 1317 3178 inferni
1333 3140 1436 3194 poenas
1449 3122 1588 3178 describat
1609 3130 1629 3178 1.
1642 3123 1734 3177 verbis
1748 3123 1889 3192 propriis,

192 3215 275 3277 dent,·
293 3213 414 3280 denique
433 3219 525 3264 tactus
545 3212 620 3265 intus
640 3218 666 3265 st
686 3220 767 3264 entra
788 3211 929 3264 nseduitas
949 3226 1026 3263 acer·
1053 3211 1081 3265 in
1101 3227 1185 3266 sensu
1211 3210 1312 3265 literali
1339 3209 1522 3278 accipiendis,
1547 3213 1570 3263 2.
1591 3208 1720 3276 tipuratis
1744 3226 1779 3261 nc
1804 3215 1889 3262 mda-

193 3299 305 3353 bissimo
324 3299 389 3366 iqne
408 3305 548 3350 momente
565 3297 748 3365 torquebitur.
786 3297 905 3350 Accedit
923 3304 948 3349 et
966 3296 1027 3349 alia
1048 3297 1192 3367 pioricis,
1221 3312 1254 3352 ex
1284 3311 1366 3349 seusu
1394 3301 1423 3349 et
1452 3311 1504 3348 usu
1528 3293 1611 3364 hujus
1636 3294 1720 3348 seculi
1746 3294 1888 3350 traductis.

191 3401 284 3454 poena
301 3384 431 3449 anterior,
450 3383 588 3451 siquidem
601 3398 723 3451 corporo
738 3383 934 3435 damnatorum
948 3385 1030 3434 erum
1054 3383 1108 3438 Sed
1129 3381 1306 3454 quianullus
1334 3381 1474 3435 hominum
1498 3386 1595 3435 exacte
1622 3380 1693 3434 seire
1717 3396 1750 3434 ao
1775 3380 1890 3435 delinire

192 3472 348 3537 deformia,
376 3469 543 3538 passibilia,
573 3471 674 3535 tarda,
701 3471 870 3537 poncierosa,
900 3469 1027 3533 obscura,
1054 3475 1158 3540 potest,
1201 3484 1272 3540 quse
1301 3466 1500 3537 descriptiones
1532 3482 1682 3535 poenarum
1713 3465 1888 3521 infernalium

188 3556 322 3624 pallida,
351 3572 451 3623 opaca.
489 3555 616 3607 Ceterum
636 3555 780 3621 eiuunodi
800 3570 910 3622 poenae
928 3571 1027 3624 corpo·
1054 3556 1110 3609 sint
1128 3556 1273 3625 propriae,
1293 3570 1366 3626 qnae
1384 3570 1448 3609 vero
1461 3555 1616 3621 fianatae,
1640 3552 1703 3609 ideo
1718 3554 1800 3622 juxta
1817 3552 1890 3607 banc

192 3658 260 3695 reae
283 3657 467 3710 sensussmque
490 3641 659 3695 anteriorum
681 3641 711 3692 in
736 3642 858 3693 animam
885 3641 1028 3710 ipsumque
1055 3637 1258 3698 distinctionem
1274 3641 1393 3695 varietas
1415 3639 1525 3695 illomm
1542 3640 1678 3693 malorum
1698 3640 1743 3692 vix
1756 3645 1849 3709 potest
1860 3641 1890 3695 in

192 3743 290 3781 sensus
307 3728 425 3794 refluant
451 3743 486 3778 ac
513 3726 727 3789 redundabunt,
757 3726 786 3778 in
815 3726 1028 3793 imaqinntivam
1054 3734 1143 3782 certas
1166 3728 1267 3782 elasam
1288 3726 1384 3796 redigi.
1425 3725 1486 3780 Alia
1505 3725 1591 3796 igitur
1607 3732 1717 3779 utamur
1740 3725 1792 3780 riu
1831 3724 1891 3780 Ma·

193 3815 332 3873 videlicet,
347 3813 559 3880 aestimativam,
574 3812 738 3865 memorium
752 3813 921 3881 sensitivam,
940 3814 1027 3882 ptan-
1054 3813 1083 3867 la
1101 3812 1200 3868 inferni
1219 3811 1413 3867 describuntur
1434 3811 1513 3866 nobis
1536 3817 1556 3865 1.
1577 3812 1700 3881 γενικῶς,
1729 3810 1891 3881 appellatin-

193 3901 295 3954 tasiam
311 3915 475 3967 sensumque
495 3915 670 3954 commissam.
709 3898 895 3952 Aestimativu
912 3917 974 3952 cum
988 3899 1028 3952 ui·
1055 3900 1136 3953 nibus
1156 3899 1332 3968 qeneruiibus
1351 3898 1505 3952 nniversam
1524 3897 1638 3952 istorum
1666 3897 1798 3951 malorum
1826 3912 1892 3951 con·

193 3986 284 4051 derit,
309 4002 405 4040 coram
432 4000 461 4038 se
490 3984 564 4037 aiios
589 3985 730 4053 torqueri,
749 3985 892 4038 indicibili
910 3986 1029 4039 temore
1055 3986 1158 4057 mnam
1172 3984 1433 4056 complectentibus3
1459 3990 1483 4038 2.
1503 3984 1621 4044 εἰδικῶς,
1640 3980 1786 4036 vocabulis
1801 3982 1891 4050 speci·

188 4073 380 4141 percutietur,
406 4087 441 4124 ne
463 4071 535 4139 puri
561 4072 646 4124 uodo
675 4071 829 4134 anicinum·
859 4072 1028 4139 phantasiae
1055 4072 1147 4125 atibus
1168 4077 1257 4126 certas
1273 4070 1384 4125 illarum
1407 4084 1559 4140 poenarum
1584 4069 1690 4138 species
1716 4067 1891 4138 exprimenti·

193 4161 314 4213 rusiam
331 4159 472 4226 terrificae
489 4157 685 4226 apparebant,-
712 4158 899 4227 imaqinatr'va
918 4161 954 4211 de
973 4157 1115 4228 om·,bns.
1151 4155 1389 4223 Quemadmodum
1406 4155 1479 4210 euim
1504 4154 1531 4207 in
1556 4154 1666 4224 pictura
1688 4153 1778 4222 primo
1803 4152 1891 4205 intue-

194 4247 275 4299 aibus
303 4246 389 4299 edam
416 4246 496 4297 banis
521 4260 673 4314 perperam
705 4244 857 4311 cvqitabit,·
895 4232 1117 4299 mensarsaimnr
1140 4243 1272 4299 tabellam
1300 4249 1387 4297 totum
1411 4242 1495 4295 variis
1520 4238 1686 4310 imaginibus
1721 4236 1890 4313 insignitam,

194 4332 326 4385 amsitivn
344 4330 518 4399 torquebitur
544 4329 741 4383 recordatione
764 4339 943 4398 peccatorum
967 4292 1153 4402 nn-ipostea
1170 4331 1297 4401 singulas
1316 4328 1450 4399 imagines
1471 4325 1583 4378 seorsim
1599 4323 1830 4394 contemplamur3
1850 4324 1890 4377 ita

193 4437 257 4473 rum
283 4434 401 4486 seraque
427 4425 454 4470 et
479 4416 660 4484 infrugifera
677 4416 870 4484 poenitentia5
898 4418 928 4469 in
947 4426 1167 4503 smsulquoque
1186 4417 1321 4486 picturam
1341 4413 1440 4468 inferni
1461 4413 1489 4464 in
1509 4411 1653 4480 Scriptura
1671 4408 1751 4462 nobis
1763 4408 1889 4479 proposi·

195 4507 335 4559 communi
360 4506 479 4573 refluant
503 4520 597 4557 omnes
618 4517 730 4572 poenae
753 4519 882 4556 amanum
913 4501 1030 4557 caterio·
1055 4509 1112 4557 tam
1130 4502 1248 4572 primum
1261 4501 1373 4570 quidem
1388 4497 1558 4566 penes-aliter
1572 4503 1598 4549 st
1615 4497 1776 4561 universim,
1794 4501 1893 4566 postea
1965 4532 1974 4542 -

195 4609 266 4661 mun,
288 4599 436 4660 tantusque
455 4589 497 4642 ibi
515 4589 570 4643 erit
590 4590 674 4644 dotes·
694 4596 720 4641 et
738 4590 887 4653 cernuatus,
907 4596 937 4641 ut
954 4603 1031 4642 mens
1055 4605 1122 4643 vero
1140 4587 1346 4656 manumisisset
1365 4580 1891 4653 separatimpiamentismeditutione

196 4681 238 4732 ad
256 4679 341 4731 aliud
358 4677 449 4743 diripi
468 4692 525 4728 non
539 4676 642 4743 possit,
660 4674 719 4727 nisi
736 4676 778 4727 ad
794 4675 871 4742 quod
889 4673 932 4727 vis
951 4673 1031 4727 doiv-
1056 4673 1157 4729 intueri
1176 4670 1314 4727 convenit.

83 4786 120 4830 ¹1.
134 4785 180 4828 ιω,
194 4766 237 4818 ris
261 4763 390 4832 impetiit.
427 4761 618 4815 Detectubslia
645 4777 771 4830 quaeque
802 4760 968 4812 oeensibus
996 4742 1045 4845 aci
1091 4765 1133 4814 37.
1175 4757 1325 4813 Generales
1357 4755 1555 4826 desumptiones
1585 4756 1637 4810 hue
1667 4761 1747 4821 suut,
1778 4752 1890 4824 quando
1903 4733 2014 4827 32:¹⁸ss„ss

195 4858 283 4904 mente
301 4849 500 4902 subtrabuntur
527 4855 553 4900 ct
575 4854 677 4900 cuncta
703 4847 798 4899 tristia
823 4846 1146 4902 enbibsbuntur.¹ststns
1170 4845 1360 4898 damnatorum
1389 4858 1422 4896 ac
1451 4857 1556 4912 poenae
1586 4842 1685 4897 inferni
1715 4845 1849 4895 vocantur
1868 4844 1892 4899 l.
1905 4838 1924 4880 ¹·
1938 4847 2006 4888 ”¹¹⁸-

194 4938 349 4990 Praeterea
375 4934 417 4987 ibi
444 4933 499 4986 erit
525 4940 678 5002 perpetuus
699 4947 853 5002 pernes-sac
879 4886 1160 5008 calamatisitbtatf,
1183 4926 1324 4997 invitus,
1350 4928 1484 4998 perditio,
1508 4927 1572 4984 Job.
1592 4933 1634 4996 m,
1659 4889 2021 4990 v.o.P1·0v.m,'viiiiin

193 5030 298 5090 uatus,
316 5036 404 5089 neqve
422 5027 481 5072 tam
499 5018 640 5082 dolebunt,
661 5034 690 5071 sc
706 5033 852 5088 peccasse,
879 5034 963 5087 qvam
985 5034 1031 5072 vo·
1057 5036 1080 5073 v.
1103 5022 1141 5073 12.
1163 5016 1244 5072 Pror.
1266 5020 1307 5079 21,
1324 5033 1349 5070 r.
1368 5021 1408 5071 21).
1440 5015 1539 5071 Matth.
1560 5021 1584 5083 t,
1603 5030 1629 5068 r.
1652 5019 1690 5069 13.
1721 5013 1804 5066 blare.
1827 5017 1849 5077 1,
1866 5026 1893 5066 r.
1907 4991 2014 5095 32¹3,stss

196 5110 319 5178 luptates
338 5123 407 5160 suas
422 5105 595 5175 perdidsbse.
630 5103 679 5157 Ibi
695 5112 778 5158 amnt
795 5111 822 5157 st
843 5104 973 5157 tenebrae
990 5103 1032 5156 in·
1058 5108 1100 5159 tt.
1131 5102 1192 5159 tot.
1212 5107 1253 5168 ll,
1275 5119 1300 5154 v.
1320 5106 1359 5157 11.
1391 5100 1454 5156 Act.
1475 5107 1498 5167 Β,
1523 5117 1549 5154 v.
1571 5105 1611 5156 20.
1642 5099 1721 5156 Rom.
1748 5103 1774 5166 9,
1798 5114 1825 5152 v.
1851 5101 1893 5152 22.
1907 5109 1952 5156 ax.
1966 5109 2013 5152 ist.

197 5195 323 5261 teriores,
339 5193 467 5262 privatio
484 5192 593 5246 scilicet
609 5192 730 5258 gratiae,
744 5191 872 5260 privatio
892 5191 958 5244 item
977 5190 1032 5244 sci·
1059 5190 1131 5245 Phil.
1153 5196 1177 5251 1,
1193 5205 1219 5241 v.
1239 5193 1279 5243 tt.
1300 5202 1359 5257 cap.
1379 5192 1403 5250 3,
1420 5204 1446 5240 v.
1469 5191 1507 5240 19.
1530 5192 1551 5242 1.
1570 5185 1642 5240 Tim.
1661 5189 1685 5254 6,
1699 5200 1724 5239 r.
1736 5189 1759 5239 9.
1780 5187 1804 5238 2.
1817 5182 1893 5238 Patr.

199 5282 292 5334 estiva
309 5281 460 5345 bumanos,
486 5278 612 5332 coelestis
630 5295 665 5330 oc
681 5279 801 5332 debebas.
840 5278 915 5332 Odia
934 5292 1033 5345 prose
1060 5281 1083 5344 2,
1102 5292 1127 5329 v.
1150 5281 1172 5330 1.
1193 5280 1245 5328 etc.
1281 5269 1648 5347 ammadvertamus,
1685 5268 1785 5324 Psalm.
1807 5273 1849 5336 34,
1868 5284 1894 5322 r.
1907 5281 1928 5323 a.
1943 5279 2011 5323 nors.

199 5376 319 5438 meretur
337 5383 431 5419 omnes
453 5367 512 5419 Dei
527 5372 682 5425 creaturas,
710 5366 861 5418 Memones
878 5372 902 5417 st
921 5373 1033 5417 sanctos
1061 5360 1381 5423 superliminare.
1405 5357 1502 5412 Esecb
1525 5362 1564 5423 18,
1581 5375 1607 5411 r.
1626 5362 1667 5412 20.
1687 5372 1746 5426 cup.
1764 5361 1806 5419 28,
1826 5373 1852 5410 v.
1868 5360 1893 5411 8.

199 5453 323 5522 anqelos,
340 5453 466 5505 bomines
483 5467 592 5520 quoque
610 5451 695 5503 bonos
711 5451 850 5515 etmaios,
870 5451 926 5503 imo
940 5453 1032 5503 Deum
1059 5449 1122 5505 tot.
1141 5454 1166 5516 6,
1186 5465 1211 5500 v.
1231 5453 1270 5504 50.
1297 5445 1376 5500 Rom.
1399 5451 1421 5514 1,
1439 5462 1463 5497 v.
1484 5450 1524 5500 32.
1551 5459 1614 5514 cap.
1635 5449 1659 5507 t,
1678 5460 1703 5497 v.
1725 5447 1764 5498 23.
1796 5441 1893 5498 tanat.
