4050 6014
216 253 260 312 VI
780 252 834 309 JO.
854 251 954 308 ratu.
971 249 1123 306 corros
1140 249 1359 308 PRAEFATIO

217 433 305 475 anno
324 407 475 473 valetudo
499 407 566 471 eius
587 407 666 473 adeo
687 407 777 493 gravi
798 406 908 471 morbo
930 406 991 471 fuit
1012 405 1176 490 infestata,
1208 416 1245 470 ut
1272 407 1344 492 ipse
1365 406 1405 470 de
1428 429 1467 471 ea
1488 407 1708 492 recuperanda
1729 408 1922 492 desperaret.

219 511 405 575 Adornavit
426 510 484 574 hac
507 508 674 573 occasione
696 520 919 573 testamentum
935 507 1075 592 aliquod,
1095 508 1128 571 in
1157 530 1221 591 quo
1236 506 1363 593 plenam
1386 507 1581 592 eandemque
1603 531 1733 596 prorsus
1755 511 1921 596 egregiam

218 613 296 678 fidei
326 634 402 676 suae
431 610 666 676 confessionem
695 610 855 686 exhibuit,
883 632 946 694 qua
975 609 1098 675 ratione
1119 609 1180 673 sibi
1203 610 1285 674 iusta
1305 609 1386 675 solvi
1418 609 1508 690 velit,
1536 610 1697 695 disposuit
1722 622 1819 695 atque
1846 635 1919 677 eum

222 713 393 781 tenerrimo
422 713 519 777 animi
546 712 665 776 affectu
694 711 879 777 caritatibus
906 712 972 776 suis
995 723 1090 796 atque
1119 711 1227 776 amicis
1248 711 1448 797 valedixit*).
1487 710 1686 800 Conscripsit
1708 736 1836 801 quoque
1858 714 1919 779 hoc

220 817 293 903 ipso
316 826 459 898 tempore
480 813 695 899 precationem
719 813 829 896 istam,
851 813 1073 878 suavissimum
1094 813 1193 878 veluti
1213 813 1340 899 pietatis
1361 814 1491 879 odorem
1512 815 1702 901 spirantem,
1734 838 1815 900 quae
1837 817 1922 882 inter

219 917 442 982 meditationes
468 916 535 979 eius
565 937 670 978 sacras
698 915 783 1000 typis
812 915 987 1001 exscriptas
1013 926 1138 980 sextum
1168 925 1303 1002 occupat
1332 915 1439 980 locum
1466 917 1590 1001 hacque
1618 917 1771 1003 insignita
1800 930 1849 984 est
1871 920 1920 982 in-

222 1021 409 1107 scriptione:
434 1019 609 1083 Consolatio
628 1018 810 1103 porrn'tcntis
831 1039 869 1081 eu
887 1019 1036 1103 passione
1059 1017 1180 1081 Christi.

348 1123 482 1186 Praeter
509 1140 633 1185 omnem
668 1141 759 1204 spem
791 1131 886 1202 atque
924 1118 1193 1204 exspectationem
1225 1141 1298 1183 cum
1325 1119 1462 1205 primum
1491 1120 1703 1185 convaluisset
1732 1120 1921 1187 Gerhardus

219 1232 335 1300 nosmr,
356 1221 578 1307 theologorum
591 1221 873 1307 Marpurgensium
893 1221 962 1285 eius
984 1221 1096 1285 aetatis
1118 1219 1287 1313 celebritas
1306 1244 1378 1286 eum
1393 1221 1547 1305 invitavit,
1568 1232 1604 1286 ut
1626 1244 1709 1286 anno
1732 1226 1824 1290 1604.
1846 1245 1919 1288 cum

221 1324 381 1390 Michaele
404 1324 611 1406 Rauchbar0,
634 1321 793 1408 discipulo
817 1344 892 1406 suo,
919 1325 1131 1407 Marpurgum
1152 1322 1347 1398 concederet,
1379 1322 1607 1408 amplissimum
1632 1323 1811 1410 theologiae
1833 1346 1921 1389 cam-

219 1451 297 1515 pum
328 1449 451 1491 summa
480 1448 552 1490 curn
581 1425 677 1489 animi
707 1424 910 1489 contentione
933 1425 1039 1488 denuo
1060 1445 1255 1494 emensurus.
1298 1423 1448 1489 Interfuit
1471 1425 1569 1510 igitur
1582 1427 1615 1488 in
1637 1426 1733 1491 hacce
1756 1440 1919 1491 musarum

220 1530 296 1595 sede
328 1526 594 1615 praelectionibus
625 1525 677 1592 Jo.
700 1525 960 1590 Winckelmanni
987 1526 1127 1609 itemque
1149 1528 1203 1593 Jo.
1229 1526 1370 1603 Schollii,
1392 1527 1548 1592 hebraeae
1569 1528 1698 1613 linguae
1719 1529 1917 1615 professoris.

220 1631 380 1717 Imprimis
403 1641 553 1694 autema
583 1626 766 1692 Balthasare
788 1628 961 1704 Menzero,
989 1628 1140 1714 theologo
1170 1628 1302 1712 eximio,
1334 1629 1390 1714 qui
1418 1629 1599 1694 universam
1628 1629 1821 1714 theologiam
1850 1643 1918 1695 tum

220 1733 373 1818 temporis
396 1730 590 1817 disputando
612 1731 825 1816 pertractavit,
846 1753 1009 1814 nunquam
1029 1752 1099 1795 sese
1121 1728 1214 1794 avelli
1236 1752 1348 1814 passus
1371 1744 1426 1794 est.
1470 1730 1539 1796 Sub
1561 1731 1654 1795 huius
1678 1752 1805 1815 qnoque
1826 1756 1919 1818 prae-

220 1835 303 1900 sidio
333 1835 514 1918 conscripta
543 1856 562 1896 a
589 1854 622 1896 se
652 1833 848 1898 theoremata
874 1837 912 1898 da
933 1835 1108 1917 scripturae
1126 1833 1377 1916 interpretatione
1404 1832 1533 1917 publice
1556 1832 1699 1898 defendit
1725 1833 1920 1920 insuperque

221 1937 391 2024 Marpurgi
413 1936 524 2000 itidem
545 1934 680 2020 collegia
702 1934 922 2020 philosophica
942 1932 1042 1997 multo
1063 1955 1136 1997 curu
1161 1931 1316 2018 applausu
1338 1933 1407 2019 ipse
1430 1934 1574 2001 instituit.

349 2037 530 2112 Menzerus,
554 2036 662 2121 magni
684 2035 821 2100 nominis
840 2034 1018 2120 theologus,
1042 2034 1133 2098 cuius
1155 2035 1250 2100 modo
1265 2034 1399 2099 fecimus
1416 2037 1618 2114 mentionem,
1639 2037 1719 2102 adeo
1743 2038 1776 2102 in
1798 2038 1920 2102 deliciis

219 2139 331 2204 hahuit
345 2139 558 2221 Gerhardum,
578 2151 614 2200 ut
635 2137 766 2213 itineris,
788 2136 875 2223 quod
897 2159 981 2200 anno
1006 2138 1098 2203 1605.
1123 2137 1315 2201 valetudinis
1336 2138 1438 2223 gratia
1460 2149 1655 2222 susceperat,
1676 2160 1749 2203 eum
1771 2139 1918 2204 comitem

220 2240 284 2305 sibi
317 2240 492 2325 adiungere
526 2262 590 2303 non
620 2239 788 2305 dubitaret.
842 2239 1022 2304 Inviserunt
1053 2238 1152 2323 igitur
1181 2238 1348 2315 Giessam,
1379 2240 1635 2317 Francofurtum,
1668 2241 1919 2318 Darmstadium‚

220 2341 481 2427 Heidelbergam,
504 2340 747 2427 Stuttgardiam,
769 2341 965 2425 Tubingam‚
980 2341 1202 2427 Argentinam‚
1231 2341 1367 2426 Spiram,
1391 2342 1604 2407 Wormatiam
1624 2341 1766 2427 aliasque
1789 2343 1921 2428 insuper

220 2445 315 2511 urbes
337 2458 461 2509 etcum
494 2444 569 2509 viris
589 2443 830 2520 eruditissimis,
857 2443 1009 2521 Victore,
1033 2443 1209 2518 Gieasensi,
1232 2443 1337 2508 Pareo
1368 2455 1399 2508 et
1434 2444 1521 2510 Jano
1544 2443 1694 2528 Grutero,
1727 2444 1919 2510 Heidelber-

175 2580 180 2588 ’
220 2546 384 2632 gensibus,
408 2547 539 2633 Magiro
562 2558 593 2611 et
617 2545 856 2621 Bidembachio‚
878 2545 1136 2630 Stuttgardianis‚
1166 2545 1399 2622 Hafenreflero,
1423 2544 1605 2630 Gerlachio,
1635 2545 1762 2630 Crusio,
1786 2547 1919 2625 Lansio,

220 2647 492 2733 Tubingensibus,
513 2647 633 2733 Pappia
653 2647 792 2732 itemque
810 2646 981 2730 Obrechto‚
997 2646 1299 2732 Argentinensibus,
1324 2647 1457 2733 aliisque
1478 2648 1628 2714 collocuti
1651 2662 1732 2714 sunt.
1776 2649 1917 2713 Tantum

221 2750 316 2816 etiam
336 2771 475 2815 amorem
495 2773 573 2835 erga
594 2749 777 2835 Tubingam
800 2761 941 2814 nostram
963 2749 1110 2835 concepit
1125 2748 1326 2827 Gerhardus,
1347 2762 1383 2814 ut
1402 2751 1605 2838 postmodum
1625 2751 1681 2814 diu
1702 2750 1819 2815 dubins
1842 2750 1919 2816 hae·

220 2852 305 2936 serit,
339 2875 380 2915 an
412 2874 477 2915 uon
501 2852 533 2915 in
563 2851 621 2916 hac
650 2851 856 2916 universitate
885 2849 992 2914 sedem
1020 2874 1108 2915 suam
1130 2850 1230 2935 figere
1252 2850 1363 2929 vellet,
1395 2852 1497 2917 donec
1526 2852 1725 2939 providentia
1746 2853 1855 2917 divina
1876 2853 1916 2917 de

219 2953 320 3041 ipsius
334 2965 419 3018 sorte
434 2953 511 3017 certi
530 2953 693 3038 quidpiam
712 2953 883 3017 statuisset.

352 3054 462 3134 Quum
483 3054 616 3119 reduces
639 3055 715 3118 facti
736 3066 844 3120 essent
864 3075 904 3118 ex
919 3054 1032 3118 itinere
1048 3054 1220 3119 Menzerus
1243 3053 1486 3132 et-Gerhardus,
1508 3055 1709 3119 turbulentus
1724 3068 1790 3120 erat
1812 3078 1918 3120 rerum

220 3157 506 3242 Marpurgensium
524 3165 635 3233 status,
659 3178 696 3220 eo
714 3157 799 3239 quod
815 3156 994 3232 Mauritius,
1009 3154 1147 3220 Hassiae
1161 3156 1393 3242 Landgravius‚
1410 3180 1500 3221 sacra
1514 3157 1685 3221 reformata
1701 3157 1734 3221 in
1750 3156 1917 3224 eeclesiam

221 3269 316 3345 atque
336 3258 532 3324 academiam
553 3259 820 3346 Marpurgensem
842 3257 1044 3322 introducere
1064 3257 1321 3344 aggrediebatur.
1365 3257 1551 3324 Gerhardus
1573 3258 1672 3345 igitur
1694 3281 1767 3323 cum
1788 3259 1918 3323 Rauch-

220 3358 298 3423 baro
322 3382 380 3423 suo
404 3383 444 3424 ex
467 3360 566 3425 hocce
589 3358 727 3424 tumultu
750 3358 895 3424 discessit
920 3370 1016 3442 atque
1037 3359 1342 3436 Hemsendorffium‚
1365 3360 1531 3447 praedium
1554 3361 1842 3436 Rauchbarianum‚
1876 3361 1917 3424 ad

220 3461 317 3527 breve
345 3474 473 3548 tempus
504 3484 573 3526 sese
603 3461 744 3527 contulit.
797 3461 957 3545 Deposita
987 3461 1038 3524 hic
1067 3460 1210 3545 privatae
1240 3461 1445 3527 institutionis
1482 3484 1669 3549 morumque
1698 3463 1917 3549 praefecturae

221 3575 344 3649 sparta,
374 3585 469 3648 quam
496 3563 665 3651 insigniter
693 3564 846 3628 hactenus
869 3574 1011 3646 ornarat,
1039 3562 1080 3627 de
1109 3563 1291 3628 academica
1312 3564 1418 3628 denuo
1441 3564 1520 3648 vita,
1553 3564 1672 3650 quippe
1692 3564 1834 3628 omnium
1856 3565 1917 3629 sibi

111 3691 114 3695 ·
219 3665 459 3748 iucundissima,
482 3666 623 3750 cogitare
646 3660 761 3750 coepit.

349 3764 432 3829 Aliis
459 3788 536 3850 ergo
558 3766 705 3831 omnibus
726 3767 934 3852 posthabitis,
962 3767 1151 3852 deprecatus
1178 3765 1273 3832 etiam
1303 3767 1435 3832 rectoris
1456 3767 1584 3834 scholae
1605 3766 1919 3853 Quedlinburgensis

220 3877 270 3933 sat
290 3866 412 3931 lautum
434 3891 566 3952 munus,
596 3868 630 3932 in
657 3868 942 3933 desideratissimae
970 3868 1031 3932 sibi
1061 3867 1240 3933 academiae
1260 3867 1409 3934 Jenensis
1431 3870 1544 3945 sinum,
1575 3867 1733 3934 solidioris
1755 3869 1917 3935 doctrinae

221 3970 434 4056 acquirendae
451 3970 556 4035 studio
573 3970 701 4056 penitus
718 3971 939 4047 inflammatus,
961 3969 1011 4035 vel
1034 3969 1161 4034 tandem
1183 3971 1285 4054 rediit,
1307 3993 1379 4036 cum
1401 3973 1530 4037 brevem
1545 3970 1766 4036 excursionem
1781 3971 1917 4056 Magda-

221 4073 376 4158 burgum,
408 4073 630 4158 Brunsvigam,
661 4071 942 4158 Guelpherbytum
969 4082 1001 4137 et
1034 4071 1237 4157 Groningam
1267 4083 1361 4139 antea
1387 4072 1523 4139 fecisset.
1573 4073 1678 4139 Jenae
1700 4072 1821 4158 degens
1852 4096 1918 4136 non

220 4187 343 4241 tantum
365 4174 436 4259 ipse
458 4174 547 4240 Petri
564 4174 738 4239 Piscatoris
754 4173 890 4259 collegio
908 4173 1033 4260 privato
1052 4172 1232 4258 theologico
1249 4173 1401 4257 interfuit,
1423 4174 1479 4239 sed
1498 4186 1529 4240 et
1549 4173 1583 4237 in
1603 4197 1721 4260 magno
1736 4176 1916 4240 auditorum

221 4289 313 4342 coetu
338 4276 476 4362 collegia
496 4297 568 4339 cum
584 4275 813 4360 philosophica,
837 4287 903 4340 tum
917 4275 1098 4359 theologica
1114 4275 1234 4359 habuit,
1256 4299 1334 4341 mox
1355 4288 1486 4363 propter
1504 4298 1704 4342 communem
1726 4277 1916 4364 applausum

222 4378 256 4442 in
281 4379 426 4443 ordinem
455 4377 678 4442 adiuncturum
705 4377 864 4441 facultatis
887 4378 1125 4464 philosophicae
1149 4390 1333 4463 cooptatum
1361 4379 1394 4442 id
1424 4379 1511 4465 quod
1532 4379 1649 4443 factum
1673 4391 1721 4444 est
1741 4381 1800 4444 sub
1821 4378 1917 4442 finem

220 4481 295 4545 anni
321 4483 413 4546 1606.
457 4481 503 4545 Ut
528 4502 604 4546 vero
633 4492 773 4565 spartam
802 4479 883 4544 hanc
911 4480 1053 4565 legitime
1081 4493 1260 4564 capesseret
1282 4479 1477 4563 Gerhardus,
1509 4480 1763 4548 dissertationem
1786 4483 1822 4544 cte
1843 4502 1916 4545 vcro

220 4581 409 4665 conscripsit
437 4581 630 4667 publiceque
661 4580 821 4657 defendit3
854 4583 887 4647 in
919 4605 983 4666 qua
1010 4582 1199 4647 seutentiam
1226 4582 1369 4648 Danielis
1396 4581 1604 4661 Hoffmauni,
1633 4582 1774 4668 theologi
1804 4583 1918 4647 Helm-

222 4681 410 4766 audiencia,
444 4682 495 4746 eui
527 4682 560 4746 in
592 4696 730 4748 mentem
761 4696 906 4767 venerat,
940 4681 1172 4769 philosophiam
1208 4705 1280 4748 cum
1310 4683 1476 4769 theologia
1505 4708 1665 4772 pugnare,
1700 4683 1916 4770 abrogandam

221 4798 391 4873 propterea
409 4785 537 4870 penitus
557 4796 587 4849 et
609 4784 781 4852 tollendam
804 4783 943 4868 esse**),
965 4785 1025 4849 sub
1049 4806 1181 4849 examen
1201 4786 1371 4851 revocavit
1415 4787 1549 4853 Hancce
1565 4785 1813 4875 disputationem
1832 4811 1917 4853 anno

222 4921 431 4931 ————.

325 4989 349 5059 *)
373 4988 467 5042 Hocce
490 4991 698 5054 testamentum,
725 4989 799 5043 lectu
820 4988 1026 5060 dignissimum,
1054 4988 1129 5060 quod
1151 4987 1181 5042 in
1209 4987 1379 5044 bibliotheca
1403 4988 1534 5045 Gothana
1559 4990 1608 5044 diu
1626 4988 1753 5052 latuerat,
1774 4989 1803 5042 in
1826 4988 1917 5043 lucem

220 5074 362 5146 publicam
377 5073 510 5144 protraxit
523 5080 607 5143 atque
620 5074 697 5128 Vitae
710 5074 857 5129 Gerhardr'
864 5092 894 5143 p.
905 5078 946 5128 29.
959 5091 1034 5143 seqq.
1046 5074 1161 5129 inseruit
1170 5074 1344 5129 Erdmannus
1353 5074 1517 5147 liudolphus
1525 5074 1681 5130 Fischerus.
1694 5073 1819 5144 (Lipsiae
1832 5077 1915 5139 litt.)

323 5160 364 5226 ”l
382 5158 550 5213 Hoffmanno
568 5158 714 5229 suffragati
732 5165 797 5213 sunt
815 5160 860 5216 do.
878 5162 1005 5232 Angelus
1024 5159 1293 5232 Werdeubageuius,
1320 5161 1364 5218 Jo.
1384 5161 1518 5218 Miillerua
1535 5159 1645 5230 aliique.
1681 5161 1791 5217 Acriter
1808 5168 1871 5215 tum
1888 5161 1917 5215 in

221 5244 364 5300 academia
386 5244 603 5298 Helmstadiensi
628 5243 749 5315 alibique
773 5244 826 5300 hac
850 5262 934 5315 super
953 5263 983 5300 re
1006 5245 1060 5300 fuit
1078 5247 1259 5315 disputatum.
1296 5246 1372 5300 Inter
1392 5250 1496 5319 scripta
1513 5262 1587 5311 vero,
1616 5245 1718 5317 quibus
1739 5264 1805 5302 usus
1826 5247 1917 5318 philo·

221 5330 335 5401 sophiae
355 5337 451 5385 contra
469 5329 666 5385 Hoffmannum
685 5334 798 5401 eiusque
824 5339 974 5386 sectatores
992 5331 1046 5385 fuit
1064 5336 1264 5403 propugnatos,
1290 5332 1412 5387 eminent
1428 5331 1536 5389 Alberti
1550 5330 1667 5389 Graveri
1691 5331 1762 5388 liber
1777 5336 1812 5388 dc
1832 5334 1918 5387 unica

218 5418 337 5472 acritate
355 5419 382 5470 et
404 5415 505 5471 Jacobi
523 5415 635 5470 Martini
652 5415 802 5485 Speculum
822 5419 952 5484 rationis,
975 5434 1099 5473 sermone
1117 5417 1275 5489 germanico
1294 5419 1489 5490 conscriptum.
