4050 6014
591 215 643 270 DE
663 215 830 272 tuscano
852 216 922 274 SEU
941 217 1073 273 MORTE
1092 217 1282 274 AETERNA.
1719 219 1780 276 259

89 362 229 418 infinitum
248 364 373 435 sequitur
389 382 480 435 poena
497 366 611 424 infinita.
649 369 676 435 8)
699 369 810 425 Gaudia
830 371 923 425 beato·
955 374 1029 427 ratio
1047 392 1155 443 poenae
1178 392 1230 427 non
1254 369 1485 442 proportionetur
1507 365 1656 421 arrectum·
1671 365 1781 434 crapas.

90 465 152 502 rum
165 457 246 503 erunt
263 461 387 516 aaaron,
411 467 477 523 ergo
490 453 572 507 etium
583 454 719 525 supplicia
733 458 923 512 damnatorum
951 461 1003 513 sod
1020 469 1050 512 ut
1064 461 1182 514 intensio
1192 472 1298 528 poenae
1313 458 1481 527 respoudeat
1497 453 1660 507 enormitati
1675 452 1784 519 eulpae.

90 539 201 604 oportet
228 553 287 590 esse
312 544 430 594 aeterna.
472 539 555 595 Ratio
579 542 755 596 connexionis
781 552 832 610 est,
860 543 925 616 quia
952 544 1073 600 Thomas
1093 553 1116 602 4,
1135 553 1203 600 sent,
1222 544 1283 598 dist,
1305 549 1346 598 ιιι,
1367 560 1392 613 q.
1411 547 1435 596 2.
1454 548 1504 595 ort.
1524 545 1547 596 2.

92 618 169 674 Deus
190 639 276 693 aeque
292 624 385 694 justus
404 633 446 679 est
463 642 496 680 ac
514 626 675 686 misericors.
708 628 794 685 Sirac.
818 637 842 695 ὅ,
858 634 924 686 ab:
986 638 1028 688 61.
1062 636 1088 690 2,
1106 633 1248 696 Quomodo
1264 621 1815 698 dominatorumcorporainipnisirs-2·
1831 620 1892 671 0¹¹0·

94 699 174 760 sime
192 708 388 763 misericordia
408 713 469 780 ejus
486 730 554 782 erpa
569 715 635 782 piae
653 723 694 768 eet
711 717 821 781 infinita
839 724 865 769 et
881 735 923 770 ae-
952 719 1207 789 l'ernalisjlammis
1217 717 1328 786 possint
1342 715 1511 782 conseruari,
1533 733 1566 768 nc
1585 719 1783 767 consumantur
1796 675 1915 773 ibiciones?r

91 800 179 854 terum
204 796 244 846 sic
271 796 353 849 etiam
379 799 425 851 ira
450 799 510 866 ejrrs
535 817 603 870 erqo
632 802 733 871 impiae
754 810 793 855 est
813 804 922 870 infinita
952 811 977 857 et
996 805 1026 859 in
1045 807 1164 859 cinerem
1177 805 1365 873 redigantur?
1394 799 1613 871 Respondemus:
1637 782 1921 876 1.fiethoc{{¹,“†,¹32⁰⁰²

92 887 117 931 et
135 887 259 933 aeterna.
269 879 420 953 Gregorius
440 884 523 941 lint
552 885 749 958 dial.cap.⁴i9:
771 891 925 959 Siculsiuis
952 908 1001 960 per
1028 890 1150 944 divinam
1180 887 1348 958 potentiam.
1381 904 1452 958 quae
1483 902 1600 956 0⁰rp⁰ffl
1628 884 1674 938 5¹1⁸
1702 880 1932 938 ⁸l¹ffl¹¹'⁶‘'⁸⁰²⁰¹²

91 982 147 1018 non
167 970 322 1037 ectpaudio
341 971 483 1036 banorum,
503 973 543 1024 ita
562 975 627 1037 riuis
644 993 698 1028 non
717 976 771 1028 erit
789 981 924 1028 tormento
950 978 1100 1046 passibilia
1128 985 1153 1030 ει
1178 975 1351 1029 immortalia
1375 973 1472 1045 faciet3
1500 971 1641 1043 passibilia
1664 970 1783 1042 quidem,

91 1053 239 1108 malorum.
280 1055 306 1121 o)
320 1054 469 1110 Peccatum
483 1065 594 1127 separat
613 1076 629 1113 a
647 1060 704 1115 vita
719 1066 840 1130 aeterna,
859 1078 924 1132 ergo
953 1067 983 1115 ut
994 1063 1115 1117 sentiant
1128 1078 1277 1132 poenarum
1293 1059 1468 1114 infernalium
1484 1057 1665 1121 atrocitatem,
1675 1058 1783 1111 immor·

90 1137 174 1191 etiam
194 1145 309 1194 mortem
330 1141 444 1195 adducit
454 1144 659 1214 sempiternam.
694 1152 738 1208 lu)
756 1146 798 1202 Ne
813 1146 923 1218 quidem
953 1148 1019 1202 talia
1042 1165 1121 1216 vero,
1148 1156 1179 1202 ut
1206 1148 1353 1204 earundem
1380 1144 1557 1216 experiantur
1584 1145 1784 1197 aeternitatem.

90 1224 120 1277 in
135 1223 261 1279 humanis
274 1226 367 1281 delicti
382 1229 501 1298 qualitas
520 1237 549 1284 et
569 1233 700 1287 atrocitas
713 1250 747 1287 ex
765 1250 842 1289 mora
852 1239 924 1288 tem·
955 1235 1126 1305 Augustinus
1140 1235 1187 1289 lib.
1197 1240 1236 1291 tt,
1247 1234 1280 1287 de
1294 1231 1368 1288 civit.
1381 1230 1432 1285 Dei
1443 1248 1503 1300 cap.
1515 1237 1544 1282 5:
1565 1229 1600 1281 lu
1614 1229 1709 1283 multis
1723 1231 1782 1298 qui·

90 1310 174 1380 poris,
195 1311 224 1364 in
243 1329 297 1383 quo
310 1317 484 1370 commissum
497 1325 546 1384 est,
566 1318 733 1373 aestimatur.
749 1320 924 1390 Augustinus
954 1322 1107 1374 demrelrns
1118 1323 1249 1374 incertum
1271 1327 1320 1386 est,
1340 1320 1411 1388 quid
1422 1320 1498 1370 tiezo
1512 1316 1586 1384 stelit,
1605 1315 1681 1368 illud
1693 1324 1784 1369 tamen

90 1395 139 1453 lib.
169 1403 209 1452 21.
237 1398 271 1453 de
297 1400 400 1456 civitat.
428 1403 481 1456 Dei
508 1420 568 1474 cap.
594 1409 637 1460 lt:
669 1405 792 1467 Quidam
822 1423 925 1477 comem,
953 1407 1135 1460 certissimum
1155 1415 1208 1471 est,
1238 1407 1312 1460 nibil
1337 1423 1429 1458 eorum
1456 1403 1503 1456 illi
1526 1419 1584 1455 oeae
1603 1401 1782 1472 asperatus,

91 1492 191 1536 contra
211 1502 280 1553 qrros
292 1487 471 1551 defendimus
487 1491 626 1543 civitatem
642 1493 707 1561 Dei,
727 1493 859 1560 injustum
870 1511 924 1563 pu·
953 1510 1131 1563 qreaecunque
1148 1493 1275 1560 onirocrit,
1296 1493 1375 1561 eique
1396 1508 1447 1544 nos
1463 1492 1578 1543 credere
1597 1488 1785 1558 praedicenti,

91 1577 166 1636 tant,
185 1577 215 1621 ut
230 1589 284 1639 pro
302 1575 426 1641 peccatis
446 1577 597 1644 quamlibet
614 1579 738 1648 maqnio,
761 1597 853 1651 parvo
873 1582 923 1634 aci·
954 1596 1029 1648 quem
1044 1596 1131 1649 neque
1145 1580 1328 1648 impotentem,
1346 1593 1432 1646 neque
1450 1577 1620 1628 mentientem
1635 1592 1784 1642 possiumus

91 1654 158 1708 licet
181 1664 305 1727 tempore
324 1662 508 1732 perpetratis,
528 1680 623 1731 poena
643 1665 757 1733 quisque
778 1667 925 1719 damnetur
953 1667 1074 1720 credere.
1095 1682 1155 1736 cup.
1170 1671 1194 1720 Ἰ.
1217 1666 1273 1720 Cur
1290 1666 1388 1729 facere
1408 1680 1462 1714 non
1479 1661 1570 1731 possit
1590 1663 1682 1728 Iloua,
1705 1668 1735 1712 ut
1760 1668 1785 1712 et

91 1749 215 1810 aeterna,
237 1746 321 1812 quari
337 1746 426 1799 ulline
444 1748 477 1800 id
492 1767 615 1819 unquam
627 1750 742 1818 jactata
755 1751 825 1818 lepis
839 1760 924 1806 atten·
953 1759 1102 1821 resarqaut
1119 1769 1242 1822 corpora
1263 1758 1444 1816 mortuorum,
1462 1755 1487 1799 et
1507 1748 1570 1814 ipae
1591 1755 1704 1801 aeterno
1724 1765 1784 1800 cru·

92 1827 152 1891 dat,
166 1837 196 1880 ut
208 1837 286 1882 tanta
297 1848 376 1884 mora
392 1835 524 1901 temporis
537 1836 652 1905 quisquc
662 1837 807 1906 puniatur,
820 1847 925 1908 quanta
954 1839 1061 1891 cientur
1080 1855 1201 1908 corpora
1219 1839 1424 1907 damnatorum,
1449 1833 1499 1902 qui
1514 1833 1585 1897 fecit
1603 1835 1735 1886 mundum
1756 1833 1784 1885 'in

90 1931 172 1968 mora
192 1917 338 1986 temporie,
364 1921 439 1972 unde
455 1924 614 1990 puniretur,
632 1924 756 1977 admisit.
793 1925 860 1979 Octo
882 1945 926 1995 qe·
955 1925 1045 1988 coelo,
1073 1923 1102 1976 in
1123 1932 1214 1990 terra,
1238 1922 1267 1975 iu
1285 1927 1364 1988 aire,
1386 1920 1414 1971 iu
1434 1920 1517 1987 aquis
1538 1918 1786 1972 innumerabilibus

90 2017 161 2055 nera
174 2019 332 2070 poenarum
353 2007 382 2058 in
402 2008 509 2077 legibus
530 2025 597 2078 esse,
616 2011 713 2063 scribit
735 2010 855 2081 Tullius,
875 2015 924 2066 da·
954 2010 1100 2064 miraculis
1114 2011 1244 2079 plenum,
1268 2026 1328 2061 curn
1347 2008 1384 2060 sit
1403 2007 1541 2070 omnibus,
1569 2005 1667 2074 dulim
1684 2005 1786 2075 illm

91 2103 193 2151 mnam,
213 2091 334 2159 vinceda,
349 2093 472 2160 uerbera,
486 2094 626 2159 talionem,
647 2097 836 2162 ipnominiam,
855 2100 925 2153 ersi·
955 2103 1000 2160 eal,
1023 2096 1123 2166 promel
1150 2096 1234 2150 (leobio
1260 2095 1353 2164 majus
1382 2106 1405 2147 et
1425 2092 1604 2146 excellentius
1623 2092 1707 2145 etiam
1725 2092 1785 2161 ipse

90 2173 173 2240 linem,
191 2185 321 2247 mortem,
343 2181 509 2238 seruitutem.
549 2181 626 2244 Quid
648 2183 746 2237 irarum
769 2193 823 2249 est,
851 2189 927 2255 quod
956 2183 1073 2235 mundus
1107 2181 1298 2235 miraculum?
1340 2183 1363 2234 2.
1395 2177 1471 2250 Ignis
1499 2176 1640 2230 infernalis
1671 2176 1785 2231 alterius

91 2259 121 2313 in
150 2261 229 2316 breve
257 2272 362 2332 tempus
389 2284 446 2335 pro
478 2269 611 2338 cujusquo
640 2270 754 2338 peceati
784 2271 926 2325 celeritate
954 2274 1068 2322 naturae
1089 2273 1117 2322 et
1141 2267 1283 2339 qualitatis
1297 2265 1349 2320 erit
1364 2282 1447 2336 quam
1468 2263 1641 2331 diaconicus3
1663 2269 1695 2316 ut
1713 2263 1785 2317 enim

91 2357 259 2414 coarctetur,
277 2358 308 2403 ut
326 2360 407 2405 tanta
425 2354 583 2407 vindicetur
604 2356 723 2422 momrla,
752 2367 857 2425 quauta
880 2360 926 2411 de·
954 2371 1095 2424 uunquam
1114 2353 1308 2425 exstinguitur,
1326 2350 1375 2404 sed
1391 2366 1500 2421 semper
1511 2349 1598 2415 ardet,
1618 2349 1656 2403 ita
1674 2365 1786 2421 quoque

90 2437 485 2508 prebendr'turperpetratum‚
499 2441 557 2493 nisi
566 2442 644 2506 forte
657 2442 749 2497 talio!
767 2450 819 2498 etc.
838 2445 926 2497 Num·
955 2441 1144 2496 damnatorum
1164 2456 1279 2510 corpora
1299 2455 1353 2493 non
1374 2437 1537 2506 exstinguet,
1557 2434 1605 2489 scd
1618 2433 1786 2489 cruciatibus

92 2522 165 2589 quid
182 2524 289 2575 torridiu
305 2525 421 2594 quisque
437 2526 613 2592 iudicandus
637 2537 675 2582 est
695 2545 753 2582 esre
772 2529 871 2583 debere
897 2532 926 2584 in
954 2527 1072 2582 aeternis
1098 2526 1258 2582 reservabit.
1311 2530 1334 2582 3.
1371 2523 1513 2588 Quomodo
1543 2522 1615 2575 duae
1641 2521 1706 2575 illae
1731 2520 1786 2574 dis-

91 2608 221 2676 uinculis,
240 2612 374 2677 quamdin
394 2612 471 2678 fecit,
492 2615 567 2667 ande
584 2615 685 2668 meruit
704 2615 837 2683 allipari,
865 2635 927 2671 cum
956 2613 1104 2684 positiones
1114 2613 1312 2666 immortalitas
1322 2619 1348 2663 et
1363 2610 1541 2679 passibiliter
1554 2608 1582 2661 in
1593 2608 1785 2661 damnatorum

91 2692 245 2760 faustissime
278 2713 401 2749 annosas
423 2714 530 2765 poenus
561 2717 656 2753 ceraue
688 2701 716 2754 in
750 2705 927 2772 compedibus
955 2697 1116 2770 corporibus
1140 2714 1200 2752 sese
1223 2697 1440 2767 compatiantur,
1464 2693 1642 2764 apostoriori
1663 2692 1786 2747 declarat

88 2782 208 2849 pendat,
227 2783 278 2852 qui
295 2784 377 2836 uerbo
397 2791 446 2836 aut
465 2785 522 2838 ictu
541 2787 686 2850 celerrime
705 2796 866 2843 transeunte
884 2791 927 2845 uel
955 2784 1109 2840 Guilelmus
1128 2783 1266 2839 Alvernus
1282 2783 1368 2852 parm
1385 2780 1490 2851 Primae
1509 2781 1543 2834 de
1561 2780 1689 2833 ”nivem
1708 2784 1786 2850 Parte

91 2864 234 2920 lacessivit
245 2869 385 2921 danninum
398 2872 440 2924 ad
449 2871 603 2940 plapaoitt
625 2873 694 2926 Jam
705 2892 771 2928 vero
785 2877 925 2943 damnum,
954 2870 1075 2927 secunda
1089 2887 1148 2941 cap.
1161 2867 1367 2924 mammosa:
1391 2865 1570 2934 Perpetuitna
1585 2882 1740 2934 poenarum
1756 2865 1786 2918 in

92 2952 262 3019 ignominia,
282 2957 410 3009 exsilium
431 2964 457 3008 et
475 2958 606 3024 seruitus,
626 2978 687 3012 cum
704 2961 926 3032 plerumque'uie
954 2958 1098 3011 damnatis
1118 2956 1276 3010 necessario
1293 2954 1455 3020 asserenda,
1474 2953 1606 3021 quereiam
1625 2952 1710 3004 aldor
1731 2969 1786 3007 non

92 3040 273 3111 infliqantur,
297 3051 328 3095 nt
349 3042 431 3095 nulla
457 3044 538 3097 venia
557 3045 736 3116 reicerentur,
764 3066 854 3103 nonne
870 3068 926 3119 pro
954 3052 1023 3098 esra
1052 3042 1232 3109 satisfactum
1255 3041 1385 3111 justitiae
1411 3039 1561 3105 creaturis,
1587 3038 1646 3089 nisi
1668 3039 1716 3108 qui
1741 3039 1786 3092 tte

92 3127 177 3194 trojus
203 3128 276 3181 uitae
302 3131 383 3182 modo
405 3130 513 3183 similia
536 3133 634 3199 poenis
653 3133 784 3186 uidentur
803 3152 861 3190 erro
881 3154 926 3191 aa.
953 3133 1034 3193 fuere
1060 3128 1282 3198 incorripibilcs,
1299 3135 1436 3196 perpetuo
1463 3133 1658 3194 torqueremur
1677 3125 1707 3178 in
1728 3127 1786 3179 rista

92 3213 201 3265 ternis!
232 3214 303 3267 Ideo
319 3217 552 3285 quippeaeterna
566 3235 624 3271 ease
643 3237 698 3272 non
715 3230 841 3291 poterunt,
860 3225 927 3293 quia
954 3222 1059 3280 futura.
1107 3215 1287 3286 Ρθΐικωῑῑα19
1317 3202 1409 3265 ‘mim
1431 3229 1591 3280 P⁰⁶l¹⁰f²⁴m
1616 3229 1669 3265 '²⁰7¹
1694 3218 1786 3280 imm

92 3318 143 3354 nec
165 3301 229 3368 ipsa
253 3302 325 3364 rita,
356 3319 428 3371 quae
451 3303 494 3355 iris
520 3304 671 3373 plectitur,
704 3309 864 3377 porriqitur
897 3311 927 3363 in
954 3321 1012 3359 eece
1036 3305 1065 3356 in
1091 3302 1215 3370 subjecto
1232 3300 1364 3367 mortali,
1387 3299 1555 3369 praesertim
1579 3298 1609 3351 in
1627 3314 1661 3350 ea
1679 3298 1786 3366 magni-

93 3393 248 3449 aeternum,
273 3394 299 3438 et
317 3395 408 3440 tamen
423 3397 557 3458 peccata,
577 3406 649 3459 quae
669 3391 849 3446 vindicantur
868 3394 927 3448 lon·
955 3391 1051 3443 tudine
1069 3397 1096 3443 ει
1112 3389 1289 3451 praementis,
1317 3403 1373 3455 ΨΜ
1395 3388 1512 3451 stimi
1534 3393 1610 3453 eunt,
1636 3385 1665 3438 ²⁸⁹²
1687 3384 1787 3453 wilm

92 3473 201 3539 piissimi
218 3476 350 3543 ternporiu
364 3477 480 3543 poeuis,
503 3476 663 3530 &rarissimo
689 3486 811 3548 tempore
826 3497 928 3551 perpe·
956 3493 1004 3530 eas
1013 3478 1150 3528 sustinere
1161 3493 1215 3526 nan
1221 3481 1334 3543 possent
1347 3472 1406 3525 ullo
1416 3473 1560 3524 modorum
1572 3488 1702 3539 corpora,
1715 3488 1784 3540 quae

91 3565 214 3624 tuantur,
228 3562 434 3629 necquicquam
449 3564 561 3626 exstitit,
579 3566 628 3632 qui
639 3566 795 3639 censuerit„
805 3574 862 3619 tam
872 3569 928 3621 cito
955 3581 1012 3615 non
1026 3568 1115 3615 ottenb
1133 3560 1345 3613 immortalitate
1353 3560 1480 3628 firmia·
1506 3556 1540 3610 Si
1556 3574 1620 3608 ΜΟ
1633 3557 1787 3625 Paiiibt'll'a

92 3647 247 3699 nocentium
266 3647 392 3708 finienda
414 3664 471 3701 erse
486 3656 630 3718 tormenta,
650 3668 733 3719 quam
751 3653 805 3705 cito
817 3657 929 3720 ,factum
956 3655 1116 3709 nonecrcntr
1128 3643 1787 3714 nullae⁶⁸⁸⁶⁷⁸2P⁰²M⁶⁰0lll0ml⁶⁸r”nllidd‘l'

92 3740 133 3785 eat
151 3731 196 3785 vel
214 3732 405 3801 homicidium,
422 3735 465 3786 vrri
482 3734 661 3798 adulterium,
678 3737 722 3790 vel
739 3737 929 3808 sacrilegium,
956 3742 1059 3789 resetc.
1071 3730 1671 3799 Constatautemmultaabominesinmedio
1682 3729 1788 3800 iqnium

91 3818 136 3871 ool
154 3819 297 3887 quodlibet
311 3820 395 3875 aliud
404 3821 501 3882 rcelur,
522 3840 577 3874 non
596 3824 728 3891 temporis
745 3823 928 3895 lonpitudine,
954 3839 1006 3890 ptr
1017 3821 1165 3873 bonitatem
1178 3817 1315 3871 cimitini
1325 3815 1543 3882 'llfflfflst‘iliss
1553 3824 1678 3869 ⁸⁶W⁰²⁰⁸
1696 3824 1788 3870 mam

92 3906 145 3956 sed
162 3905 319 3973 iniquitatis
340 3915 366 3959 et
384 3907 537 3979 impietatis
556 3910 748 3976 neapoiludiue
762 3911 927 3964 metiendum
956 3926 974 3960 a
993 3907 1117 3961 laesione
1133 3922 1279 3974 corporum
1297 3921 1409 3956 auorum
1429 3920 1511 3971 quam
1532 3903 1567 3955 ab
1589 3903 1666 3955 amni
1682 3903 1788 3974 dolore,

93 3997 144 4044 etc.
187 3993 228 4056 lt)
247 3991 400 4057 Gregorius
418 3993 478 4048 libr.
500 4001 522 4050 t.
544 3995 608 4049 dial.
622 4012 682 4065 cap.
693 4003 734 4052 tt.
756 3998 838 4051 etiam
857 3997 927 4053 hanc
955 4003 1014 4047 tam
1031 3990 1179 4061 corporali
1198 4007 1281 4059 quam
1301 3988 1454 4058 spirituali,
1474 3989 1616 4042 liberatos.
1646 3988 1788 4058 Quoia‘ipi-

93 4076 171 4131 addit
190 4095 316 4145 causam,
340 4083 413 4150 quot
433 4080 485 4133 Dei
510 4081 667 4153 benignitas
685 4099 752 4154 erga
770 4083 873 4138 electos
894 4101 926 4138 ex
955 4090 1001 4133 tur
1019 4097 1075 4132 non
1096 4087 1135 4131 ert
1156 4078 1250 4143 maius
1269 4076 1394 4128 creatori
1418 4075 1453 4126 alr
1479 4074 1569 4127 altero
1590 4076 1710 4128 duorum
1730 4075 1787 4128 sal·

92 4164 213 4217 aeternis
224 4165 414 4219 damnatorum
428 4167 571 4237 suppliciis
581 4168 669 4240 magis
682 4168 926 4224 commendabitur.
955 4184 1022 4222 aare
1039 4165 1082 4220 uel
1101 4165 1223 4219 liberare
1243 4179 1327 4231 quam
1345 4161 1379 4214 ab
1397 4161 1527 4213 ambobus
1546 4161 1638 4227 simut,
1659 4179 1730 4230 quae
1749 4170 1788 4215 est

93 4250 199 4318 Iniqui,
218 4251 317 4321 inquit,
337 4269 430 4305 omnes
450 4262 563 4305 octana
575 4255 715 4324 supplicio
729 4257 859 4325 deputati
875 4274 926 4308 sua
955 4251 1110 4307 admiratio
1131 4258 1180 4302 aut
1200 4239 1387 4302 incredulitas
1406 4247 1554 4299 stultorum
1573 4248 1608 4299 de
1627 4248 1687 4310 tac,
1713 4250 1790 4317 quod

94 4338 206 4408 quidem
233 4339 380 4406 iniquitate
394 4340 566 4406 puniuntur,
591 4348 616 4392 et
642 4348 734 4394 tamen
759 4343 799 4393 ad
815 4343 929 4409 alimricl
955 4340 1073 4394 sacraris
1097 4337 1263 4406 corporibus
1288 4336 1318 4388 in
1345 4334 1435 4386 media
1455 4334 1617 4395 futurorum
1639 4333 1742 4399 ipnium
1764 4338 1789 4387 et

94 4423 242 4493 ardebunt,
260 4425 366 4477 scilicet
385 4425 505 4492 utjusti
522 4442 614 4479 omnes
641 4435 665 4478 ct
685 4426 714 4479 in
734 4428 796 4479 Deo
815 4429 927 4480 uideant
955 4426 1064 4480 illaesis
1091 4443 1142 4492 per
1170 4423 1264 4475 omnia
1293 4422 1323 4473 in
1347 4419 1416 4489 ipsis
1438 4434 1494 4486 per
1519 4419 1611 4486 ignem
1629 4419 1791 4487 hujusmodi

93 4511 210 4578 pecudia,
232 4526 303 4579 quae
317 4511 495 4578 percipiunt,
518 4519 543 4564 et
564 4512 593 4563 in
611 4512 672 4564 illis
689 4513 845 4580 respiciant
862 4530 926 4580 serp·
955 4512 1066 4563 arrimae
1085 4512 1142 4562 sint
1168 4504 1359 4575 torquendae!
1394 4503 1523 4556 Facilius
1546 4503 1619 4556 enim
1644 4505 1673 4557 in
1692 4522 1721 4556 se
1741 4512 1789 4572 est,

90 4595 191 4664 plicia,
204 4613 273 4663 quae
287 4604 442 4663 evaseruut,
455 4607 589 4664 qruateaus
603 4606 680 4651 tanto
693 4598 783 4664 mapia
799 4599 827 4649 iu
838 4607 925 4650 aeter·
954 4614 1009 4649 non
1037 4596 1100 4648 dico
1128 4602 1262 4662 quantum
1296 4590 1337 4641 acl
1372 4589 1600 4660 omnipotentiam
1641 4591 1787 4657 creatoris,

94 4699 159 4734 num
181 4684 294 4750 pratiae
317 4684 429 4737 diuinae
457 4685 597 4738 debitores
623 4702 653 4738 se
674 4701 732 4737 esse
750 4692 926 4750 coquoscant,
954 4684 1017 4736 sola
1037 4698 1159 4748 corpora
1183 4680 1223 4731 eric
1248 4691 1362 4729 seruare
1388 4693 1472 4744 quous
1495 4678 1606 4728 animas
1625 4684 1651 4731 et
1667 4695 1788 4747 corpora

38 4781 75 4823 tta.
91 4776 194 4838 quanto
212 4769 241 4821 in
259 4777 402 4822 aeternum
426 4769 503 4823 mala
522 4771 625 4840 punire
643 4771 831 4838 conspiciunt,
857 4787 927 4840 quae
953 4768 1044 4822 simul·
1066 4762 1371 4831 Qt¹0d³2⁸<1tf⁸d⁸¹²⁶li²r
1391 4762 1460 4830 quia
1474 4761 1552 4829 ‘'th
1566 4762 1614 4815 fili
1631 4763 1788 4824 ‘'nimai“

91 4856 153 4925 ejus
175 4855 321 4923 adjutorio
348 4855 479 4910 vicerunt.
521 4855 602 4920 Quod
621 4873 687 4928 ergo
702 4857 875 4927 Augustinus
899 4856 926 4910 in
955 4849 1217 4920 incomparabiliter
1233 4848 1370 4911 fortiores
1381 4856 1445 4900 aunt
1457 4848 1575 4915 iprribus
1587 4850 1672 4918 nujus
1692 4849 1788 4918 soordi,

91 4957 181 4998 enarr.
202 4940 303 4994 Psalm.
319 4947 357 4997 70.
376 4949 404 4995 et
421 4958 455 4995 ex
472 4958 505 4996 eo
522 4943 639 4998 Strabus
661 4945 688 4997 in
708 4942 801 5013 glossa
819 4943 927 4996 ordina·
955 4956 1046 4992 cremor
1063 4937 1156 5005 utique
1175 4936 1256 4997 uteie,
1280 4935 1331 4987 ⁸211
1352 4933 1416 5003 t'l’ta
1442 4951 1564 5003 ⁶⁰t120r‘1
1589 4937 1788 4989 damnalvt'um

90 5025 133 5080 ria
152 5026 238 5097 ejusd.
260 5027 359 5082 Psalm.
385 5026 522 5091 erubunt,
553 5031 644 5082 Deum
668 5031 736 5100 plna
763 5030 873 5097 occipere
899 5029 926 5080 in
955 5031 1035 5079 erunt
1066 5019 1327 5090 incomparabiliter
1363 5020 1489 5086 fortiora
1529 5021 1788 5103 adurendi-neudum

89 5117 203 5182 poenis,
233 5132 318 5183 mam
346 5116 519 5167 commissum
541 5114 578 5168 sit
605 5116 635 5169 in
660 5115 765 5184 culpis,
790 5115 817 5167 id
849 5114 927 5169 intel·
955 5113 1033 5180 ignee
1052 5107 1223 5179 hujusmodi,
1244 5123 1326 5175 queam
1345 5114 1518 5159 nostrarunl
1535 5108 1580 5160 tte
1595 5109 1636 5160 ad
1652 5108 1788 5160 sustinen-

96 5198 236 5271 ligendum
256 5218 312 5255 non
329 5201 364 5254 de
382 5217 495 5255 excessu
507 5217 612 5271 poenae
630 5199 666 5255 ad
677 5202 787 5270 culpam
798 5201 827 5252 in
842 5203 927 5254 inten-
957 5200 1021 5250 dum
1043 5197 1133 5264 iqnem
1153 5192 1243 5245 seculi
1256 5192 1422 5263 praesentis,
1440 5209 1599 5260 quanquam
1614 5193 1788 5262 omnipoten-

96 5288 172 5340 sione
192 5296 217 5340 et
237 5289 378 5358 pravitate
396 5287 539 5357 stupplicii,
560 5288 611 5339 red
628 5288 777 5339 secandum
796 5287 929 5354 temporis
957 5284 1012 5336 tiae
1031 5280 1167 5336 creatoris
1186 5296 1242 5330 non
1267 5280 1304 5330 sit
1323 5279 1383 5332 ullo
1401 5280 1546 5331 modorum
1567 5278 1689 5346 difficile
1702 5298 1788 5348 prae·

96 5375 288 5444 durationem,
314 5376 380 5446 quia
404 5390 454 5443 pro
474 5373 656 5428 delectatione
676 5377 870 5427 momentanea
889 5371 929 5425 in·
957 5370 1043 5424 sentis
1066 5365 1240 5435 fragilitatis
1274 5373 1300 5418 et
1326 5365 1498 5429 infirmitatis
1527 5381 1648 5438 corpora
1680 5367 1788 5435 ipnibus

96 5456 202 5530 digitur
219 5476 311 5530 poena
330 5468 451 5529 aeterna,
470 5464 602 5514 statutum
622 5471 742 5529 namque
762 5463 813 5528 est,
831 5464 862 5511 ut
881 5458 930 5510 du·
958 5457 1018 5512 illis
1036 5455 1142 5519 intuma
1159 5468 1273 5506 servare
1292 5452 1404 5506 illaesa.
1440 5456 1463 5506 A.
1492 5450 1537 5506 Pii
1558 5459 1665 5508 veteres
1683 5455 1789 5527 aliquot

1527 5539 1580 5596 tt*
