4050 6014
709 256 760 312 DE
778 252 961 311 EXTREMO
979 252 1141 318 JUDICIO.
1716 267 1753 325 35

65 407 270 465 omniscientiae
294 409 386 465 radios
411 410 439 464 in
463 416 586 465 assumta
607 416 706 467 natura
730 416 759 467 et
781 428 831 483 per
856 429 898 467 as·
922 409 1008 482 inque
1027 425 1061 465 ea
1083 409 1191 466 dicatur
1215 410 1360 477 sessurus,
1381 411 1493 482 quaudo
1516 411 1545 465 in
1568 410 1688 466 nubibus
1718 411 1755 475 ad

65 500 182 549 sumtum
201 502 329 551 naturum
356 512 479 552 exserere
495 496 600 568 potuit,
627 503 730 570 quanto
754 499 844 570 magis
869 499 898 551 in
920 496 1058 567 judicium
1074 497 1179 562 veniet,
1201 497 1297 567 ntique
1317 514 1382 568 ergo
1408 498 1435 551 in
1462 497 1540 554 coelo
1564 515 1597 553 ac
1620 503 1695 555 terra
1717 515 1757 555 see

65 588 137 637 statu
157 580 333 638 exaltationis
351 587 379 637 et
398 600 460 638 cum
486 583 581 653 primis
608 583 635 638 in
662 585 706 640 die
728 584 828 655 judicii
852 584 897 638 lux
924 582 1046 637 cundum
1065 588 1210 652 utramque
1227 589 1354 637 astruam
1378 600 1508 654 praesens
1524 583 1617 641 omnis
1643 582 1757 638 admini-

65 668 374 738 omniscientiaepleno
394 669 504 740 fulgore
526 686 704 741 percernem
722 671 796 726 etin
816 686 899 725 canae
924 675 1000 723 strat.
1043 669 1192 724 Praeterea
1220 669 1254 722 de
1282 668 1390 725 Christo
1418 670 1513 741 judice
1540 669 1653 737 dieitur,
1681 669 1757 741 quod

64 753 151 824 ipsine
171 752 323 808 relucebit?
359 756 427 809 Erit
440 756 482 810 ibi
505 759 621 811 nuditas
647 758 677 811 in
696 757 899 826 publicatione,
925 757 1013 810 omnis
1030 757 1127 810 ocntm
1145 774 1205 811 eum
1226 757 1264 810 sit
1281 763 1478 826 conspecturus
1490 755 1604 813 Zachur.
1620 762 1660 825 12,
1677 776 1703 815 ν.
1719 761 1757 812 10.

64 840 219 894 veritaris
238 840 480 911 manifestatione,
508 843 571 898 inde
592 848 720 899 notanter
740 843 807 898 dicit
831 859 898 914 apo·
925 841 1023 899 Matth.
1043 847 1084 908 24,
1102 861 1128 896 v.
1149 846 1191 898 30.
1219 843 1333 914 apocal.
1355 848 1379 913 1,
1396 860 1422 898 r.
1441 849 1464 898 1.
1491 859 1524 897 sc
1540 843 1657 914 proinde
1682 842 1757 896 vide-

65 926 154 981 stolus
168 925 283 981 Roman.
300 933 324 995 2,
342 944 368 980 v.
387 933 424 982 16.
445 927 519 999 quod
535 932 614 983 Deus
633 930 664 984 in
681 929 831 984 nonusinro
853 929 900 982 (tie
925 927 995 982 bunt
1013 945 1076 982 eum
1095 928 1228 998 homines,
1247 936 1384 1002 quotquot
1401 928 1533 984 tribunali
1544 929 1604 1000 ejus
1619 926 1758 994 sistentur,

60 1012 248 1081 judicaturus
273 1013 311 1066 ait
334 1016 442 1069 occnlta
465 1016 606 1072 hominum
627 1034 681 1087 per·
701 1018 800 1072 Jeaum
821 1016 899 1070 Cirri-
924 1021 981 1069 tam
1000 1014 1077 1086 impii
1096 1032 1179 1087 quam
1196 1015 1243 1087 pii.
1273 1015 1361 1087 Atqui
1379 1015 1403 1069 si
1420 1014 1545 1070 Christus
1565 1031 1628 1070 cum
1642 1031 1758 1086 corpore

65 1106 144 1154 stum.
180 1104 204 1155 2.
223 1098 318 1154 Thess.
342 1106 365 1169 t,
386 1120 410 1155 r.
432 1108 454 1158 8.
475 1102 553 1173 impii
571 1103 701 1158 dicuutur
719 1104 832 1159 exitium
853 1103 899 1158 da·
926 1117 975 1156 suo
994 1101 1149 1175 glorificato
1169 1106 1208 1174 τῷ
1225 1099 1298 1174 λόγῳ
1312 1101 1494 1173 personaliter
1506 1102 1584 1157 unito
1601 1107 1628 1158 et
1643 1101 1679 1155 ad
1694 1102 1757 1156 dex·

65 1184 121 1240 turi
140 1183 199 1240 irrir
215 1182 370 1261 προσώπου
383 1191 435 1242 τοῦ
452 1196 560 1260 κυρίου,
580 1208 598 1242 α
616 1189 695 1256 facie
711 1190 837 1257 Domini,
857 1187 900 1243 eui
926 1194 997 1242 tram
1007 1188 1059 1243 Dei
1077 1195 1173 1244 erecto
1192 1204 1226 1243 ea
1243 1189 1350 1244 ratione
1369 1188 1404 1242 ad
1424 1188 1636 1243 determinatum
1653 1204 1686 1242 ae
1699 1204 1757 1243 eor-

66 1270 135 1325 nihil
163 1273 302 1327 oecultum
329 1272 374 1326 vel
402 1272 604 1329 absconditum.
646 1275 735 1344 Apoc.
753 1278 778 1343 2,
806 1291 830 1329 r.
854 1277 900 1329 2³:
927 1274 1050 1344 porulem
1065 1275 1157 1330 locum
1169 1280 1242 1330 esset
1258 1274 1417 1341 adstrictus,
1436 1279 1532 1331 utnon
1550 1273 1640 1346 possit
1658 1273 1712 1328 nisi
1730 1273 1758 1328 in

68 1358 426 1425 maerensmaerens,
448 1361 577 1431 qniaeqo
593 1369 796 1416 nrmscrutans
810 1363 900 1414 emita
927 1379 981 1418 uno
1007 1360 1068 1418 loco
1092 1361 1189 1417 adesse
1212 1378 1245 1416 ac
1269 1361 1407 1433 conspici,
1434 1378 1489 1434 quo
1514 1378 1610 1417 omnes
1633 1359 1759 1416 homines

66 1452 92 1498 ct
111 1460 201 1508 renes,
222 1453 248 1496 et
265 1444 339 1498 dabo
353 1445 635 1516 unicuiqueoestrum
649 1449 800 1501 seeundum
813 1464 901 1517 rqrero
927 1448 1103 1504 multitudine
1126 1447 1337 1505 innumerabiles
1362 1447 1444 1502 etiam
1474 1447 1527 1519 ipsi
1555 1442 1700 1518 antipodes
1730 1447 1759 1503 iu

65 1549 127 1585 ura.
170 1531 363 1586 Nazianzenus
391 1532 529 1589 Christum
558 1540 640 1589 vocat
670 1540 901 1590 numentosoaor
927 1552 983 1591 uno
1001 1534 1047 1590 illo
1068 1535 1129 1590 loco
1148 1535 1193 1588 vix
1209 1535 1331 1606 quinque
1348 1533 1393 1588 vel
1413 1551 1459 1589 sex
1479 1532 1560 1588 ulnas
1576 1531 1758 1589 rationelon·

26 1623 30 1629 ’
65 1622 113 1672 καὶ
132 1615 341 1687 austerrimus.
372 1624 395 1674 2.
419 1618 551 1673 Veracem
570 1627 594 1673 et
613 1620 728 1689 iustum,
749 1620 814 1692 quia
826 1621 900 1690 judi·
927 1620 1059 1694 gitudinis
1080 1620 1252 1692 adaequante
1276 1620 1357 1675 simul
1380 1637 1412 1675 ac
1436 1620 1520 1676 semel
1544 1619 1634 1693 ipsum
1657 1616 1758 1675 intueri

65 1704 140 1758 cium
160 1703 232 1757 illud
246 1710 360 1759 vocatur
380 1707 565 1783 trsnsospsoiu
585 1705 664 1763 Rom.
680 1710 705 1768 2,
724 1725 749 1760 v.
766 1713 789 1762 5.
810 1723 842 1761 ae
856 1708 899 1778 ju·
927 1712 1048 1778 possent.
1083 1703 1212 1779 Denique
1231 1706 1357 1763 Christus
1377 1709 1406 1761 in
1426 1705 1547 1762 nubibus
1565 1705 1635 1762 coeli
1661 1704 1758 1762 esub·

66 1790 122 1844 dex
147 1789 207 1859 ipse
232 1794 348 1844 vocatur
377 1788 392 1842 ὁ
415 1792 521 1852 δίκαιος
539 1787 632 1868 κριτής
660 1798 681 1848 2.
698 1792 770 1853 'lina
790 1798 814 1862 4,
831 1811 857 1846 v.
877 1799 900 1850 8.
927 1794 986 1848 limi
1001 1792 1113 1849 veniens
1132 1793 1169 1848 ab
1187 1793 1315 1849 omnibus
1335 1792 1532 1865 conspicietur;
1549 1792 1627 1866 atqui
1645 1793 1667 1848 si
1680 1792 1760 1849 sedes

61 1876 205 1947 judicabit
222 1876 294 1930 enirn
317 1878 348 1932 tr
366 1873 526 1954 δικαιοσύνῃ
555 1881 649 1935 Actor.
670 1885 709 1946 l'l,
725 1898 751 1936 v.
766 1884 813 1935 ’31.
834 1874 900 1937 iren
928 1880 974 1935 illa
991 1879 1153 1951 majestatis,
1173 1878 1202 1934 in
1220 1897 1276 1952 qua
1291 1879 1417 1935 Christus
1435 1874 1470 1935 ad
1492 1879 1627 1952 judicium
1645 1879 1759 1935 veniens

67 1963 242 2038 ἀποκρίσεως
265 1969 312 2018 καὶ
337 1967 522 2039 προσαλίσεως
548 1965 673 2038 adeoque
701 1960 766 2023 ἄνευ
790 1985 900 2043 neoca—
928 1966 1042 2036 sedebit,
1056 1973 1099 2023 tot
1113 1967 1273 2021 milliarium
1285 1964 1482 2043 irueripnara
1497 1967 1576 2022 terris
1589 1973 1631 2023 est
1644 1972 1759 2035 remota,

65 2055 211 2120 ποληψίας
235 2048 332 2105 Matth.
351 2054 392 2118 22,
414 2067 436 2102 r.
456 2055 495 2106 16.
515 2049 543 2105 id
563 2052 638 2123 quod
661 2053 706 2106 rel
730 2053 848 2109 maxime
873 2052 901 2106 in
929 2053 1067 2127 quomodo
1104 2070 1198 2109 omnes
1234 2048 1358 2109 homiues
1389 2070 1444 2109 uno
1476 2053 1628 2126 eodemque
1649 2050 1760 2127 ,insutu

65 2141 167 2213 quovis
185 2139 280 2210 judice
300 2147 357 2194 tarn
376 2139 563 2196 ecclesiastico
582 2158 663 2213 qnam
682 2141 798 2214 politico
812 2144 901 2215 requi·
928 2143 1019 2212 ipsum
1036 2140 1131 2195 ridere
1153 2140 1305 2212 poterunt?
1339 2139 1483 2196 Videbunt
1509 2138 1759 2205 onnessshrirtum

65 2229 139 2281 ritur
159 2234 181 2283 1.
200 2225 270 2280 Tim.
289 2233 313 2295 5,
331 2231 416 2305 5121.
446 2226 486 2284 Ut
504 2243 570 2299 ergo
589 2227 616 2282 in
635 2227 784 2286 novissimo
804 2229 854 2286 illo
874 2235 902 2285 et
928 2223 1154 2305 αὐτοπροσώπως
1182 2230 1210 2281 et
1236 2225 1359 2310 audient¹
1381 2244 1443 2283 eum
1472 2224 1653 2303 αὐτοφώνως,
1683 2224 1760 2280 nulls

65 2312 219 2370 universali
241 2312 347 2384 judicio
365 2311 485 2383 fulgebit
506 2313 606 2369 Christi
628 2315 765 2386 sapientia
789 2318 819 2371 in
842 2336 900 2373 om-
928 2333 994 2390 ergo
1013 2313 1152 2380 localitas,
1176 2312 1254 2368 nulla
1272 2312 1395 2385 corporis
1413 2312 1631 2384 circumscriptio
1647 2311 1760 2384 impedi·

65 2401 145 2454 nium
157 2399 242 2454 etiam
257 2398 506 2454 ornatissimorum
518 2401 756 2474 manifestatione,
776 2404 815 2459 ita
830 2421 901 2475 quo·
928 2407 1051 2458 mentum
1071 2399 1194 2472 objiciet,
1211 2416 1266 2472 quo
1285 2400 1375 2456 miuus
1396 2417 1490 2456 omnes
1507 2408 1535 2456 et
1553 2398 1656 2472 singuli
1672 2396 1760 2454 homi·

66 2502 123 2558 qne
141 2484 328 2556 conspicietur
346 2485 457 2556 justitia
475 2488 505 2540 in
522 2505 624 2541 causae
642 2491 797 2559 capnitione
818 2499 844 2544 et
859 2493 901 2545 di·
929 2502 977 2545 nes
998 2496 1025 2544 et
1042 2486 1166 2560 judicem
1186 2485 1272 2543 visuri
1290 2493 1318 2542 et
1337 2474 1500 2543 sententiam
1528 2484 1697 2542 definitivam
1724 2485 1760 2541 ab

57 2574 251 2645 judicatione.
279 2578 301 2628 3.
323 2572 551 2642 omnipotentem,
571 2573 637 2646 quia
656 2583 778 2632 mortuos
794 2576 900 2648 jndicio
928 2574 989 2646 ipso
1007 2573 1129 2629 audituri
1149 2572 1218 2641 sint,
1244 2573 1337 2644 plures
1357 2573 1444 2645 igitur
1467 2573 1639 2644 praesenh'ae
1663 2571 1760 2635 modos

66 2660 206 2716 mundos
227 2658 312 2714 verbo
330 2660 471 2732 potentiae
497 2677 562 2717 suae
589 2679 622 2716 ex
648 2661 782 2734 sepulcris
806 2679 900 2721 euoca-
926 2661 1020 2727 habet,
1033 2676 1116 2732 quarn
1130 2659 1254 2728 localem,
1266 2659 1454 2715 naturalemet
1462 2659 1616 2730 physicum.
1641 2665 1760 2735 anper

67 2749 108 2802 bit
126 2745 192 2804 ton.
211 2755 234 2815 5,
255 2764 280 2801 v.
301 2752 347 2813 253
373 2754 500 2802 evocatos
518 2764 574 2803 una
591 2765 653 2803 cum
670 2748 733 2817 illis,
752 2768 822 2822 quos
841 2751 901 2806 dies
927 2745 1059 2818 κυνησόν,
1088 2744 1271 2801 namnetem.
1306 2746 1353 2802 Es.
1371 2752 1413 2823 45,
1439 2764 1465 2804 v.
1485 2750 1531 2802 tt:
1564 2746 1601 2799 In
1628 2762 1671 2798 me
1698 2746 1760 2813 ipso

62 2833 232 2891 novissimus
249 2831 438 2904 deprehendet
457 2832 543 2903 vivos,
562 2834 623 2890 solo
640 2842 711 2892 nutu
728 2836 763 2891 ad
778 2835 902 2893 tribunal
926 2834 1040 2903 γἰιναυὶς
1065 2833 1132 2903 quia
1149 2831 1220 2887 milri
1229 2820 1395 2888 ¹triturabitur
1413 2848 1492 2887 omne
1512 2849 1593 2902 πᾶσιν,
1611 2838 1637 2884 ei
1648 2831 1761 2901 jurabit

64 2936 146 2974 enum
168 2918 356 2989 conpreqabit,
376 2918 475 2972 Matth.
494 2923 535 2988 24,
553 2938 579 2974 v.
600 2924 646 2990 ³¹3
669 2930 854 2995 congregatos
872 2923 901 2979 in
928 2921 1018 2975 omnir
1036 2919 1143 2988 linqua,
1161 2914 1236 2975 hunc
1254 2919 1345 2974 locum
1363 2918 1468 2974 Paulus
1484 2917 1601 2974 Roman.
1622 2923 1662 2984 14,
1680 2933 1705 2972 r.
1721 2921 1759 2972 11.

10 3024 49 3065 sa.
65 3007 137 3061 duas
156 3012 259 3077 partes,
280 3021 345 3060 ores
366 3005 472 3060 scilieet
489 3004 524 3059 ab
542 3004 641 3062 haedis
656 3015 688 3062 ut
700 3006 792 3064 fidelis
806 3016 901 3081 pastor
928 3013 956 3063 et
972 3005 1043 3061 Phil.
1063 3012 1087 3072 2,
1104 3023 1129 3061 r.
1151 3011 1191 3063 lt.
1210 3005 1402 3061 accommodat
1418 3003 1455 3058 ad
1475 3005 1615 3060 Christum
1634 3002 1670 3057 ad
1686 3001 1761 3073 judi·

66 3091 247 3160 seeernendo,
267 3093 424 3163 sepreaobit
442 3092 542 3147 Matth.
563 3096 604 3160 25,
625 3111 650 3152 v.
670 3099 718 3165 ³²3
745 3097 847 3152 eleetos
864 3097 901 3152 ad
928 3094 1000 3150 cium
1019 3099 1173 3159 venturum.
1208 3092 1284 3164 Ergo
1306 3090 1415 3147 Christo
1435 3091 1525 3147 cultus
1542 3099 1571 3146 et
1589 3090 1678 3146 honor
1695 3086 1760 3144 ado·

66 3179 202 3245 dextram,
221 3177 365 3234 damnatos
386 3177 421 3233 ad
440 3179 577 3234 sinistram
598 3179 746 3238 connectit
764 3201 789 3238 r.
807 3188 849 3240 33.
868 3201 901 3243 ac
928 3181 1043 3238 rationis
1062 3179 1240 3248 deferendus,
1263 3196 1319 3235 nou
1338 3186 1446 3234 tanturn
1463 3177 1615 3235 secundum
1632 3176 1762 3246 divinam,

67 3266 233 3322 sententiam
258 3265 426 3321 definitivam
450 3266 509 3321 sins
534 3265 592 3322 ulia
617 3282 696 3324 more
722 3269 751 3324 in
777 3270 902 3343 utrisque
929 3271 977 3328 sed
998 3271 1080 3327 etiam
1098 3270 1249 3325 secundum
1267 3269 1415 3323 humanam
1435 3276 1562 3322 naturam
1581 3266 1609 3321 in
1630 3262 1691 3338 ipsa
1715 3271 1762 3322 roi

67 3354 237 3408 ααεοοαὶίοαί
259 3353 405 3406 mandabit
432 3370 456 3409 v.
474 3357 514 3409 34.
538 3361 566 3409 et
584 3361 625 3414 41.
652 3342 733 3426 quae
746 3357 838 3413 omnia
862 3358 902 3414 di·
929 3354 1013 3433 λόγου
1026 3353 1179 3412 ὑποστάσει
1192 3354 1395 3417 subsistentem.
1420 3353 1466 3409 Sic
1479 3369 1545 3425 ergo
1558 3352 1761 3409 concludimus:

67 3441 151 3496 vinae
169 3444 197 3496 et
216 3434 341 3493 infinitae
360 3439 500 3510 potentiae
517 3445 582 3494 sunt
594 3441 707 3510 effects;
724 3442 788 3499 inde
802 3445 904 3501 dicitnr
931 3444 1088 3500 Secundum
1108 3458 1191 3512 quam
1208 3447 1336 3496 naturam
1354 3445 1478 3511 potestas
1490 3438 1610 3496 faciendi
1624 3440 1761 3511 judicium

67 3534 210 3582 renmms·
220 3520 290 3602 μετὰ
309 3523 453 3599 δυνάμεως
471 3530 573 3597 πολλῆς
589 3527 687 3585 Matth.
709 3535 750 3600 24,
770 3548 795 3587 v.
811 3536 851 3587 30.
870 3549 902 3587 ae
930 3529 1038 3585 Christo
1060 3526 1200 3599 competit,
1225 3526 1377 3583 seeundum
1394 3525 1511 3582 eandem
1526 3527 1618 3583 cultus
1636 3529 1762 3600 turpetur

67 3613 148 3686 impii
167 3612 295 3667 dicuntur
316 3611 428 3668 exitium
446 3600 569 3686 passuri,
592 3616 704 3690 qnando
727 3615 852 3672 Christus
873 3618 902 3672 in
929 3617 983 3688 ipsi
1000 3615 1125 3673 debetur.
1160 3613 1249 3685 Atqui
1266 3629 1322 3668 nou
1341 3613 1616 3669 tantumseeuudum
1631 3613 1762 3682 divinam,
1778 3632 1833 3673 xrx.
1847 3630 1892 3673 rut.

67 3699 183 3775 propria
200 3714 320 3772 persona
337 3718 399 3754 eum
418 3700 546 3770 ptoriosa
564 3703 693 3773 potentia
711 3703 747 3759 ad
766 3702 902 3775 judicium
931 3705 980 3761 sed
1001 3705 1085 3759 etiam
1103 3701 1256 3758 secundum
1271 3700 1422 3762 humanam
1440 3706 1568 3756 naturam
1585 3706 1710 3771 potestas
1723 3700 1765 3757 iu·

67 3785 162 3843 ueniet
176 3790 200 3842 2.
218 3783 315 3841 Thess.
336 3790 359 3856 1,
376 3805 402 3840 r.
421 3791 444 3842 9.
478 3788 609 3854 Quamvis
627 3806 693 3847 vero
711 3791 747 3845 nd
768 3792 903 3864 quaedam
932 3790 1023 3848 ciendi
1039 3788 1176 3861 judicium
1197 3786 1238 3842 illi
1260 3787 1400 3857 competit.
1435 3785 1509 3859 Ergo
1530 3793 1708 3849 nontanturn
1723 3805 1764 3845 se

68 3886 103 3929 ex
136 3872 194 3927 illis
229 3873 388 3945 peragenda
423 3874 585 3945 angelorum
622 3876 774 3934 ministerio
811 3883 904 3934 utetur
931 3877 1051 3934 eundum
1081 3875 1217 3944 divinam,
1251 3873 1301 3929 sed
1328 3874 1412 3930 etiarn
1439 3874 1591 3942 secundum
1616 3876 1764 3932 humanam

69 3954 168 4015 blatth.
191 3963 230 4025 13,
251 3975 275 4015 v.
294 3965 335 4016 41.
360 3977 384 4017 e.
403 3965 444 4031 24,
469 3979 496 4019 v.
515 3966 556 4018 31.
593 3969 616 4019 1.
640 3959 737 4019 Thess.
761 3970 786 4030 4,
812 3982 838 4020 v.
864 3970 904 4022 16.
931 3972 1058 4021 naturam
1079 3961 1171 4017 cultus
1190 3965 1320 4037 λατρείας
1338 3960 1699 4031 etreligiosaeadorsu'onis
1711 3962 1764 4033 ipsi

69 4045 141 4102 illud
165 4050 259 4101 tamen
288 4061 345 4101 non
368 4047 544 4102 necessitatis
567 4048 611 4103 oet
635 4049 824 4123 indipentiue,
855 4051 904 4107 sed
932 4051 1056 4106 debetur.
1090 4047 1221 4119 Ephrem.
1238 4047 1286 4103 lib.
1307 4047 1343 4102 de
1360 4063 1427 4103 vera
1444 4046 1546 4118 poenit
1565 4054 1627 4105 at:
1652 4049 1764 4104 Videbi-

70 4133 228 4202 maieetatia
253 4140 278 4186 et
302 4133 420 4187 dominii
443 4133 471 4188 in
496 4134 611 4206 angelos
634 4136 795 4193 declarandi
822 4154 906 4193 eausa
931 4155 990 4192 mus
1010 4135 1142 4189 arentem
1161 4150 1240 4188 omne
1257 4132 1420 4189 mortalium
1435 4150 1521 4204 penus
1533 4134 1655 4202 aprime
1670 4136 1765 4188 Adam

68 4214 125 4276 fiet
161 4225 186 4275 4
206 4219 469 4288 Omnr'praeeentem.
505 4220 623 4287 Quando
649 4223 722 4279 enim
740 4223 829 4279 Filius
855 4223 904 4280 ho·
930 4239 1016 4294 usque
1041 4223 1093 4279 ori,
1107 4220 1236 4276 ultimum
1264 4220 1401 4275 hominem
1431 4236 1576 4290 omnesque
1605 4221 1636 4274 irs
1661 4221 1765 4286 faeiem

69 4305 153 4361 minis
168 4304 255 4360 senia
274 4305 304 4359 in
322 4302 438 4361 nectibus
458 4307 546 4378 cosli,
569 4315 636 4364 tune
658 4309 835 4366 nihilominus
863 4326 904 4365 se·
930 4311 1062 4366 cadentes
1086 4315 1113 4362 et
1135 4306 1275 4362 Christum
1299 4309 1461 4364 adurentes.
1496 4313 1520 4365 t.
1546 4305 1655 4362 Divina
1679 4305 1765 4375 majo·

71 4392 148 4448 dett
169 4409 255 4463 super
273 4394 366 4447 sedern
385 4393 542 4462 majestatis
560 4412 628 4450 suae
648 4405 674 4450 et
694 4415 713 4451 a
732 4397 833 4452 dextra
850 4397 904 4450 uir·
930 4404 1001 4451 state
1019 4402 1046 4450 et
1065 4395 1162 4466 pieria
1180 4394 1291 4462 infinita
1311 4394 1484 4465 praeditum.
1519 4393 1621 4449 Veniet
1640 4390 1766 4447 christus

70 4480 140 4535 tutis
155 4456 254 4534 hiatth.
273 4484 315 4544 24,
332 4498 357 4534 v.
377 4485 416 4536 30.
438 4498 461 4537 c.
476 4485 517 4551 25,
533 4500 559 4536 r.
575 4486 616 4538 31.
635 4499 660 4538 e.
674 4487 716 4550 26,
736 4501 762 4543 v.
778 4488 819 4540 64.
836 4499 903 4554 ergo
926 4482 1013 4555 Jndex
1034 4497 1090 4537 non
1107 4479 1226 4550 amplius
1244 4484 1276 4535 ut
1293 4479 1322 4533 in
1342 4479 1430 4549 primo
1454 4478 1574 4534 adventu
1600 4479 1628 4535 in
1640 4526 1644 4537 .
1655 4477 1765 4539 humiti-

71 4560 170 4622 dextra
183 4565 235 4620 Dei
252 4582 309 4621 non
326 4572 368 4621 eet
384 4565 484 4637 aliquis
498 4564 592 4623 finitus
610 4585 643 4623 ae
661 4569 856 4625 determinatus
876 4570 904 4624 in
930 4576 995 4637 tate,
1015 4567 1064 4623 sed
1082 4569 1111 4623 tr
1133 4561 1200 4643 stt,
1219 4565 1314 4629 αὐτοῦ,
1332 4564 1363 4617 in
1378 4564 1473 4631 aterio
1492 4572 1518 4617 et
1537 4564 1684 4632 mqieetots
1702 4578 1762 4631 use,

71 4652 150 4710 coelo
171 4652 260 4720 loeus,
283 4651 353 4708 alias
372 4649 496 4708 Christus
515 4653 545 4709 in
562 4654 684 4711 nubibus
708 4655 744 4710 ad
767 4655 904 4726 judicium
930 4653 1027 4711 Matth.
1048 4657 1090 4718 25,
1110 4670 1136 4707 r.
1159 4657 1198 4708 31.
1216 4653 1348 4708 Irenaens
1367 4649 1416 4706 lib.
1434 4657 1459 4708 4.
1479 4650 1542 4705 adv.
1562 4649 1667 4705 haeres
1682 4667 1707 4705 e.
1722 4655 1766 4706 tte

70 4739 186 4795 veniens
205 4755 260 4794 non
278 4737 398 4809 amplius
416 4739 451 4793 ad
473 4737 597 4796 dexuam
616 4740 707 4796 Patris
721 4741 838 4810 sederet,
856 4739 904 4795 sed
932 4744 1014 4796 Duos
1034 4738 1142 4794 Christi
1159 4741 1296 4793 aduentus
1315 4752 1410 4792 omnes
1423 4737 1629 4792 annuntiarunt
1644 4738 1766 4807 proniss-

71 4828 115 4883 est
139 4823 248 4881 infinita
271 4831 396 4897 potestas
422 4832 450 4883 et
472 4826 624 4882 dominium
652 4828 905 4899 praesentissimum
931 4835 991 4897 tae,
1016 4843 1101 4880 unum
1121 4825 1249 4895 quidem,
1274 4823 1306 4877 in
1324 4841 1379 4893 quo
1397 4823 1488 4881 hemo,
1503 4824 1533 4878 in
1551 4823 1643 4894 plana
1657 4825 1767 4891 ,suetus

71 4911 102 4967 in
120 4910 197 4967 coslo
216 4925 249 4964 ae
267 4916 349 4981 terra,
370 4911 443 4966 unde
462 4919 579 4968 vocatur
596 4914 819 4969 deutranirtutis
836 4913 904 4969 Luc.
933 4921 972 4969 est
989 4913 1081 4969 sciens
1098 4912 1183 4980 ferre
1201 4911 1436 4976 imbecillitatem,
1462 4910 1493 4964 in
1508 4910 1593 4980 putto
1610 4909 1709 4964 arisae
1726 4926 1767 4964 es·

72 5003 115 5067 22,
135 5014 162 5051 v.
180 5002 222 5054 69.
267 4997 377 5051 Dextra
402 4998 560 5068 maiestatis
594 4998 679 5056 Hebr.
701 5006 722 5070 1,
749 5017 775 5057 s.
794 5005 818 5056 3.
852 4999 906 5072 Cy·
933 5002 1002 5070 dens
1019 5006 1045 5055 et
1061 4998 1327 5069 reprobatuelapin
1345 4998 1560 5064 aedificantibus
1579 5004 1605 5050 et
1623 4995 1695 5051 siout
1710 4997 1768 5050 osse

72 5083 151 5139 nllus
168 5080 216 5138 hb.
239 5086 278 5140 12.
296 5080 419 5139 thesauri
436 5100 459 5138 e.
476 5089 520 5141 14:
544 5084 906 5150 antemuranum
933 5088 974 5140 aet
997 5086 1137 5141 uictimam
1166 5087 1322 5154 adductum
1352 5085 1504 5140 scandum
1528 5090 1636 5152 ouem,
1662 5082 1691 5134 in
1714 5098 1768 5151 quo

72 5177 99 5227 et
119 5169 199 5225 sedes
219 5176 269 5222 aar
285 5170 387 5224 solium
407 5171 521 5238 dieitur,
544 5172 616 5227 uitii
634 5173 719 5228 atiud
740 5172 907 5242 intelliaitur
932 5191 1017 5244 super
1043 5173 1129 5229 nubes
1155 5173 1260 5237 snnmtt
1293 5173 1483 5243 superducens
1512 5169 1599 5235 ὀίεαι,
1628 5184 1699 5237 quas
1729 5174 1769 5221 est

71 5257 131 5312 nesi
143 5256 324 5330 principatus
344 5266 371 5312 et
388 5258 469 5328 reqia
484 5266 619 5329 potestas,
641 5260 906 5329 quamnaturatiter
932 5260 1004 5315 secut
1025 5260 1153 5315 elibanus
1173 5261 1286 5316 masne,
1323 5257 1423 5314 Veniet
1447 5255 1493 5312 bio
1515 5255 1603 5326 iudex
1625 5251 1696 5331 μετὰ
1721 5255 1769 5309 rin-

71 5361 272 5414 supermeat
292 5344 603 5402 habetereaturasete.
639 5345 730 5412 Quare
747 5364 810 5403 cum
830 5344 906 5401 Chri·
932 5342 1105 5422 sinuarent
1125 5340 1206 5416 δόξης
1225 5346 1329 5414 πολλοῖς
1347 5341 1446 5400 Matth.
1466 5347 1507 5412 24,
1527 5346 1614 5398 uto.
1646 5340 1713 5397 Irae.
1727 5342 1768 5406 21,

72 5441 133 5487 stus
154 5430 242 5503 judex
262 5430 297 5485 ad
316 5431 466 5503 infinitam,
489 5431 594 5504 ubique
611 5439 785 5504 praesentem
803 5438 832 5488 et
847 5432 906 5490 effi·
933 5452 960 5489 v.
976 5437 1019 5489 21.
1039 5432 1146 5488 sedebit
1164 5448 1250 5504 super
1268 5433 1398 5487 taonem
1418 5426 1500 5499 δόξης
1517 5425 1605 5484 uisui
1619 5425 1718 5496 Mattb
1727 5429 1770 5494 at,

71 5516 287 5575 maurensis
307 5519 496 5576 moderantem
516 5519 569 5576 Dei
589 5520 715 5575 dextram
732 5519 769 5574 sit
785 5525 907 5585 evectus,
935 5534 961 5576 v.
983 5523 1025 5575 31.
1052 5523 1081 5573 et
1098 5518 1203 5576 Christi
1228 5519 1362 5575 adventus
1389 5522 1505 5575 vocatur
1525 5512 1703 5585 ἀποκάλυψις
1724 5516 1771 5584 ris

1510 5601 1551 5657 ³·
