4050 6014
185 271 246 329 stt
838 256 1067 316 TRAOTATUS
1085 256 1233 315 SEXTUS

254 416 321 470 Mos
340 424 401 470 erat
418 416 939 487 antiaab,aioeisotrisqs1elopills’s,
1048 415 1241 480 Hierusalem,
1267 430 1339 485 quae
1362 414 1506 468 (ιιισσιιιιίι
1530 414 1565 467 de
1589 413 1667 468 coeio
1692 430 1712 466 a
1730 414 1795 468 Deo
1813 431 1879 484 uso,

254 504 309 557 His
328 505 466 557 damnare
483 521 555 567 reos,
574 503 634 557 illis
651 504 794 558 absolvere
812 501 909 572 calpa)
1046 508 1072 553 et
1088 518 1185 554 nomen
1199 517 1288 554 meam
1302 517 1401 553 novum
1421 499 1515 569 (electi
1530 505 1611 554 erunt
1623 505 1652 554 et
1669 499 1878 555 dicenturcires

1045 586 1170 641 coelestis
1192 586 1408 657 Hierosolymae,
1428 602 1461 640 ac
1481 585 1610 641 omnibus
1628 579 1808 641 minifestum
1824 585 1878 653 liet,

184 683 211 731 et
228 677 258 730 in
275 676 386 730 calculo
409 693 508 730 nomen
534 692 636 729 aarum
659 677 809 744 scriptam,
838 677 915 743 arraei
939 690 1018 729 nemo
1045 674 1186 728 columnas
1207 673 1270 727 illas
1287 673 1316 727 in
1335 673 1412 727 coelo
1432 689 1450 727 a
1468 672 1579 728 Christo
1604 674 1833 743 perpessionem
1853 677 1880 728 et

184 762 244 829 scit,
264 762 321 815 nisi
339 762 389 831 qai
405 762 510 831 occipit
528 763 639 827 (nomen
658 778 759 815 novum
775 761 844 815 illud
863 768 913 827 est,
934 767 964 815 ut
978 760 1018 814 di·
1047 767 1175 828 mortem,
1202 777 1258 831 qua
1285 775 1385 813 nomen
1411 758 1481 813 illud
1507 776 1610 814 novum
1637 765 1805 815 consecutus
1833 763 1880 826 est,

185 854 263 902 catur
280 847 353 901 filius
372 847 439 912 Dei,
463 848 548 902 frater
566 854 594 902 et
612 847 726 904 coheres
747 846 848 901 Christi
871 853 891 902 1.
912 846 974 901 Joh.
994 851 1018 914 3,
1047 855 1177 917 tunquam
1204 845 1233 899 in
1252 845 1383 899 victoriae
1402 862 1469 899 suae
1488 852 1695 901 monumentum
1714 845 1803 901 fuisse
1821 861 1881 901 cre-

184 953 210 989 v.
230 939 253 989 2.
276 933 351 1005 quod
375 950 474 988 nomen
498 933 600 987 dicitur
625 934 759 1004 scriptum
782 949 865 1002 super
882 933 1016 988 calculum
1046 936 1104 986 ctss
1123 932 1220 1003 illique
1238 931 1360 986 omnium
1380 937 1537 986 sanctornm
1555 931 1671 1003 gloriam
1692 932 1774 987 unice
1794 931 1880 987 seren

183 1020 347 1084 candidum,
374 1019 440 1091 quia
458 1019 583 1074 Christus
611 1021 713 1075 electos
739 1035 795 1073 non
818 1019 908 1073 solum
932 1036 949 1073 a
971 1019 1017 1072 da·
1046 1018 1110 1072 dam
1131 1034 1191 1073 esse
1209 1022 1374 1088 acceptam).
1411 1035 1435 1070 v.
1463 1022 1503 1073 21.
1540 1018 1597 1080 Qui
1617 1019 1730 1086 vicerit,
1757 1019 1833 1073 dabo
1855 1019 1881 1073 ei

185 1108 325 1161 sanatione
337 1107 470 1173 absolvet,
492 1105 635 1161 sedetiam
647 1106 760 1160 coelesti
774 1106 877 1160 honore
891 1112 919 1160 et
929 1105 1020 1176 gloria
1046 1107 1145 1159 sedere
1164 1121 1269 1159 mecam
1288 1105 1318 1157 io
1337 1105 1439 1160 throno
1458 1119 1532 1171 meo,
1558 1106 1630 1158 sieta
1654 1113 1681 1159 et
1704 1121 1755 1173 epo
1781 1105 1839 1158 cici
1856 1112 1881 1160 et

184 1193 247 1247 illos
273 1193 424 1248 coronabit.
460 1194 550 1250 Nemo
568 1193 640 1248 illud
666 1194 733 1257 scit,
760 1192 813 1247 nisi
837 1192 885 1263 qni
909 1192 1019 1261 accipit,
1046 1193 1110 1245 sedi
1125 1209 1188 1245 cam
1205 1193 1293 1245 Patre
1312 1208 1371 1244 meo
1383 1192 1413 1244 in
1431 1192 1531 1244 throno
1547 1192 1609 1259 ejas
1624 1191 1779 1259 (collocabo
1791 1193 1881 1262 ipsum

185 1279 250 1350 qnia
267 1278 403 1333 Dominus
423 1280 508 1346 novit,
535 1278 583 1349 qui
601 1285 667 1333 suut
685 1278 736 1345 sui,
761 1296 794 1333 ac
818 1295 886 1332 vcra
905 1277 974 1332 fides
992 1285 1019 1331 et
1047 1277 1075 1329 in
1094 1278 1192 1333 throno
1208 1277 1323 1348 gloriae,
1344 1278 1416 1332 sicut
1433 1283 1461 1332 et
1478 1293 1530 1349 ego
1543 1277 1760 1348 perpessionem
1780 1277 1881 1332 intravi

101 1401 106 1410 -
184 1366 297 1420 interior
315 1365 435 1434 Spiritus
452 1364 542 1419 sancti
563 1363 729 1419 inhabitatio
746 1381 802 1418 non
821 1370 887 1418 sunt
904 1365 1018 1419 aliorum
1048 1363 1074 1417 in
1096 1363 1214 1434 gloriam
1232 1379 1333 1428 meam3
1357 1361 1488 1434 regnabit
1507 1379 1614 1418 mecum
1638 1363 1667 1419 in
1690 1363 1769 1420 coelo
1791 1369 1815 1420 2.
1835 1363 1881 1418 'Pi-

184 1451 325 1506 hominnm
344 1450 429 1504 oculis
457 1450 484 1504 in
503 1449 556 1504 hac
573 1450 631 1504 vita
646 1451 735 1506 obvia
774 1451 874 1505 Aretes
896 1449 1019 1504 Caesari·
1047 1450 1130 1507 moth.
1147 1455 1171 1518 2,
1191 1468 1217 1504 v.
1240 1454 1279 1505 12.
1298 1449 1386 1520 Apoc.
1403 1455 1427 1513 2,
1446 1467 1472 1505 v.
1487 1455 1529 1507 26.
1548 1450 1621 1504 sicut
1640 1457 1670 1505 et
1687 1466 1740 1522 ego
1757 1468 1809 1521 per
1823 1469 1881 1507 cru·

184 1538 257 1592 ensis
274 1538 303 1591 in
318 1553 415 1593 comm.
429 1536 455 1590 b.
470 1536 500 1592 l.:
522 1539 633 1591 Manna
652 1538 759 1606 tropice
775 1538 860 1606 panis
878 1544 918 1590 est
936 1537 1017 1589 sitae.
1047 1553 1105 1591 cem
1116 1535 1215 1591 intrari
1225 1536 1253 1591 in
1266 1552 1398 1607 regnum3
1418 1533 1467 1589 nbi
1476 1540 1569 1590 tamen
1577 1537 1739 1602 notandum,
1753 1539 1882 1593 thronum

185 1625 234 1693 ‹psi
247 1631 368 1693 propter
390 1640 443 1677 aas
461 1625 497 1676 ds
523 1625 601 1678 coelo
628 1625 784 1690 alescendit,
814 1623 926 1677 tametsi
948 1623 1020 1676 bona
1046 1625 1159 1689 Patris,
1185 1624 1214 1677 in
1242 1639 1325 1694 quern
1345 1622 1473 1677 Christus
1497 1629 1609 1677 erectus
1628 1627 1684 1690 est,
1710 1623 1848 1696 distingui
1863 1643 1882 1678 a

184 1711 318 1764 ressioersa
344 1712 446 1773 sutura
471 1710 650 1780 deripnentrsr
664 1711 786 1780 perinde
810 1727 844 1763 ao
863 1710 977 1764 coelius
994 1718 1019 1762 et
1047 1711 1147 1764 throno
1165 1708 1278 1777 Christi,
1294 1710 1324 1763 in
1342 1725 1425 1780 quem
1437 1709 1528 1764 sancti
1540 1707 1774 1778 collocabuntur).
1793 1711 1880 1782 Apoc.

187 1798 253 1868 ipsa
265 1795 437 1864 denotantia,
455 1797 504 1849 abi
513 1800 598 1849 etiam
607 1813 730 1865 superna
741 1797 795 1849 itha
805 1804 844 1850 eet
851 1796 1020 1850 Jerusalem.
1047 1803 1072 1865 t,
1091 1813 1115 1849 r.
1129 1803 1152 1853 1.
1173 1795 1254 1850 electi
1267 1803 1404 1866 apparent
1419 1785 1623 1850 circumamicti
1629 1797 1801 1852 vestimentis
1809 1799 1883 1852 alib

192 1877 318 1936 Vine'cnti
337 1883 481 1937 diabolum
499 1899 527 1936 se
546 1884 630 1938 etiam
645 1883 786 1937 σσισσισιιι
800 1883 954 1936 candidam
972 1884 1020 1936 do·
1046 1886 1172 1955 (quorum
1192 1881 1423 1953 significationem
1447 1881 1531 1952 paulo
1550 1882 1677 1952 superius
1696 1885 1882 1955 exposuimus)

186 1978 326 2037 rectarum,
346 1969 372 2024 h.
385 1969 512 2039 eploria
525 1969 1019 2040 dirwtrotumsalpentemqua,polli-
1047 1978 1073 2024 et
1099 1971 1129 2023 in
1151 1969 1291 2038 capitibus
1315 1986 1410 2023 eororn
1436 1986 1556 2024 emanas
1581 1986 1686 2024 aureas
1708 1971 1748 2037 (in
1772 1972 1882 2043 siguum

185 2063 270 2110 retur.
289 2056 389 2110 Posuit
408 2063 502 2110 antem
520 2056 547 2112 h.
566 2055 585 2108 t.
606 2056 747 2110 σσισσισσι
763 2056 926 2122 candidan,
945 2056 1021 2125 priori
1048 2056 1179 2112 victoriae
1198 2073 1216 2110 a
1235 2055 1353 2123 diabolo,
1373 2061 1497 2126 peccato,
1518 2062 1614 2121 morte,
1637 2056 1753 2127 inferno,
1779 2059 1883 2114 mundo

185 2143 210 2194 is
229 2144 309 2212 apud
328 2159 387 2206 ees,
409 2142 460 2212 qui
476 2141 506 2195 irs
525 2141 642 2196 theatris
661 2160 696 2195 ac
713 2142 815 2195 stadiis
832 2142 1020 2208 luctabantur,
1048 2149 1076 2197 et
1105 2141 1232 2196 omnibus
1263 2140 1390 2196 hostibus
1418 2147 1589 2212 reportatae,
1620 2148 1653 2197 ut
1680 2149 1708 2197 et
1736 2142 1882 2214 dignitatis

184 2229 344 2292 familiaris
367 2235 438 2282 esset
455 2245 490 2281 ac
509 2234 592 2282 notas
611 2234 638 2282 et
659 2229 831 2282 vincentibus
850 2228 1019 2282 traderetur.
1048 2228 1141 2299 regiae
1160 2227 1295 2283 schristo
1314 2227 1368 2281 sibi
1386 2227 1526 2298 collatae).
1549 2228 1638 2298 Apoc.
1660 2235 1684 2295 1,
1704 2247 1728 2284 r.
1742 2235 1788 2287 15:
1811 2231 1883 2286 Suet

186 2317 294 2369 Nomen
314 2331 380 2368 cero
396 2331 497 2368 nocam
520 2314 572 2367 hoc
590 2321 638 2380 est,
656 2316 732 2382 qaae
751 2315 780 2367 in
798 2315 945 2383 promenti
964 2314 1020 2367 sita
1047 2321 1112 2367 ante
1139 2314 1268 2367 thronum
1295 2314 1354 2367 Dei
1375 2322 1401 2366 et
1424 2315 1550 2368 seruiunt
1576 2316 1604 2368 ei
1625 2317 1672 2369 die
1697 2324 1724 2370 st
1751 2325 1832 2371 nocte
1852 2319 1882 2371 ia

184 2403 342 2472 ipnoratar.
361 2401 424 2454 Hoc
442 2407 534 2453 eutem
554 2415 654 2452 nomen
669 2399 763 2453 sancti
778 2400 934 2454 hereditate
948 2417 1020 2453 asse-
1047 2402 1148 2469 templo
1179 2400 1241 2468 cios
1272 2401 1349 2470 (sunt
1381 2399 1455 2454 enirn
1482 2396 1626 2472 ἰσάγγελοι
1657 2418 1690 2456 ac
1722 2404 1881 2459 secerdotes

186 2489 326 2556 amatur.)
362 2505 388 2540 v.
406 2491 447 2542 th.
484 2485 538 2549 Qui
563 2486 671 2551 uicerit,
696 2487 767 2540 ‹aa›
794 2486 842 2540 illi
853 2493 1020 2556 potestatem
1047 2486 1202 2551 coelestes),
1228 2493 1254 2539 et
1280 2487 1330 2556 pai
1352 2488 1430 2540 seda
1455 2487 1485 2540 in
1504 2489 1612 2554 throno,
1636 2486 1774 2544 habitabit
1797 2507 1882 2561 srspsr

185 2589 272 2643 super
296 2581 398 2643 pentes,
423 2589 447 2628 v.
466 2577 507 2628 27.
533 2580 559 2626 et
581 2581 660 2640 repet
686 2590 734 2625 ees
758 2573 788 2625 ia
811 2573 893 2641 sirpo
912 2574 1020 2639 ferrea,
1047 2573 1113 2626 illos
1142 2569 1295 2640 (σκηνώσει,
1328 2572 1501 2626 obumbrabit
1529 2588 1583 2640 eos,
1613 2572 1639 2626 b
1665 2589 1688 2628 e
1712 2574 1799 2629 veluti
1823 2593 1881 2630 um·

186 2667 321 2728 tanquam
340 2676 410 2713 oasa
426 2659 511 2729 tipubi
527 2659 752 2726 confrinpentar,
771 2659 843 2712 sicat
862 2667 886 2712 et
907 2675 957 2726 epo
975 2677 1021 2712 oc·
1047 2658 1160 2713 bruculo
1183 2657 1304 2728 quodam
1331 2674 1378 2712 eos
1401 2663 1529 2728 proteget
1551 2666 1649 2713 contra
1672 2663 1786 2730 quaeris
1810 2662 1882 2717 mala

187 2746 251 2815 aspi
266 2763 285 2799 a
304 2747 394 2799 Patre
412 2761 472 2801 meo
492 2745 667 2816 (participem
685 2745 764 2799 illurn
777 2744 878 2800 faciam
892 2745 1022 2800 victoriae
1047 2750 1075 2800 et
1092 2743 1224 2813 adversa3
1243 2742 1330 2813 Apoc.
1351 2747 1392 2807 22,
1410 2761 1437 2797 v.
1456 2748 1485 2801 3:
1506 2744 1581 2798 Ecce
1593 2746 1806 2800 tobernaasiam
1826 2749 1884 2802 Dei

187 2847 264 2886 meae
283 2831 319 2886 ab
339 2830 464 2885 hostibus
482 2837 641 2901 reportatae
659 2831 758 2887 Matth.
781 2833 820 2898 19,
842 2850 867 2886 v.
886 2836 927 2888 28.
952 2831 1020 2886 Luc.
1046 2848 1108 2883 cum
1128 2828 1292 2895 hominibus,
1311 2835 1336 2882 et
1354 2828 1491 2882 habitabit
1503 2846 1565 2883 σιισι
1585 2832 1633 2896 eis,
1652 2839 1680 2884 st
1692 2833 1882 2903 rpsipopoirs

187 2923 228 2984 22,
245 2934 271 2972 ι.
289 2923 330 2974 29.
362 2924 385 2975 1.
403 2917 465 2974 Cor.
486 2924 511 2987 ι,
535 2936 561 2973 v.
582 2923 605 2973 3.
624 2917 725 2988 Ephes.
744 2922 768 2986 2,
795 2934 819 2970 r.
841 2924 864 2974 6.
888 2918 976 2988 Apoc.
997 2923 1021 2986 3,
1047 2917 1109 2987 ejas
1127 2923 1222 2981 ινιιιιι,·
1250 2931 1318 2985 ergo
1345 2910 1478 2984 aspiciare
1498 2913 1541 2971 ἐπ’
1563 2914 1666 2980 αὐτούς
1679 2924 1727 2973 sal
1747 2917 1881 2989 σκηνώσει

186 3022 212 3082 r.
232 3009 272 3059 21.
292 3003 422 3075 Lyranus
442 3004 472 3058 in
493 3004 520 3060 h.
538 3003 570 3064 l.:
590 3004 677 3057 Dabo
694 3004 743 3058 illi
754 3011 924 3073 potestatem
936 3022 1022 3073 srsper
1045 3002 1104 3079 μετ’
1125 2999 1237 3070 αὐτῶν).
1264 3019 1289 3056 v.
1312 3006 1351 3056 16.
1379 3001 1445 3054 Non
1464 3003 1586 3056 esurient
1604 3019 1692 3072 neque
1711 3005 1807 3058 sitient
1825 3024 1882 3060 arn·

187 3098 280 3159 pentes
304 3091 334 3143 in
352 3091 437 3154 finali
446 3091 577 3160 judicio,
607 3092 637 3145 in
663 3109 718 3161 quo
740 3091 833 3144 sancti
852 3090 1021 3158 judicabant
1044 3089 1135 3157 plina,
1163 3103 1213 3140 rec
1240 3090 1323 3140 cadet
1347 3104 1432 3155 srsper
1454 3088 1520 3142 illos
1543 3089 1587 3142 sol
1611 3105 1663 3142 nec
1686 3089 1764 3144 uitas
1789 3101 1881 3146 aesna

187 3193 249 3228 cnm
269 3177 390 3243 Christo,
416 3185 443 3230 st
465 3177 505 3230 sic
526 3176 627 3230 habent
640 3183 807 3245 potestatem
824 3193 910 3246 super
926 3185 1020 3245 pentes
1046 3173 1136 3241 (liberi
1148 3178 1230 3228 crunt
1239 3173 1275 3227 ab
1287 3173 1415 3227 omnibus
1425 3173 1566 3243 molestiis,
1581 3174 1617 3228 sb
1630 3176 1703 3229 omni
1717 3176 1881 3249 indigentis,¹

180 3263 372 3329 judicandas.
394 3263 433 3317 Et
450 3270 527 3332 repet
545 3263 615 3316 illas
627 3263 708 3332 rirpa
720 3264 827 3333 ferrea,
845 3263 869 3315 h.
881 3278 903 3322 s.
913 3263 1019 3331 infleri-
1046 3261 1083 3315 ab
1096 3259 1170 3315 omni
1190 3259 1345 3314 tentatione
1361 3276 1395 3314 ac
1412 3261 1604 3330 persecutione
1623 3268 1646 3318 1.
1657 3261 1730 3318 Petr.
1745 3270 1769 3332 1,
1789 3283 1815 3318 v.
1832 3267 1881 3334 12),

187 3348 239 3401 bili
249 3348 383 3416 justitia,
404 3357 428 3402 et
447 3356 580 3418 tanquam
601 3366 670 3403 oasa
688 3349 771 3418 fipuli
797 3349 1020 3416 consrinpentun
1047 3367 1071 3401 v.
1095 3353 1134 3405 i'l.
1167 3348 1300 3416 quoniam
1325 3348 1438 3415 Apsias,
1467 3349 1517 3415 σιιι·
1543 3349 1573 3402 in
1598 3351 1689 3405 medio
1716 3354 1814 3407 throni
1835 3364 1881 3419 est,

187 3434 255 3503 puio
276 3441 341 3487 tune
358 3443 522 3503 peccatores
541 3436 571 3487 in
585 3435 728 3499 infernam
738 3435 1021 3504 praecipitabuntur),
1046 3441 1124 3502 repat
1141 3434 1209 3487 illos
1233 3442 1259 3487 et
1279 3435 1398 3486 dedocet
1418 3450 1465 3487 cos
1483 3436 1524 3488 ari
1538 3435 1633 3496 fontes
1651 3437 1724 3490 citae
1741 3456 1882 3508 σσιισσιιισ

188 3538 214 3574 v.
235 3524 276 3576 28.
300 3526 326 3574 et
345 3520 419 3573 dabo
441 3520 490 3574 iiii
506 3521 619 3574 stellam
636 3523 802 3575 matutinam
824 3524 869 3589 (ea
885 3525 928 3575 est
947 3537 1020 3590 sym·
1047 3521 1105 3590 (ini
1125 3516 1211 3585 ζώσας
1233 3516 1325 3589 πηγὰς
1345 3514 1468 3583 ὑδάτων,
1492 3519 1529 3573 ad
1549 3520 1672 3576 virentes
1692 3521 1792 3592 sontes,
1818 3525 1844 3579 h.
1857 3543 1881 3581 e.

188 3604 280 3659 bolum
301 3604 443 3675 periectas
456 3613 667 3679 tsoyroalaeet
684 3607 826 3672 claritatis,
847 3623 902 3678 qua
913 3607 1021 3661 animae
1047 3605 1168 3675 satiabit,
1184 3606 1292 3677 potabit
1300 3612 1328 3659 et
1341 3605 1493 3660 inebriabit
1510 3623 1556 3662 eos
1570 3609 1731 3663 coelestium
1746 3611 1881 3668 bonorum

187 3697 216 3745 et
236 3707 354 3760 corpora
381 3691 488 3762 piorum
512 3691 661 3746 induentur
684 3693 712 3746 in
739 3692 795 3747 rita
819 3698 931 3747 aeterna
949 3692 1021 3749 Dan.
1047 3692 1241 3762 abundantis),
1256 3701 1282 3746 et
1299 3694 1439 3763 absterpet
1456 3695 1536 3747 Deus
1549 3712 1655 3748 omnem
1672 3697 1831 3766 lacrpmam
1847 3702 1882 3754 ab

190 3782 229 3846 12,
246 3795 272 3833 s.
293 3782 317 3831 3.
338 3783 360 3833 1.
380 3777 441 3832 Cor.
465 3785 504 3847 15,
522 3796 546 3833 v.
566 3777 630 3849 11).
648 3779 737 3848 Apoc.
759 3783 782 3846 3,
802 3797 827 3832 v.
841 3785 871 3834 t:
888 3780 1020 3834 Ambula-
1047 3780 1136 3833 oeulis
1153 3795 1249 3832 eorum
1267 3776 1466 3846 (consolabitur
1483 3795 1537 3845 eos,
1556 3781 1628 3833 sicat
1647 3790 1737 3836 mater
1755 3787 1881 3840 consola·

188 3863 254 3917 bunt
278 3880 383 3917 nsecrtm
405 3865 435 3917 in
459 3865 539 3920 olbis.
572 3881 597 3919 v.
616 3871 639 3919 b.
675 3865 730 3928 Qui
751 3866 863 3931 uicerit,
889 3867 1020 3920 vestietur
1047 3866 1186 3928 turilias
1206 3865 1268 3918 Esa.
1289 3869 1331 3934 25,
1358 3882 1384 3920 r.
1404 3870 1428 3921 8.
1447 3881 1507 3934 cap.
1531 3870 1572 3932 bb,
1594 3885 1620 3922 v.
1640 3872 1679 3923 1³.
1701 3868 1883 3938 replebuntur

71 3962 112 4003 xx.
127 3962 173 4003 aas·
186 3949 353 4003 vestimentis
368 3951 441 4005 olbis
459 3953 542 4022 (qnae
560 3957 624 4005 sunt
642 3952 798 4021 symbolum
821 3952 959 4018 victoriae,
978 3953 1018 4007 in·
1047 3952 1157 4006 coelesti
1172 3950 1280 4006 laetitia
1295 3951 1366 4016 stc).
1384 3950 1552 4021 Proponitur
1568 3952 1654 4023 igitur
1664 3953 1695 4008 in
1712 3955 1765 4009 hac
1777 3957 1883 4015 risione

187 4036 345 4106 nocentiae,
371 4038 476 4108 gloriae
500 4054 534 4092 ac
563 4038 701 4108 laetitiae,
728 4040 795 4111 quin
820 4045 849 4094 ct
877 4040 1020 4111 dignitatis
1047 4037 1258 4108 apocalyptica:
1295 4042 1317 4092 1.
1350 4037 1493 4090 beaterum
1518 4040 1668 4095 σισιιιιιιιισ
1696 4049 1722 4094 et
1748 4046 1881 4100 varietas.

187 4122 290 4194 regiae)
311 4131 338 4176 et
357 4140 412 4177 oon
431 4125 528 4179 ddebo
546 4143 644 4178 nomen
667 4126 729 4194 ejas
756 4127 791 4178 ds
813 4127 886 4179 libro
904 4127 977 4181 sitae
995 4137 1018 4181 et
1049 4124 1197 4179 Multitudo
1216 4124 1327 4205 quidem
1340 4141 1367 4177 v.
1380 4128 1410 4181 t:
1434 4123 1502 4178 Vidi
1512 4126 1624 4179 turbam
1642 4145 1781 4199 maenam,
1800 4150 1882 4201 qaam

188 4209 337 4272 confitebor
355 4225 454 4264 nomen
476 4210 538 4279 ejas
564 4227 660 4263 eoram
680 4212 769 4264 Patre
793 4229 852 4265 meo
877 4220 903 4265 et
926 4230 1019 4267 coram
1048 4213 1227 4264 dinumerare
1256 4226 1335 4263 nemo
1356 4217 1488 4279 peterat,-
1516 4211 1636 4266 varietus
1659 4230 1740 4284 vero,
1770 4218 1883 4288 quando

189 4295 493 4365 capetismeis(cc1to
518 4303 704 4367 consequetur
729 4298 845 4352 salutem
870 4299 1021 4371 eademque
1047 4296 1227 4368 subjungitur
1246 4295 1350 4350 ibidem
1369 4313 1402 4350 es
1419 4297 1544 4349 σισσιιιιι
1559 4300 1687 4365 pentibus
1707 4309 1732 4355 et
1756 4303 1882 4358 tribubus

189 4397 330 4451 nunquam
351 4380 478 4448 excidet).
503 4399 529 4436 r.
553 4387 592 4437 12.
614 4382 671 4445 Qut
687 4383 793 4451 uicerit,
802 4385 919 4452 faciam
940 4387 1021 4440 iiiam
1049 4392 1074 4436 et
1092 4384 1208 4453 populis
1222 4390 1247 4436 et
1266 4381 1378 4450 linpuis.
1406 4384 1533 4453 Utraque
1550 4383 1585 4437 ad
1604 4385 1841 4454 pulchritudinem
1859 4396 1887 4444 et

188 4466 347 4520 colamnam
367 4467 396 4520 in
416 4469 519 4537 templo
538 4469 598 4522 Dei
614 4471 668 4522 mei
689 4471 752 4537 (erit
771 4478 922 4542 perpetuus
943 4473 1021 4528 heres
1048 4470 1238 4525 excellentiam
1265 4469 1391 4525 coelestis
1415 4469 1491 4524 illius
1516 4471 1624 4540 patriae
1650 4474 1808 4544 aagendam
1826 4476 1887 4548 plu·

188 4557 363 4607 aeternorum
386 4552 521 4608 bonerum
546 4572 597 4610 uec
617 4555 705 4610 ullum
723 4554 884 4621 ἐκπτώσεως
899 4559 952 4628 ipsi
973 4560 1018 4614 im·
1048 4556 1146 4610 simum
1169 4557 1283 4611 faciti.
1302 4559 1458 4610 Beatorom
1477 4558 1949 4628 commataetpaeatarsaams

188 4638 306 4692 minabit
324 4639 485 4708 pericnlum,
510 4641 576 4712 quia
594 4641 722 4698 columna
739 4650 782 4698 est
798 4644 956 4715 symbolum
973 4646 1021 4700 im·
1050 4644 1185 4712 paillitaa.
1214 4642 1315 4697 Mirum
1336 4659 1412 4709 sane,
1431 4642 1559 4699 coelestis
1579 4644 1792 4717 Hierosolymae
1809 4649 1884 4704 cives

189 4723 349 4779 mobilitatis
360 4725 388 4779 in
399 4730 472 4797 statu
482 4726 588 4798 gloriae
598 4728 731 4796 coelestis,
745 4731 820 4785 unde
829 4729 1022 4801 explicationis
1049 4735 1128 4783 tanta
1157 4727 1334 4783 multitudine
1360 4745 1393 4784 ec
1417 4730 1551 4785 venetate
1583 4747 1644 4786 esse
1669 4731 1808 4798 illustres,
1835 4736 1886 4790 sed

189 4827 274 4867 causa
286 4812 475 4883 subjungitur)
489 4821 515 4867 et
526 4816 608 4879 foras
620 4832 676 4869 non
690 4818 848 4883 epredietar
857 4819 981 4887 amplias
996 4829 1021 4871 et
1050 4817 1132 4886 longe
1149 4813 1316 4883 mirabilius,
1343 4815 1371 4867 in
1396 4821 1476 4870 tauta
1501 4816 1680 4873 multitudine
1699 4835 1733 4873 ac
1749 4821 1884 4877 varietate

188 4898 309 4952 ισνιισσι
333 4917 418 4968 saper
443 4916 504 4954 eom
531 4919 630 4957 nomen
654 4904 715 4956 Dei
741 4904 798 4957 mci
822 4904 862 4972 (in
888 4904 1022 4958 columnis
1051 4901 1253 4971 pacatissimam
1271 4899 1386 4955 inveniri
1411 4902 1600 4967 concordiam,
1624 4920 1697 4975 quae
1720 4906 1884 4962 alebanne

188 5001 285 5056 regum
302 5001 335 5040 ac
353 4986 509 5058 principum
529 4989 643 5043 nomina
666 5006 760 5043 eornm
784 4989 899 5043 inscribi
918 4989 1021 5060 solent;
1048 4986 1211 5051 insinuatur,
1231 4985 1342 5056 quando
1361 4994 1427 5039 onte
1444 4988 1574 5042 thronum
1596 4991 1627 5043 in
1644 4999 1793 5060 conspectu
1807 4995 1885 5061 Apri

188 5071 228 5125 ita
244 5088 355 5144 quoque
368 5073 421 5128 Dei
441 5090 540 5129 nomen
559 5092 642 5145 snper
655 5075 797 5130 columnae
816 5076 877 5129 illas
890 5076 1022 5130 coelestes
1049 5073 1155 5126 stetisse
1174 5071 1313 5127 dicuntur.
1349 5077 1373 5128 ι.
1403 5073 1522 5128 Gloriae
1545 5077 1673 5131 coelestis
1690 5079 1832 5134 stabilitas
1850 5097 1885 5135 eo

189 5157 328 5224 scribitur,
345 5159 411 5230 quia
424 5159 463 5229 pii
481 5161 510 5214 in
526 5159 579 5214 bac
596 5161 653 5214 rite
667 5159 845 5231 pergratiam
858 5161 1022 5229 adoptionis,
1048 5159 1176 5227 firmitas.
1195 5158 1333 5213 Dicuntur
1350 5159 1423 5214 enim
1441 5160 1514 5216 beati
1535 5170 1613 5217 stare
1631 5173 1697 5218 ante
1714 5166 1844 5221 thronum
1856 5174 1885 5222 et

188 5245 217 5299 in
233 5245 329 5300 futura
348 5263 398 5316 per
421 5245 578 5301 beatificam
596 5246 730 5299 visionem
750 5251 815 5300 sunt
839 5251 867 5300 et
892 5246 1023 5302 dicuntur
1049 5247 1077 5301 in
1096 5251 1246 5316 conspectu
1265 5245 1355 5316 Agni,
1380 5251 1439 5301 tum
1460 5247 1525 5318 qnia
1542 5248 1634 5319 gratia
1651 5251 1726 5320 apud
1745 5251 1837 5307 Deum
1855 5260 1885 5310 st

188 5331 242 5386 Dei
261 5330 326 5395 tilii,
350 5348 384 5387 ac
407 5347 508 5386 nomen
533 5330 604 5385 illud
629 5330 731 5386 dicitur
753 5331 836 5386 scribi
861 5350 944 5403 super
966 5350 1023 5403 eos,
1048 5334 1161 5406 Agrum
1175 5333 1305 5387 fruuntur
1323 5339 1351 5387 et
1369 5333 1405 5387 ad
1423 5333 1518 5389 divina
1534 5336 1666 5390 mandata
1685 5343 1808 5405 promtus
1824 5357 1884 5397 sese

188 5417 255 5488 quia
272 5416 347 5488 quod
367 5434 452 5487 supra
466 5421 593 5472 naturam
611 5420 661 5483 eet,
679 5418 778 5472 nonin
796 5418 859 5486 illis,
880 5421 928 5474 sed
940 5437 1024 5491 super
1048 5419 1186 5486 exhibent,
1208 5426 1483 5491 quorumutrumquc
1497 5423 1629 5492 competit
1646 5422 1710 5488 illie,
1729 5422 1777 5495 qui
1790 5440 1883 5480 coram

188 5502 250 5558 illos
269 5501 353 5557 scribi
372 5502 485 5572 dicitur)
505 5511 531 5557 et
549 5519 648 5558 nomen
665 5505 785 5560 astante
799 5505 858 5562 Dei
869 5507 1021 5564 meinooae
1050 5505 1222 5581 principibus
1242 5507 1369 5577 adstant,
1395 5513 1454 5563 tum
1480 5508 1546 5583 quia
1570 5509 1599 5566 in
1623 5509 1697 5568 bono
1717 5526 1750 5567 ac
1766 5511 1885 5585 proinde
