4050 6014
205 203 265 260 238
861 191 1093 248 TRAOTATUS
1109 191 1280 256 QUINTUS

86 379 107 421 3,
121 378 193 417 hm.
206 358 231 416 5,
250 368 274 403 v.
295 356 336 406 20.
354 349 442 419 11888.
466 355 489 416 2,
509 366 534 403 v.
556 355 596 404 11.
614 365 675 418 888.
696 353 737 417 211,
759 366 782 403 v.
802 354 840 405 tt
859 352 913 403 etc.
932 353 956 405 3.
976 342 1090 402 its-tv.
1115 353 1153 402 13.
1191 348 1259 401 Cum
1279 346 1331 401 bac
1349 345 1486 416 spirituali
1511 345 1777 424 infidelium-morte
1803 344 1902 400 118118-

108 431 161 469 1111
204 444 283 509 iper,
302 436 440 502 interitus,
461 434 559 488 Mattb.
584 439 622 497 11),
640 452 665 486 v.
687 437 727 488 28.
761 439 781 487 1.
804 432 904 488 Thess.
924 441 948 498 5,
968 452 994 489 v.
1013 440 1036 487 3.
1051 433 1134 512 Ι81818
1159 432 1288 502 cognatio
1312 431 1392 486 morti
1420 432 1565 501 impiorum
1588 438 1717 487 aeternae
1747 430 1904 497 intercedit,

204 527 229 576 2.
249 520 346 576 Thess.
370 528 390 589 1,
415 538 440 574 1.
459 526 483 577 9.
519 526 540 574 l.
559 519 630 572 Tim.
659 526 682 587 t,
707 536 731 570 v.
757 524 780 572 9.
806 535 839 572 88
866 517 1131 598 differentiaelquia
1148 517 1226 587 impii
1245 517 1352 572 inferno
1370 516 1551 586 adjudicandi
1570 533 1587 570 a
1605 534 1670 571 vera
1687 518 1753 583 vita,
1785 517 1903 586 quaein

205 623 291 661 causa
310 606 477 676 quandoque
489 605 603 659 additur
617 605 742 672 perditio
766 611 890 671 aeterno,
909 604 1039 657 interitus
1067 603 1126 657 Deo
1145 610 1195 672 est,
1216 620 1233 656 a
1250 604 1372 674 81811888
1389 604 1442 658 Dei
1456 602 1665 670 inhabitatione,
1684 603 1720 658 ab
1734 604 1822 658 omnis
1836 619 1903 674 gau·
1919 618 1969 662 xx.
1985 619 2023 660 111

205 701 342 760 aeternus,
360 710 436 745 mors
454 699 579 752 aeterna,
600 708 675 741 mors
693 691 825 751 secunda,
846 685 951 763 φθορά,
979 706 1038 740 cor·
1065 689 1104 743 dii
1124 688 1337 759 participatione
1357 690 1538 744 iuaeternum
1555 695 1620 743 sunt
1634 690 1746 759 exclusi,
1765 690 1832 760 quin
1849 689 1904 742 imo

205 781 301 847 ruptio
323 783 346 832 2.
363 777 441 831 Ρ811.
459 782 483 843 2,
502 794 527 830 v.
550 774 1258 845 1181888888,888188188188888818188
1287 782 1415 844 respectu
1443 774 1525 846 bujus
1549 783 1678 830 aeternae
1702 793 1736 829 ac
1765 774 1905 830 secundae

206 865 397 918 damnatorum
410 859 673 934 1888818131,ᾋῇ
683 863 825 914 cadauere
845 858 1161 927 Ε88.66,1.23.’11181118
1180 861 1262 932 longe
1282 861 1361 929 pejor
1378 868 1420 915 est
1438 861 1559 916 conditio
1578 879 1661 932 quam
1690 861 1841 917 infidelium
1874 861 1904 913 in

205 950 333 1003 nimirum
357 949 421 1018 quia
443 948 498 1017 ipsi
524 954 588 1000 sunt
611 955 724 1001 aeterua
749 953 836 1000 morte
862 946 970 1001 mortui.
1007 908 1117 1012 Iulhoc
1136 946 1238 1001 mundo
1256 952 1383 1016 respectu
1403 946 1498 1000 1881118
1517 946 1675 1016 spiritualia,
1702 947 1769 1017 quia
1787 945 1905 999 infideli-

205 1036 339 1106 parabola
357 1034 452 1087 decem
471 1033 605 1086 minarum
626 1033 693 1086 Luc.
717 1038 755 1097 19,
776 1051 801 1085 1.
819 1038 860 1087 21.
878 1032 984 1085 inimici
997 1047 1036 1084 re·
1051 1026 1117 1094 lbus
1137 1031 1255 1086 duranto
1271 1032 1361 1086 adbuc
1376 1038 1500 1101 tempore
1520 1033 1627 1103 gratiae
1648 1038 1727 1103 patet
1746 1033 1838 1086 aditus
1866 1032 1903 1086 ad

205 1122 248 1193 gis
265 1120 400 1190 jubentur
418 1121 548 1183 interfici,
567 1124 598 1172 ut
616 1117 796 1188 significetur,
821 1117 915 1171 hostes
934 1117 1038 1171 Christi
1051 1113 1053 1131 ³
1065 1117 1264 1186 poeniteutiam
1281 1124 1310 1172 81
1329 1117 1582 1172 18888811181188881
1601 1136 1664 1172 cum
1683 1120 1751 1181 Deo,
1772 1117 1904 1189 quotins

205 1213 318 1262 aeterua
334 1211 421 1261 morte
442 1204 606 1274 perdendos.
642 1203 767 1258 Vocatur
797 1210 888 1257 autem
918 1203 1036 1258 miserri-
1066 1205 1148 1258 etiam
1168 1204 1235 1274 ipsis
1251 1203 1437 1258 conversionis
1457 1203 1546 1258 medis
1565 1204 1682 1258 verbum
1703 1211 1731 1258 et
1746 1220 1903 1259 sacramen-

205 1309 266 1346 mus
286 1292 479 1345 damnatorum
497 1294 584 1342 status
600 1290 734 1357 perditio,
755 1307 829 1342 nsors
847 1306 881 1341 ac
898 1290 1037 1357 interitus,
1064 1296 1095 1343 ta
1123 1288 1290 1359 offeruntur3
1320 1290 1369 1344 sed
1402 1290 1526 1345 damnati
1555 1289 1795 1345 irremediabiliter
1822 1290 1902 1343 morti

205 1395 260 1434 non
286 1377 360 1447 quod
384 1378 421 1430 811
446 1375 574 1428 absoluta
593 1374 729 1444 quaedam
749 1374 905 1447 incaeptis
924 1393 957 1430 ac
977 1375 1037 1429 red·
1064 1380 1129 1429 sunt
1148 1374 1258 1429 obnoxii
1277 1384 1305 1430 et
1322 1394 1340 1430 a
1359 1376 1430 1430 faeie
1449 1376 1503 1430 Dei
1522 1376 1550 1430 iu
1570 1382 1711 1431 aeternum
1730 1394 1764 1431 ac
1777 1377 1903 1447 plenarie

204 1463 280 1518 actio
307 1461 350 1517 vel
376 1462 461 1516 totius
487 1459 631 1529 compositi
653 1461 697 1514 vel
714 1460 800 1528 partis
825 1460 984 1514 alterutrius
1009 1460 1176 1529 inabjecti.
1212 1460 1281 1516 lude
1299 1462 1385 1515 uitam
1405 1472 1483 1516 cetra
1504 1464 1639 1516 81188818
1659 1472 1748 1517 morte
1766 1481 1823 1516 non
1844 1481 1902 1516 mo·

204 1549 329 1614 nihilum,
349 1548 415 1618 quia
429 1547 536 1600 animae
557 1552 585 1598 et
601 1561 719 1615 corpora
740 1545 930 1600 damnatorum
949 1546 977 1598 in
993 1563 1038 1600 ae·
1050 1496 1052 1607 l
1064 1546 1153 1598 riente
1174 1547 1204 1598 in
1223 1556 1367 1601 aeternum
1386 1551 1548 1604 traducunt.

204 1637 289 1690 ternis
307 1633 451 1703 suppliciis
470 1633 571 1699 vivent,
601 1631 648 1685 sed
668 1632 734 1701 quic
753 1632 787 1685 de
803 1632 930 1686 omuibus
948 1631 1052 1686 malasi
1099 1637 1140 1688 38.
1175 1633 1220 1687 De
1238 1632 1290 1687 hac
1316 1641 1429 1688 aeterna
1452 1635 1644 1690 damnatorum
1670 1642 1758 1691 morte
1783 1636 1902 1692 8181118-

205 1722 299 1777 mertis
317 1719 463 1790 speciebus
482 1717 589 1789 aliquid
611 1719 768 1789 participat.
806 1718 980 1784 (Scholastici
999 1714 1160 1789 sic}seruut
1183 1718 1221 1788 pii
1247 1726 1360 1774 vetares.
1396 1719 1560 1774 Ambrosius
1584 1720 1612 1774 in
1638 1738 1735 1777 comm.
1768 1721 1849 1776 Rom.
1868 1729 1900 1777 5:

205 1809 394 1878 distinguunt:
422 1806 479 1858 vita
499 1805 607 1859 animae
627 1804 728 1875 duplex
749 1815 804 1870 est,
831 1805 989 1858 essentialia
1013 1798 1152 1877 et2Mors
1169 1805 1283 1872 nuptus,
1302 1805 1452 1858 dissolutio
1465 1807 1601 1874 88888818,
1619 1823 1681 1860 cum
1698 1807 1900 1861 8818888888-

204 1894 361 1949 habitualis
379 1909 427 1946 seu
446 1893 539 1944 relata
556 1891 706 1944 adalind.
743 1891 795 1944 llla
819 1892 847 1945 in
872 1908 945 1952 esse,
969 1882 1133 1967 haeclpore
1150 1897 1317 1958 separatur;
1347 1898 1372 1943 et
1388 1908 1478 1957 81818,
1503 1909 1575 1959 qaae
1594 1895 1718 1945 secunda
1737 1895 1844 1946 dicitur
1871 1894 1901 1944 in

205 1983 234 2036 in
259 1980 329 2034 bene
355 1994 415 2033 esse
443 1976 577 2032 consistit.
613 1976 715 2031 Anima
745 1977 824 2047 impii
853 1977 945 2047 quoad
979 1972 1197 2059 esselpelsenna.
1234 1975 1398 2031 Lactantius
1415 1976 1462 2030 lib.
1481 1982 1504 2032 2.
1524 1977 1608 2032 instit.
1627 1995 1688 2048 cap.
1710 1984 1756 2032 13:
1785 1979 1901 2047 Duplec

203 2082 345 2137 uunquam
364 2064 443 2135 perit,
463 2063 555 2134 quoad
567 2063 638 2117 bene
653 2080 712 2118 esse
726 2062 754 2115 in
769 2063 953 2132 perditionem
965 2063 1053 2130 11111),
1066 2069 1106 2113 est
1127 2080 1212 2127 mors,
1234 2065 1359 2130 primam
1376 2065 1418 2116 sio
1436 2064 1598 2133 desistimus:
1620 2083 1695 2118 mors
1715 2074 1754 2118 est
1779 2074 1900 2118 naturas

203 2153 276 2208 Dico
294 2153 387 2204 atalae
405 2150 511 2216 mortis,
533 2149 599 2219 quia
618 2148 793 2216 desalutari,
821 2148 895 2203 bona
912 2166 946 2203 88
959 2149 1249 2218 spiri-lanimantium
1270 2150 1432 2215 (1818818118,
1455 2152 1499 2203 881
1525 2151 1581 2217 ita,
1606 2169 1680 2203 mors
1705 2160 1747 2204 est
1770 2152 1901 2219 corporis

204 2239 274 2294 tuali
292 2239 342 2291 illa
359 2235 481 2289 fidelium
501 2239 597 2302 morte,
618 2251 673 2303 qua
691 2234 719 2287 iu
738 2234 790 2288 hac
809 2235 867 2288 vita
885 2235 986 2289 mortui
1000 2231 1052 2287 ‹ti-¹
1066 2235 1231 2301 ditioresque
1248 2236 1374 2288 seductio
1380 2256 1391 2302 ,·
1419 2238 1570 2289 anstrudam
1589 2254 1654 2289 uero
1678 2239 1735 2291 sie:
1760 2256 1836 2291 neers
1860 2245 1900 2290 est
1957 2303 1960 2308 .

204 2331 304 2379 cuntur
324 2318 455 2392 peccato,
481 2320 551 2390 legi,
577 2320 677 2374 mundo
697 2326 725 2373 et
749 2321 840 2385 carni,
865 2321 933 2374 nihil
958 2320 1039 2391 quid·
1066 2320 1173 2373 oeterni
1192 2320 1302 2372 doloris
1324 2323 1480 2389 perpessio,
1504 2323 1547 2375 881
1566 2324 1614 2387 ita,
1639 2331 1770 2377 moreest
1790 2325 1901 2376 anima-

205 2426 288 2480 quam
307 2406 462 2477 participat.
498 2404 625 2458 Diximus
651 2412 742 2460 autem
770 2423 820 2461 suo
847 2408 916 2473 loco,
944 2407 1040 2461 mortis
1065 2424 1129 2458 rum
1153 2424 1207 2475 pro
1232 2408 1340 2459 meritis
1370 2411 1411 2460 nd
1433 2417 1549 2461 8818888
1575 2411 1718 2478 supplicia
1745 2413 1900 2466 8188188118.

205 2497 316 2550 nomine
336 2492 451 2562 intelligi
474 2495 497 2559 1)
514 2494 604 2544 omnis
622 2495 733 2560 pencris
751 2494 927 2547 calamitates
948 2496 1039 2546 81881-
1066 2490 1240 2561 Augustinus
1258 2491 1303 2546 lib.
1324 2498 1347 2546 t.
1369 2493 1403 2547 de
1422 2493 1497 2549 civit.
1516 2494 1569 2549 1181
1590 2512 1649 2565 cap.
1665 2502 1708 2551 12:
1727 2498 1900 2551 Eamvitarn

204 2583 351 2635 8888118188
368 2578 472 2633 homini
490 2578 519 2631 iu
539 2578 663 2632 haesita
680 2586 792 2649 propter
809 2587 953 2650 peccatum
971 2579 1038 2634 tole-
1066 2585 1208 2630 adernam
1227 2578 1355 2644 dicirnus,
1380 2580 1428 2631 uiri
1446 2582 1564 2633 8818188
1583 2582 1787 2647 tineselieitas.
1826 2583 1900 2635 Nam

206 2668 314 2732 raedas,
344 2666 431 2719 Exod.
453 2670 536 2731 11),1.
559 2670 597 2719 11.
630 2672 651 2720 1.
671 2665 732 2720 (lor.
754 2672 793 2733 15,
812 2685 836 2721 v.
857 2672 898 2721 31.
931 2672 953 2721 2.
976 2666 1039 2720 Cor.
1065 2662 1093 2715 si
1111 2664 1206 2715 anima
1226 2664 1255 2715 in
1280 2664 1383 2731 poenis
1411 2665 1478 2717 81811
1508 2667 1647 2733 88188818,
1673 2668 1816 2736 88118881
1844 2670 1902 2738 ipsi

208 2760 230 2823 1,
249 2771 274 2807 v.
299 2752 485 2820 testejam
505 2749 1036 2827 1818181818188881881818888868,
1064 2748 1184 2816 spiritns
1214 2750 1413 2802 cruciabuntur
1439 2750 1590 2814 immundi,
1618 2769 1694 2805 88888
1722 2753 1777 2805 illa
1806 2749 1902 2820 potira

205 2839 355 2909 congeries,
371 2837 503 2891 colluvies
522 2843 606 2905 atque
624 2835 774 2890 8881181188
791 2838 1183 2898 88818888818818818888
1200 2835 1323 2889 dicenda
1342 2843 1381 2888 cst
1402 2854 1486 2904 88888
1504 2838 1569 2891 uita.
1604 2838 1697 2891 Nulla
1714 2840 1818 2908 quippe
1842 2857 1900 2892 ma·

205 2925 384 2989 miseriarum,
411 2921 600 2976 calamitatum
621 2930 649 2976 81
671 2923 882 2989 adversitatum,
911 2940 983 2993 quae
1009 2925 1038 2978 in
1051 2904 1112 2990 'jor
1138 2931 1188 2976 aut
1210 2924 1296 2992 pejor
1325 2931 1365 2976 est
1393 2942 1482 2988 mors,
1511 2941 1594 2991 quam
1622 2926 1671 2977 ribi
1695 2943 1751 2980 non
1781 2927 1901 2980 moritur

204 3013 257 3066 hac
284 3011 342 3062 1118
364 3009 466 3062 homini
492 3024 614 3079 uuquam
638 3008 798 3078 obtigerunt
823 3009 867 3064 181
894 3010 1039 3081 obtingere
1065 3027 1149 3062 mors.
1187 3008 1246 3062 Sed
1266 3011 1343 3078 quod
1362 3011 1474 3062 animae
1493 3017 1597 3063 natura
1613 3028 1667 3078 per
1686 3013 1733 3079 id,
1756 3014 1833 3082 quod
1850 3013 1899 3065 isn-

205 3102 363 3168 potuerunt,
382 3095 478 3165 utiquc
494 3111 560 3165 ergo
577 3100 667 3148 8181118
679 3093 872 3149 damnatorum
887 3097 1039 3151 rectissime
1051 3117 1053 3153 ι
1065 3095 1195 3148 mortalis
1213 3102 1310 3148 creata
1330 3101 1380 3162 881,
1405 3095 1465 3147 sine
1484 3097 1669 3164 qualicumque
1689 3099 1746 3150 81181
1765 3114 1824 3151 csse
1844 3117 1900 3151 non

205 3184 383 3238 interiturae
408 3197 480 3233 mors
504 3188 624 3236 vocatur.
661 3183 687 3247 2)
717 3182 838 3234 Mortem
861 3183 1038 3251 corporalem
1062 3188 1168 3251 potest,
1196 3199 1302 3234 stemma
1322 3199 1396 3234 mors
1415 3182 1476 3249 ejus
1496 3191 1535 3236 est
1561 3183 1696 3236 alienatio
1721 3204 1740 3237 a
1761 3185 1822 3236 8118
1842 3186 1903 3237 Dei

205 3280 287 3338 81888
306 3269 481 3334 naturalem,
509 3283 581 3336 quac
601 3266 770 3321 8818811888
790 3268 1037 3337 acorporedisso-
1066 3267 1096 3320 in
1123 3268 1290 3320 aeternitate
1314 3267 1461 3335 simplicii.
1496 3267 1544 3321 lib.
1568 3274 1607 3324 13.
1622 3268 1657 3321 de
1673 3268 1746 3323 civit.
1765 3269 1819 3324 Dei
1839 3286 1901 3339 cap.

205 3357 283 3419 latio,
301 3355 399 3409 Mattb.
421 3360 460 3419 10,
480 3370 504 3405 1.
524 3358 565 3407 21.
583 3369 643 3422 cap.
661 3358 700 3417 16,
718 3371 743 3406 v.
762 3358 803 3407 28.
827 3351 904 3407 Rom.
921 3361 945 3421 5,
957 3372 981 3407 v.
999 3360 1037 3410 tt.
1066 3359 1097 3410 2;
1132 3354 1215 3405 Mors
1234 3353 1345 3404 anirrtae
1370 3353 1408 3417 ut,
1429 3370 1491 3405 eunt
1511 3372 1572 3407 eam
1589 3356 1694 3408 deserit
1713 3358 1801 3420 Deus,
1828 3357 1900 3409 81881

209 3450 229 3498 1.
250 3442 312 3500 (lor.
331 3446 355 3508 3,
374 3458 399 3493 v.
420 3445 461 3494 22.
482 3443 511 3492 81
528 3438 595 3491 alibi
616 3437 726 3506 passim.
763 3438 894 3500 Quamvis
920 3457 984 3495 vero
1010 3441 1038 3493 in
1065 3457 1140 3491 mors
1159 3439 1298 3507 corpores,
1316 3455 1378 3491 eum
1398 3440 1431 3491 id
1448 3440 1552 3492 deserit
1571 3442 1673 3494 animo.
1701 3443 1780 3510 Erpa
1796 3443 1901 3494 setrius·

206 3534 293 3584 morte
310 3535 424 3582 aeterna
442 3525 551 3580 animae
568 3525 759 3579 damnatorum
786 3526 955 3581 resuscitatis
980 3544 1037 3581 cor·
1065 3525 1235 3592 8888181181
1253 3532 1294 3577 est
1312 3525 1398 3577 totius
1417 3524 1544 3593 leminis,
1563 3543 1639 3578 mors
1658 3534 1783 3594 anteum
1802 3529 1900 3581 anima

207 3613 319 3684 poribus
346 3612 442 3666 unitas
467 3628 523 3666 nou
550 3615 712 3680 separentur
737 3628 754 3664 8
782 3612 838 3665 8818
868 3612 1038 3682 corporibus,
1052 3629 1083 3679 ,a
1108 3613 1170 3664 Deo
1197 3614 1308 3664 11888818
1334 3612 1438 3665 desem
1461 3630 1572 3681 corpus.
1608 3614 1783 3679 Huiusmodi
1807 3622 1901 3668 881888

207 3717 262 3772 iqua
280 3699 306 3752 in
326 3704 404 3768 parte
422 3698 567 3751 discrimen
586 3701 628 3749 est
646 3697 718 3751 iuter
735 3704 850 3752 mortem
862 3688 1148 3768 temporalcmitotius
1167 3698 1288 3751 leminis
1314 3706 1429 3751 mortem
1452 3699 1507 3751 illa
1533 3700 1671 3766 88881188,
1696 3716 1780 3766 888181
1804 3718 1900 3754 secun-

206 3793 234 3841 et
253 3791 401 3848 aeternam,
425 3796 515 3837 tamen
537 3782 666 3836 convenit
687 3801 759 3838 mors
777 3785 899 3839 secunda
918 3786 1037 3840 811888-
1068 3785 1135 3836 darn
1153 3793 1269 3838 mortem
1288 3784 1447 3837 8118188888
1467 3786 1642 3853 eloquiorum
1661 3785 1790 3854 appellat
1805 3796 1901 3841 aucto·

206 3881 286 3929 terna
302 3889 364 3926 cum
384 3877 469 3925 morte
488 3870 591 3940 prima,
612 3871 718 3924 ratione
737 3879 796 3924 tum
814 3873 946 3940 oriqinis,
974 3874 1040 3943 quia
1066 3871 1146 3923 ritas.
1184 3871 1268 3924 Hanc
1288 3871 1422 3924 Salvator
1450 3871 1635 3939 sipnijicaus't,
1661 3871 1709 3922 ubi
1735 3871 1794 3924 as't:
1825 3874 1900 3926 min

206 3967 323 4030 utraque
341 3963 384 4011 cst
397 3972 569 4026 consequens
593 3963 621 4010 et
637 3974 727 4026 poena
746 3958 867 4027 peccati,
895 3963 952 4012 tum
976 3960 1039 4012 leor-
1051 3963 1053 4038 l
1065 3958 1170 4024 timete,
1196 3958 1246 4024 qui
1261 3958 1342 4009 babet
1356 3964 1522 4023 potestatem
1548 3965 1574 4009 et
1599 3974 1702 4027 corpus
1726 3967 1750 4010 et
1776 3960 1900 4012 animam

205 4046 290 4108 roris,
310 4049 341 4098 ut
360 4043 434 4098 enim
454 4059 526 4096 mors
546 4043 696 4113 corporalis
713 4044 788 4100 inse
805 4061 838 4098 ae
857 4061 906 4114 per
926 4062 955 4099 se
974 4045 1184 4120 888-18888188
1214 4043 1243 4094 in
1274 4044 1417 4110 pelenna;
1447 4045 1525 4110 quod
1554 4060 1616 4095 8888
1646 4061 1701 4096 non
1728 4052 1813 4097 antea
1835 4047 1900 4114 fiat,

205 4132 328 4187 siderate
346 4135 388 4183 ast
404 4128 526 4184 omnium
547 4128 709 4182 terribilium
731 4129 969 4199 terribilissimam,
998 4134 1039 4186 sie
1066 4148 1150 4198 88818
1171 4147 1232 4182 eum
1256 4129 1353 4181 aninsa
1376 4130 1492 4197 corpori
1516 4129 1556 4181 sic
1575 4130 1670 4196 faerit
1696 4131 1845 4198 copulata,
1871 4141 1901 4186 ut

204 4234 277 4271 mors
298 4214 857 4284 8818818111188888111811881111118188
875 4217 1038 4282 terribilior;
1066 4216 1147 4268 nulla
1168 4216 1336 4267 direptione
1354 4223 1535 4283 separentur,
1559 4216 1660 4267 mirum
1683 4216 1778 4269 uideri
1797 4226 1900 4285 potest,

204 4310 264 4359 tum
283 4303 393 4357 doloris
420 4309 445 4354 et
464 4301 595 4369 uaporis,
627 4300 695 4370 quia
724 4309 755 4355 ut
780 4301 872 4357 anima
899 4319 953 4356 888
980 4301 1206 4369 8188188888818
1224 4318 1326 4368 corpus
1347 4317 1380 4352 co
1400 4308 1488 4352 morte
1507 4301 1619 4353 81188188
1637 4302 1740 4369 8881811,
1767 4321 1823 4370 quo
1843 4322 1900 4358 nen

205 4388 367 4458 gravissimo
383 4386 477 4440 dolore
497 4403 515 4438 a
529 4402 642 4456 corpore
662 4387 809 4452 divellitur,
837 4389 878 4441 sic
898 4389 1039 4443 damnato-
1052 4395 1054 4447 1
1066 4388 1102 4440 ab
1118 4388 1215 4440 anima
1234 4387 1382 4451 8188881188,
1408 4389 1460 4440 sed
1474 4382 1628 4439 animatum
1644 4390 1818 4457 sentiensque
1839 4409 1899 4444 cru-

204 4491 265 4528 rum
284 4490 356 4527 mors
372 4477 507 4542 perpetuo
526 4489 629 4542 angore
651 4480 680 4527 et
696 4474 827 4528 continua
839 4475 978 4530 anxietate
993 4476 1039 4530 de·
1052 4473 1054 4537 l
1067 4475 1167 4528 ciatnr.
1216 4474 1293 4525 Nam
1326 4473 1379 4525 illa
1410 4488 1503 4541 posue
1529 4473 1629 4526 ultime
1659 4492 1695 4527 ac
1728 4477 1899 4544 sempiterna

204 4559 312 4627 finitur3
346 4564 403 4611 tum
430 4560 544 4627 effectus
571 4568 596 4612 et
619 4561 825 4628 corssequentis,
851 4577 901 4629 per
925 4551 1139 4615 mortemlrecte
1158 4576 1233 4611 mors
1256 4559 1368 4611 animae
1386 4559 1505 4622 dicitur,
1528 4559 1595 4626 quio
1613 4576 1669 4612 non
1683 4561 1751 4614 81811
1775 4577 1809 4614 eu
1828 4563 1899 4631 Deo,

204 4644 374 4715 corporalem
392 4644 511 4697 cadaver
530 4646 622 4699 anima
641 4646 804 4700 destitutum
829 4646 954 4700 redditur
971 4663 1038 4716 pon·
1052 4645 1054 4703 l
1067 4665 1142 4702 mors
1161 4654 1253 4698 antem
1272 4647 1413 4712 corporis,
1438 4662 1559 4712 quianam
1576 4648 1661 4699 modo
1680 4664 1741 4701 cum
1766 4649 1841 4702 81881
1867 4667 1900 4702 ea

197 4732 341 4799 derasum,
360 4729 501 4793 foetidum,
520 4729 714 4799 abominabile,
741 4730 879 4785 vermibus
900 4739 928 4785 et
947 4710 1184 4801 putre-laninas
1213 4750 1270 4786 non
1289 4732 1362 4784 enim
1382 4732 1468 4785 aliter
1493 4741 1611 4801 pessunt
1632 4734 1696 4802 ipsa
1724 4737 1898 4804 corporalia,

206 4816 271 4870 diue
289 4821 410 4884 scatens,
440 4816 480 4869 sic
510 4816 701 4871 damnatorum
730 4833 847 4886 corpora
876 4835 932 4873 888
960 4827 1136 4897 8188188888
1158 4827 1225 4889 post
1241 4819 1470 4871 resurrectionem
1488 4822 1595 4886 futuro
1615 4827 1692 4889 sunt,
1714 4823 1820 4876 sentire
1844 4831 1898 4876 tor·

206 4902 319 4974 quidem
338 4902 431 4956 anima
450 4919 537 4966 cassa,
558 4903 667 4956 iuterim
687 4903 959 4959 eruntnihilomiuus
973 4916 1166 4975 pon-’menta¹
1202 4905 1250 4958 An
1268 4905 1336 4972 quia
1355 4905 1413 4958 uite
1433 4906 1634 4976 qualescunque
1654 4908 1774 4975 aliquod
1801 4910 1898 4964 bonum

206 4989 312 5056 derosa,
332 4988 451 5054 foetida,
481 4987 678 5043 abominabilia
698 5004 730 5042 ac
757 5004 774 5041 a
797 4988 957 5045 rodentibus
978 4964 1113 5063 ver-less,
1131 4994 1215 5047 dolor
1234 4999 1326 5044 8181888
1345 4992 1459 5053 malrum
1479 4992 1543 5046 ideo
1561 5012 1611 5047 nee
1629 4996 1721 5047 uiuere
1739 5012 1843 5066 corpus
1857 4997 1899 5048 di·

206 5073 744 5129 8111111118881818181888188111181111.
779 5076 807 5140 3)
837 5077 957 5129 Mortem
982 5052 1183 5145 spi-leentiam
1206 5085 1257 5139 est,
1282 5078 1387 5144 inquo
1409 5079 1504 5130 anima
1529 5096 1585 5132 non
1610 5081 1723 5133 meandi
1747 5098 1836 5134 causa
1859 5088 1899 5134 est

205 5161 336 5213 1118811888.
356 5161 524 5226 infidelium,
550 5175 605 5229 qua
625 5158 652 5211 in
673 5159 795 5227 peccatis
818 5162 874 5214 suis
898 5162 997 5216 mortui
1023 5166 1117 5249 881881
1130 5163 1268 5216 demedi!
1299 5161 1335 5214 Et
1355 5169 1464 5232 postea:
1489 5165 1524 5218 In
1544 5167 1727 5219 damnatione
1748 5168 1899 5220 8881881818

206 5261 271 5298 1818
288 5245 397 5299 animae
414 5245 480 5311 vita,
509 5260 580 5314 quae
600 5244 629 5297 in
651 5245 710 5298 Deo
729 5251 783 5306 881,
807 5247 926 5315 88881111
945 5246 1039 5301 dicun·
1052 5255 1053 5323 1
1066 5250 1192 5318 quamuis
1211 5249 1291 5301 bouso
1308 5250 1411 5301 sentire
1429 5268 1484 5319 non
1505 5252 1624 5316 desinat,
1645 5260 1737 5305 tamen
1757 5255 1825 5320 quia
1838 5271 1900 5307 seu·

205 5336 251 5383 tur
278 5329 376 5385 Matth.
398 5337 422 5397 a,
440 5350 465 5384 v.
488 5336 527 5385 12.
566 5332 630 5384 luc.
649 5337 673 5398 9,
692 5348 716 5382 1.
734 5337 775 5385 tt.
811 5347 870 5402 cap.
893 5338 976 5398 181.
999 5333 1113 5402 ‘itfsus
1131 5337 1190 5404 ipse
1210 5352 1259 5387 888
1278 5336 1421 5404 8818818118
1441 5337 1549 5400 amitis,
1573 5355 1623 5389 nec
1649 5340 1739 5405 quieto
1767 5340 1898 5407 salubria,

205 5413 270 5470 loh.
294 5423 317 5482 5,
337 5436 361 5475 v.
383 5422 422 5473 25.
446 5417 557 5473 11181.
580 5426 603 5483 5,
623 5434 648 5469 1.
668 5423 691 5471 6.
710 5416 779 5487 pr.
803 5425 869 5484 2,1.
890 5426 914 5474 5.
937 5419 995 5474 001.
1016 5425 1116 5486 2,.8881
1149 5423 1247 5475 1181818
1274 5423 1404 5490 poenalis
1423 5432 1475 5489 est,
1503 5442 1558 5476 non
1587 5425 1725 5477 immerito
1751 5443 1829 5479 mors
1860 5435 1898 5481 est
