4050 6014
234 242 293 302 123
877 227 1288 286 immorassemus

230 378 469 456 Quemadmodum
492 387 611 442 circulus
636 385 730 439 linitur
752 392 781 441 et
800 385 962 454 absolvitur,
977 402 1062 455 quan·
1090 384 1160 440 coeli
1191 390 1336 454 terraeque
1363 388 1515 453 systemate
1538 388 1567 438 et
1589 383 1725 452 omnibus,
1752 398 1825 453 quae
1847 382 1921 439 illius

231 477 267 531 do
287 476 405 530 circinus
425 474 461 528 ad
484 473 558 527 idem
581 471 653 525 redit
676 475 819 540 punctum,
843 489 860 525 a
882 489 936 542 quo
960 470 1064 525 iactum
1091 471 1198 525 ambitu
1222 476 1248 526 et
1278 470 1421 540 complexu
1445 470 1628 526 continentur.
1670 468 1733 526 Job.
1760 474 1802 535 28,
1827 489 1853 526 v.
1874 475 1920 529 tl:

232 568 274 618 est
292 561 388 616 circuli
407 560 524 624 initium,
546 559 586 612 sic
604 558 716 628 quando
734 557 825 611 aderit
848 557 981 627 temporis
996 556 1064 610 illud
1092 556 1220 610 Intactas
1235 558 1309 625 fines
1328 558 1429 610 mundi
1447 563 1472 609 et
1489 557 1676 625 0666166666
1692 557 1744 609 sub
1759 557 1837 612 coelo
1851 566 1921 623 cunt,

232 653 372 717 punctum,
392 646 466 717 quod
489 645 567 698 Deus
591 645 619 698 in
644 649 755 697 aeterno
774 659 824 696 suo
848 649 876 696 et
900 640 1064 695 immutabili
1092 644 1214 712 respicit.
1237 642 1335 697 Matth.
1365 648 1405 711 13,
1426 660 1452 696 v.
1479 646 1525 697 35:
1551 642 1725 696 Abscondita
1748 660 1767 695 6
1791 645 1922 697 60661116-

233 735 343 788 decreto
352 731 495 786 duratioui
509 731 593 800 hujus
613 728 698 783 seculi
718 728 883 798 praefinivit,
898 735 966 782 tunc
983 727 1064 782 finem
1093 729 1167 781 tione
1187 730 1292 782 mundi.
1326 727 1389 784 Joh.
1412 734 1434 793 1,
1454 745 1479 780 6.
1498 732 1526 781 3:
1548 729 1676 782 Mundus
1693 746 1749 797 per
1766 731 1859 798 ipsam
1875 731 1921 795 sa-

230 819 361 873 sortietur
380 816 522 872 circularis
540 815 588 869 ille
602 815 738 870 coelorum
767 821 856 868 motus
882 820 910 868 et
934 816 1064 868 subluna-
1091 820 1150 865 ctus
1163 822 1209 867 est.
1225 812 1258 866 ln
1270 813 1413 882 posteriori
1420 812 1620 884 significatione
1627 814 1763 884 accipitur
1774 816 1921 873 66106666-

230 907 301 959 rium
321 904 471 976 generatio.
510 902 641 966 Quamvis
658 917 724 956 vero
744 907 819 956 recte
844 901 960 964 dicatur,
987 919 1064 953 nsun-
1091 901 1179 967 τικῶς,
1198 901 1232 952 dc
1250 901 1411 964 continente,
1432 899 1460 954 h.
1478 917 1500 954 6.
1517 906 1651 954 terrarum
1672 901 1738 955 orbe
1756 901 1815 956 sive
1828 907 1922 958 oleov-

230 995 296 1046 dam
327 998 351 1045 ct
380 1007 472 1044 omnies
503 989 587 1041 totius
617 989 741 1040 aniciensi
770 996 914 1042 66616666
943 988 1064 1057 exceptis
1089 989 1168 1059 μένῃ,
1187 1001 1268 1055 quam
1281 985 1317 1039 ad
1337 991 1446 1055 tempus
1457 986 1612 1041 hominibus
1621 986 1833 1042 inhabitandam
1844 987 1921 1042 Deus

233 1077 345 1149 angelis,
355 1075 497 1146 spiritibus
510 1072 717 1140 immortalibus,
734 1078 761 1128 61
776 1074 941 1137 homiuibus,
959 1082 1062 1128 creatu·
1091 1070 1232 1125 concessit.
1268 1069 1499 1137 Mantuanis:
1519 1073 1645 1126 Ostendit
1665 1074 1805 1126 eiomnia
1832 1091 1920 1141 sepau

231 1165 269 1219 ris
286 1161 466 1217 rationalibus
485 1160 520 1214 ad
546 1160 696 1231 imaginem
720 1159 775 1214 Dei
796 1161 915 1230 primum
937 1160 1063 1227 conditis,
1089 1156 1195 1210 misaeli.
1232 1173 1255 1212 6.
1278 1161 1318 1224 26,
1336 1174 1361 1210 6.
1384 1163 1427 1212 13:
1447 1159 1665 1213 Praedicabitur
1681 1160 1731 1213 boc
1746 1161 1919 1228 eoaapelium

143 1255 186 1296 xx.
200 1255 220 1296 t.
232 1248 260 1303 in
285 1248 339 1302 fine
357 1248 453 1301 mundi
472 1247 623 1301 abolendas
646 1263 678 1300 ac
698 1245 877 1301 destruendas
906 1264 964 1301 esse
986 1246 1064 1316 (quia
1089 1242 1329 1307 innocentianam
1347 1243 1389 1297 661
1407 1248 1608 1319 6666χο661666,
1634 1248 1669 1299 de
1686 1246 1919 1316 contentamque

231 1335 324 1406 augeli
342 1335 408 1388 boni
428 1339 456 1388 et
475 1333 599 1387 homines
617 1332 697 1386 electi
715 1349 748 1386 ex
769 1333 882 1387 mortuis
908 1334 1063 1388 resuscitati
1088 1332 1149 1380 111111
1168 1333 1360 1402 cccccccccc,
1379 1331 1414 1382 de
1432 1332 1587 1384 bominibus
1599 1333 1626 1384 111
1646 1333 1919 1399 1111611ουί61Μῶ61,

231 1423 260 1477 iu
278 1429 390 1478 aeterna
411 1420 502 1490 gloria
519 1426 547 1473 et
566 1419 674 1474 laetitia
699 1437 759 1472 cum
785 1421 843 1473 Deo
868 1420 896 1472 in
921 1421 1062 1490 sempiter-
1090 1419 1147 1467 tum
1160 1419 1373 1488 πραγματικῶς,
1386 1418 1421 1469 ds
1439 1417 1522 1469 certis
1534 1417 1699 1487 pritannium
1717 1419 1799 1470 rebus
1811 1424 1840 1473 et
1858 1435 1919 1472 cou-

231 1527 296 1563 num
317 1509 426 1576 vivent3
446 1505 539 1576 angeli
559 1522 624 1559 vero
650 1504 714 1558 mali
738 1511 765 1559 et
789 1505 913 1560 homines
939 1506 1063 1559 damuati
1089 1500 1278 1554 stitutiouibus
1312 1501 1339 1554 in
1375 1502 1477 1556 mundo
1512 1502 1631 1557 traditis.
1684 1503 1727 1557 De
1761 1502 1918 1558 hominibus

229 1595 326 1649 itidem
348 1610 381 1647 cx
398 1596 485 1646 morte
505 1590 630 1645 suscitati
657 1589 686 1644 in
711 1589 831 1645 aeternis
855 1590 998 1660 suppliciis
1022 1591 1061 1644 vi-
1088 1592 1237 1656 usurpatur
1263 1592 1286 1643 1·
1313 1590 1467 1658 οὐσιωδῶς,
1494 1590 1718 1644 substantialiter
1744 1599 1770 1644 tt
1799 1593 1829 1644 ia
1856 1608 1917 1644 coa·

229 1689 303 1746 vent,
323 1680 367 1734 vel
385 1680 479 1750 potius
498 1683 632 1747 perpetuo
652 1677 832 1748 morientur);
858 1676 948 1730 notari
970 1685 1063 1732 tamen
1089 1680 1172 1734 11110»
1183 1675 1208 1725 2·
1222 1671 1440 1742 συμβεβηκότως,
1456 1676 1671 1729 acddtatalt'ttr
1684 1677 1750 1729 stin
1769 1675 1964 1734 amessian

230 1772 329 1838 potest,
347 1766 420 1820 circa
438 1765 514 1835 ipsos
532 1763 614 1817 etiam
631 1765 745 1830 nupcias
763 1772 789 1816 et
808 1763 931 1816 bantinus
955 1764 1062 1835 aliquid
1088 1757 1315 1814 Substantialiter
1334 1768 1482 1830 usurpatur
1502 1768 1522 1817 1.
1535 1766 1656 1834 γενικῶς,
1677 1764 1855 1833 immittet,
1868 1781 1917 1834 pro

231 1868 388 1919 occurrere,
411 1850 485 1922 quod
507 1867 569 1904 cum
593 1850 648 1904 fine
677 1848 771 1902 mundi
799 1849 881 1903 etiam
905 1849 1062 1905 abolebitur
1088 1843 1215 1897 omnibus
1233 1844 1261 1898 in
1282 1846 1440 1901 universum
1453 1848 1684 1910 hominibuatam
1698 1850 1752 1919 piis
1767 1867 1850 1921 quam
1869 1851 1916 1904 im·

228 1958 262 1997 ac
287 1939 405 1993 finietur.
448 1939 527 1990 Boni
552 1937 648 2007 anpeli
671 1953 726 1990 nou
757 1935 876 2005 amplius
904 1936 1061 1991 hominibus
1086 1930 1147 1998 piis,
1166 1936 1223 1984 18111
1243 1931 1359 1986 «ludaeis
1380 1951 1463 2005 quam
1482 1935 1613 2005 gentibue
1629 1934 1688 1991 sine
1707 1936 1869 2008 ullogentis
1886 1953 1917 1991 ae

228 2025 398 2081 exhibebunt
421 2041 472 2078 sua
491 2022 651 2088 ministeria,
668 2022 717 2077 sed
735 2038 791 2075 una
810 2038 872 2075 cum
895 2021 990 2076 electis
1013 2022 1061 2076 ho·
1088 2015 1186 2069 111111111
1207 2017 1372 2074 discrimine·
1406 2020 1470 2074 Joh-
1490 2027 1513 2087 l,
1531 2040 1556 2076 V·
1577 2028 1624 2078 29:
1648 2024 1721 2076 Εθθθ
1743 2042 1832 2090 cynas
1854 2024 1917 2089 Dei,

228 2112 356 2178 minibus,
369 2129 431 2166 cum
450 2109 551 2181 quibus
563 2125 646 2162 unam
665 2109 833 2162 constituent
844 2107 1060 2180 triumphantem
1087 2103 1136 2170 9111
1153 2103 1226 2156 lollii
1234 2115 1353 2174 1111111111
1364 2110 1471 2162 mundi·
1487 2125 1511 2165 c·
1525 2114 1549 2172 3,
1562 2127 1586 2163 v·
1602 2116 1645 2166 16³
1666 2111 1714 2164 Sit
1729 2111 1919 2166 011υά111611

229 2198 386 2264 ecclesiam,
410 2195 521 2251 coelesti
540 2194 666 2249 beentur
690 2193 786 2265 gloria,
811 2199 924 2249 aeterna
942 2196 1059 2250 exsulta·
1087 2190 1227 2258 mundam,
1240 2198 1270 2243 111
1279 2191 1309 2244 F
1306 2192 1385 2244 ilium
1394 2212 1474 2247 81111111
1484 2196 1572 2249 darei·
1588 2197 1737 2264 ²·tl‘512035i
1748 2196 1917 2267 ‘Wlfflin

228 2283 298 2339 bunt
316 2281 424 2337 laetitia
441 2287 470 2337 et
486 2287 599 2352 propter
616 2279 782 2351 completum
801 2279 950 2335 electorum
966 2298 1061 2336 nume·
1086 2274 1223 2344 accipitur
1242 2280 1337 2346 11660
1357 2279 1512 2334 incredulis
1536 2290 1561 2335 ct
1576 2283 1679 2351 inpia,
1702 2299 1758 2338 non
1774 2299 1917 2355 regenera-

228 2388 288 2424 rum
316 2368 451 2439 quaedam
474 2366 637 2439 gaudiorum
661 2381 772 2420 snorum
795 2366 949 2437 percipient
973 2367 1059 2422 incre·
1085 2360 1455 2430 tisnecilluminatic,.10h.
1480 2372 1502 2430 1,
1520 2383 1545 2422 6.
1566 2373 1611 2424 1⁰:
1630 2368 1758 2422 Mandas
1783 2386 1846 2423 eum
1861 2384 1916 2423 606

227 2460 335 2524 menta3
363 2454 435 2509 maii
462 2470 529 2506 oeno
562 2452 656 2521 asspeli
680 2453 710 2506 in
737 2452 868 2523 abyssum
896 2453 1058 2508 infernalem
1086 2449 1218 2514 copnccit.
1240 2465 1263 2504 c.
1286 2455 1325 2517 15,
1343 2465 1368 2505 v.
1391 2456 1435 2507 ts:
1453 2452 1581 2506 Mundus
1594 2470 1642 2507 aes
1656 2455 1723 2510 odet.
1736 2453 1916 2511 Basiliunllb.

228 2541 304 2596 missi
321 2557 376 2595 non
401 2543 532 2610 poterunt
555 2537 672 2608 amplius
696 2538 820 2594 homines
845 2541 984 2606 seducere,
1010 2541 1058 2595 sed
1085 2533 1120 2588 de
1138 2532 1183 2588 SS-
1199 2551 1222 2590 c·
1244 2540 1291 2590 22:
1311 2538 1439 2590 Mundus
1451 2539 1496 2592 bic
1512 2540 1653 2608 significat
1667 2557 1721 2608 eos,
1741 2543 1791 2612 qui
1803 2542 1918 2598 6666611

227 2643 283 2682 666
306 2642 367 2680 cum
391 2625 530 2679 damnatis
555 2623 721 2693 hominibus,
747 2640 810 2678 cum
837 2625 939 2696 quibus
973 2644 1057 2681 unum
1085 2622 1280 2691 materialique
1299 2624 1357 2676 cita
1379 2625 1502 2679 decincti
1515 2633 1586 2680 6661.
1612 2625 1826 2698 chrysostomus
1843 2627 1915 2684 hom.

173 2716 178 2733 ⁸
226 2731 326 2784 corpus
345 2712 522 2777 constituent,
547 2711 664 2765 aeternis
685 2710 888 2782 torquebuntur
911 2713 1007 2780 poenis
1031 2720 1058 2769 ct
1085 2713 1107 2762 ’1.
1116 2707 1144 2760 in
1154 2723 1177 2764 c.
1192 2714 1213 2762 1.
1228 2707 1302 2765 lon:
1317 2710 1378 2762 Hoc
1388 2711 1450 2764 ioco
1460 2714 1593 2767 anundum
1607 2715 1783 2786 peccantium
1794 2717 1915 2771 multita-

227 2799 348 2871 insignia
363 2797 561 2870 suppliciorum
577 2812 686 2850 suornm
706 2798 825 2851 sentient
833 2805 989 2869 augmenta.
1011 2799 1057 2855 Sic
1085 2795 1177 2847 11161111
1199 2803 1223 2847 111
1238 2799 1358 2850 terrenis
1370 2799 1453 2853 nebia
1468 2801 1593 2854 deditum
1611 2803 1777 2873 6161166666
1795 2812 1821 2858 61
1838 2804 1915 2873 abie-

227 2902 293 2957 ergo
312 2884 448 2939 bonorum
466 2882 625 2952 angelorum
639 2883 787 2937 cessabunt
803 2889 980 2956 λειτουργίαι,
1001 2903 1056 2940 ma·
1083 2888 1206 2934 0166661
1230 2883 1356 2937 omnibus
1388 2886 1536 2939 obnouiunc
1563 2889 1826 2957 perturbationibus
1856 2890 1914 2944 nsa-

226 2973 314 3026 lorum
331 2985 396 3024 vero
413 2967 652 3043 pstodsr'ccHebr.
675 2974 696 3036 1,
715 2986 740 3021 6.
762 2973 800 3023 11.
819 2968 888 3039 Eph.
909 2976 934 3040 6,
961 2988 986 3025 s.
1017 2978 1056 3026 11.
1082 2984 1134 3033 aas
1163 2968 1306 3037 appellat,
1340 2970 1382 3024 vel
1414 2971 1488 3041 quod
1519 2974 1648 3041 spiritum
1672 2976 1771 3030 mundi
1795 2977 1915 3031 babeant

225 3056 365 3127 Respecto
388 3055 528 3109 bominum
549 3053 670 3108 cessabit
700 3053 828 3108 collectio
849 3056 983 3112 ecclesiae
1007 3075 1056 3128 per
1082 3051 1180 3120 spiritu
1210 3061 1301 3108 autem
1339 3055 1391 3109 Dei
1424 3074 1479 3111 non
1516 3065 1649 3130 regantur
1687 3067 1708 3117 1.
1743 3061 1804 3117 Cor.
1838 3069 1863 3129 2,
1889 3082 1914 3119 6.

225 3143 376 3199 verbumst
388 3146 567 3208 sacramenta,
578 3139 681 3211 quiaiu
693 3140 747 3210 piis
759 3139 824 3198 fidei
837 3143 966 3198 succedet
977 3145 1055 3212 visio,
1083 3142 1121 3194 12.
1143 3139 1169 3193 h.
1188 3156 1210 3194 e.
1230 3143 1303 3210 quod
1321 3141 1461 3197 mundana
1481 3149 1589 3200 tantum
1609 3153 1743 3218 quaerant
1765 3153 1794 3203 61
1810 3157 1914 3220 curem,

224 3228 285 3300 spei
302 3227 398 3282 iruitio
418 3233 447 3281 et
466 3226 610 3296 possessio,
630 3227 722 3295 impiis
741 3243 805 3281 vero
826 3229 1012 3297 poenitentiae
1029 3239 1056 3286 et
1081 3224 1271 3293 spiritualibus
1288 3229 1488 3296 praetermissis
1507 3246 1541 3286 ac
1559 3231 1699 3304 neglectis,
1714 3234 1789 3305 quod
1808 3234 1865 3290 sint
1880 3233 1913 3291 ri

225 3313 416 3384 indulgentiae
440 3315 528 3383 janua
551 3311 662 3383 penitus
689 3312 742 3365 erit
771 3313 877 3382 clausa3
909 3315 1055 3370 cessabunt
1083 3314 1193 3383 ἐπίγεια
1219 3323 1388 3388 φρονοῦντες
1406 3315 1477 3401 Phil..
1495 3322 1519 3387 3,
1543 3324 1635 3375 6419.
1666 3319 1710 3375 vel
1730 3321 1805 3393 quod
1830 3323 1915 3379 maxi·

224 3401 339 3471 politiae
368 3405 396 3453 et
425 3414 513 3468 regna
542 3396 625 3467 hujus
657 3397 766 3468 mundi,
794 3399 942 3454 cessabunt
976 3417 1053 3456 oeco-
1082 3414 1154 3451 mam
1177 3400 1288 3469 generis
1312 3400 1423 3455 humani
1447 3409 1554 3472 partem
1580 3406 1867 3466 constituentem.
1890 3415 1912 3480 l,

225 3486 334 3541 nomiae
367 3489 395 3539 et
422 3483 531 3555 generis
556 3482 669 3537 humaui
701 3500 751 3554 per
780 3485 917 3540 carnalem
941 3504 1054 3558 genera-
1081 3501 1106 3538 v.
1125 3490 1166 3540 26.
1206 3486 1237 3540 16
1257 3486 1310 3541 bac
1335 3488 1536 3559 significatione
1562 3491 1689 3548 diabolus
1710 3494 1813 3550 dicitur
1832 3497 1914 3566 prin·

230 3570 332 3625 tionem
358 3569 530 3639 propagatio,
561 3568 626 3640 quia
652 3570 805 3639 completus
830 3572 882 3624 erit
906 3572 1054 3629 electorum
1081 3588 1145 3642 ceps
1163 3573 1262 3626 masidi
1277 3574 1341 3631 Joh.
1360 3581 1399 3640 12,
1417 3594 1441 3631 6.
1463 3582 1503 3632 31.
1524 3595 1548 3633 c.
1570 3585 1609 3644 11,
1629 3598 1655 3635 v.
1674 3585 1716 3637 30.
1734 3581 1914 3652 quiaeffieaa

229 3673 371 3725 numerus,
386 3656 534 3710 cessabunt
552 3663 678 3722 respectu
693 3656 807 3724 piorum
822 3656 926 3714 diaboli
937 3659 1055 3715 insidiae
1081 3666 1120 3710 est
1147 3660 1177 3712 ia
1201 3661 1270 3722 tiliis
1294 3661 1503 3716 incredulitatis
1524 3662 1594 3735 pr.
1614 3671 1638 3735 2,
1664 3685 1689 3721 v.
1717 3671 1741 3726 2,
1767 3684 1801 3724 ac
1825 3669 1914 3724 instar

225 3759 259 3797 ac
273 3742 364 3796 carnis
387 3747 416 3796 61
441 3740 537 3795 mundi
562 3740 714 3806 illecebrae,
745 3745 892 3799 cessabunt
919 3749 1053 3817 peccandi
1080 3743 1212 3815 principis
1231 3745 1259 3798 in
1278 3761 1371 3801 eorum
1392 3749 1522 3804 cordibus
1540 3757 1647 3822 regnat.
1672 3756 1700 3820 2)
1724 3754 1783 3808 Pro
1809 3755 1912 3825 impiis,

228 3829 358 3900 pericula,
377 3826 525 3882 cessabunt
539 3827 630 3882 omnia
650 3828 723 3883 mala
742 3833 770 3883 et
786 3830 914 3904 adversa,
929 3843 1053 3902 respectu
1080 3830 1204 3897 quiante
1226 3832 1362 3887 diluuium
1387 3834 1522 3889 vixerunt.
1559 3835 1645 3892 Hebr.
1675 3843 1715 3906 11,
1734 3858 1757 3895 6.
1779 3845 1807 3897 i:
1827 3842 1912 3896 Noab

225 3916 375 3984 impiorum
393 3913 542 3968 cessabunt
558 3912 683 3979 honores,
701 3914 867 3986 voluptates,
893 3919 1006 3975 divitiae
1026 3929 1052 3975 et
1075 3932 1130 3983 per
1152 3934 1249 3971 arcam
1273 3920 1416 3975 damnavit
1440 3923 1578 3980 anundum.
1620 3930 1645 3982 2.
1676 3925 1749 3980 Petr.
1782 3933 1807 4000 2,
1830 3944 1857 3984 v.
1883 3935 1911 3983 5:

226 4000 324 4066 omnia,
342 4000 443 4072 quibus
462 4000 491 4053 in
509 3998 561 4053 hac
580 3999 637 4053 vita
655 4000 698 4055 usi
715 4001 758 4055 vel
778 4004 869 4073 potius
884 4004 963 4060 abusi
977 4007 1054 4062 fuere
1081 4002 1160 4055 Deus
1178 4005 1316 4073 ors'pc'aaii
1329 4009 1432 4060 mundo
1452 4027 1507 4063 non
1523 4013 1660 4080 pepercit.
1703 4018 1727 4070 3.
1747 4020 1912 4092 συνεκδοχι-

225 4085 349 4142 homines
376 4085 459 4157 hujus
481 4086 580 4154 seculi3
607 4103 640 4140 ac
664 4088 780 4157 tempori
807 4107 882 4145 mera
905 4094 1053 4148 aeternitas
1080 4091 1132 4150 κῶς
1150 4107 1200 4159 pro
1221 4091 1319 4162 majori
1334 4093 1571 4166 partehomiuum,
1591 4099 1733 4170 proturba
1744 4104 1911 4172 promiscua.

225 4173 362 4240 succedet,
381 4177 413 4227 ut
433 4171 549 4242 proinde
567 4171 618 4226 hoc
637 4173 816 4230 novissimum
832 4176 895 4232 finis
911 4180 1006 4235 mundi
1026 4187 1053 4235 et
1079 4174 1142 4229 doh·
1164 4182 1203 4243 12,
1222 4196 1247 4230 v.
1279 4184 1322 4233 19:
1348 4181 1435 4234 Totus
1459 4185 1580 4237 mundus
1600 4194 1668 4253 post
1686 4204 1746 4240 cum
1770 4190 1836 4254 abit,
1863 4191 1910 4247 ubi

225 4258 425 4317 consummatio
440 4257 529 4337 seculi
548 4258 644 4314 merito
665 4261 781 4319 dicatur.
1079 4267 1165 4315 totum
1185 4281 1233 4333 pro
1252 4266 1348 4336 majori
1366 4272 1444 4336 parte
1469 4269 1587 4337 ponitur.
1623 4271 1778 4328 calviniani
1796 4276 1911 4347 addunt,

261 4352 283 4403 3.
304 4345 411 4402 Nomen
456 4346 528 4399 sandi
544 4345 716 4402 substantive
740 4355 884 4422 acceptum
908 4353 998 4407 varias
1024 4353 1053 4408 in
1080 4349 1152 4416 quod
1177 4349 1314 4405 interdum
1340 4353 1491 4425 accipiatur
1510 4373 1560 4425 pro
1584 4357 1653 4411 sciis
1668 4359 1730 4427 piis
1753 4369 1779 4414 et
1804 4364 1909 4434 eiectis,

227 4429 376 4504 Scripturis
393 4420 443 4486 ob'.
473 4438 500 4486 61
516 4431 738 4504 significationes.
775 4436 894 4500 Quidam
917 4438 1053 4508 triplicem
1079 4435 1126 4488 sed
1146 4438 1267 4492 nondum
1290 4446 1440 4508 potuerunt
1467 4442 1537 4498 hanc
1560 4444 1786 4515 significationem
1808 4449 1909 4507 idoneo

225 4517 413 4589 acceptionem
428 4502 592 4590 ignoscunt,
611 4525 631 4575 1.
652 4521 806 4590 physicam,
827 4540 883 4593 qua
904 4543 958 4593 pso
978 4527 1053 4594 6666-
1079 4521 1171 4592 aliquo
1182 4522 1340 4594 Scripturas
1353 4527 1427 4581 dicto
1436 4527 1604 4587 confirmare.
1627 4531 1816 4606 Quaecunque
1835 4538 1909 4593 enim

226 4606 316 4661 stione
335 4613 360 4659 et
380 4601 559 4660 0661666066
572 4607 748 4676 6169616666
766 4627 938 4679 quarumque
961 4628 1052 4665 renum
1079 4607 1207 4678 afferunt,
1226 4610 1254 4664 in
1274 4612 1328 4666 illis
1348 4615 1512 4668 rotmundi
1532 4618 1575 4671 661
1593 4616 1627 4672 (16
1649 4625 1708 4674 1010
1730 4638 1834 4692 genere
1859 4623 1908 4679 hu·

224 4674 460 4758 formatarumbt
477 4693 674 4748 distinctarum
692 4703 856 4764 usurpatur,
874 4702 904 4750 ut
921 4696 1053 4768 Augusti·
1079 4711 1167 4762 mauo,
1190 4697 1233 4752 vel
1253 4697 1287 4753 de
1307 4699 1433 4755 omnibus
1453 4701 1488 4756 ad
1498 4703 1629 4758 eeclesiae
1645 4707 1811 4762 consortium
1826 4726 1907 4766 6066·

225 4784 278 4832 uus
297 4775 346 4831 lib.
365 4776 480 4833 chen.
499 4777 534 4832 ad
551 4778 590 4833 lit.
604 4778 712 4850 imperf.
730 4796 753 4835 c.
771 4785 795 4835 3.
809 4779 1051 4852 1066116τ;2.6166-
1077 4781 1113 4834 tis
1138 4783 1304 4852 generaliter
1324 4786 1465 4858 accipitur,
1491 4807 1630 4860 nunquam
1647 4808 1712 4846 vero
1729 4799 1758 4848 61
1778 4795 1906 4868 nuspiam

224 4863 343 4917 ioricam
361 4864 436 4919 sive'
447 4867 665 4934 netonpms'cam,
693 4883 743 4936 pro
768 4868 862 4923 mundi
881 4867 977 4923 incolis
996 4869 1053 4924 sive
1078 4869 1106 4920 in
1126 4874 1185 4923 tota
1201 4869 1344 4940 Scriptura
1361 4874 1458 4928 unicus
1476 4884 1602 4932 occurret
1614 4878 1698 4949 locus,
1716 4878 1745 4933 iu
1764 4897 1820 4953 quo
1845 4899 1908 4954 spe·

226 4948 391 5017 hominibus,
405 4949 511 5020 potiore
522 4968 556 5006 ac
571 4951 720 5022 praecipua
732 4953 827 5006 mundi
837 4961 929 5024 parte,
948 4960 972 5010 3.
987 4957 1051 5008 ctbi·
1078 4954 1185 5010 cialiter·
1203 4974 1253 5026 pro
1272 4958 1336 5011 solis
1355 4960 1449 5013 electis
1463 4961 1622 5041 accipiatur,
1642 4981 1699 5034 qua
1716 4967 1789 5021 dere
1806 4967 1835 5023 in
1846 4968 1907 5026 loco

222 5053 285 5089 carn
305 5034 363 5091 sive
373 5039 515 5103 66066166,
531 5055 581 5108 pro
591 5036 686 5090 mnudi
695 5036 881 5105 dilectoribus,
895 5039 1052 5095 hominibus
1078 5040 1112 5095 de
1131 5043 1380 5111 praedestinatione
1398 5062 1431 5099 ex
1450 5046 1573 5117 professo
1585 5050 1684 5121 agitur.
1725 5051 1844 5117 Quidam
1861 5073 1906 5112 vo·

222 5120 352 5192 implicet
363 5121 530 5177 carnalibus.
558 5121 615 5177 Nos
625 5121 664 5177 sic
673 5122 875 5195 progredimur:
893 5122 990 5179 Mundi
1000 5142 1051 5180 vox
1077 5127 1154 5192 lunt,
1178 5145 1277 5183 nomen
1300 5132 1395 5186 mundi
1418 5135 1575 5204 specialiter
1602 5154 1657 5205 pro
1686 5137 1755 5192 solis
1783 5140 1907 5197 ludaeis

222 5204 359 5278 accipitur
380 5212 400 5265 1.
421 5206 563 5262 collective
581 5207 615 5263 de
642 5211 795 5264 continente
817 5220 842 5265 et
866 5219 991 5266 contento
1015 5213 1051 5265 si·
1076 5214 1242 5285 quandoque
1259 5217 1356 5287 accipi,
1374 5218 1423 5272 sed
1435 5236 1565 5292 quaepro
1574 5221 1743 5279 6661666666
1757 5223 1811 5280 hac
1823 5227 1906 5299 sigui·

222 5295 289 5363 mul,
307 5298 330 5349 2.
350 5295 524 5348 distributive
543 5295 578 5349 de
594 5296 751 5350 continente
774 5317 808 5351 ac
830 5306 952 5353 66616610
977 5316 1050 5352 aeon·
1076 5298 1204 5354 ficatioue
1223 5300 1375 5357 afferuntur
1393 5305 1519 5377 exempla
1535 5307 1599 5362 doh.
1619 5314 1725 5376 1,6.1;
1746 5311 1907 5382 Manifesta

222 5382 284 5434 sim.
327 5379 429 5435 Prioris
460 5378 670 5452 significationis
692 5382 816 5454 exempla
846 5391 993 5439 occurrunt
1021 5386 1050 5440 in
1077 5396 1101 5440 ts
1119 5388 1209 5457 speum
1228 5392 1338 5449 mundo.
1375 5409 1400 5446 c.
1421 5398 1443 5458 8,
1464 5411 1488 5446 6.
1508 5397 1554 5449 26:
1573 5395 1654 5448 Haec
1668 5396 1767 5465 loquor
1786 5400 1816 5452 in
1830 5419 1906 5454 mun·

223 5463 277 5517 illis
295 5463 455 5555 Scripturas
476 5466 566 5538 dictis,
585 5466 614 5521 in
640 5469 740 5538 quibus
763 5470 898 5542 accipitur
920 5489 970 5542 pro
994 5478 1051 5529 toto
1079 5477 1117 5528 do
1132 5480 1182 5532 616.
1201 5494 1234 5532 66
1248 5481 1389 5538 commode
1399 5481 1492 5536 reduci
1503 5487 1619 5551 possunt
1631 5484 1666 5538 ad
1679 5483 1906 5556 significationem

409 5560 417 5593 ¹
431 5558 435 5565 .
