4050 6014
693 174 745 230 DE
760 172 1091 231 consummaturus
1110 173 1255 233 sacam.
1764 187 1820 245 tae

129 330 214 381 tatem
232 341 342 382 omnem
355 327 486 396 temporis
499 327 699 383 successionem
715 327 870 383 excludere.
897 327 962 383 iam
989 333 1177 383 creaturarum
1198 327 1328 399 splendor
1346 345 1402 385 non
1419 334 1462 384 eet
1481 328 1578 384 incolis
1601 333 1714 386 saneim
1738 330 1822 401 huJas

130 428 193 467 vero
210 417 320 483 tempas
340 419 381 470 est
393 414 623 468 commensuratio
640 414 792 468 durationis
810 413 962 468 secundam
989 413 1109 468 civitatis
1129 415 1307 480 necessarias,
1327 421 1432 486 quanto
1450 416 1541 470 minas
1558 416 1726 488 reliquarum
1747 433 1821 472 area-

128 505 220 553 motus
243 515 388 568 corporum
414 499 582 554 coelestium.
624 497 728 563 Quodsi
754 516 821 570 ergo
845 498 963 554 cessabit
989 505 1113 554 turarum
1130 518 1205 557 usas,
1230 520 1254 555 v.
1284 506 1324 557 25.
1349 504 1414 555 Noe
1439 521 1493 556 non
1518 502 1573 556 erit
1596 502 1665 572 illic,
1686 518 1753 574 ergo
1771 518 1822 558 nec

128 589 244 655 tempus,
265 584 361 656 utique
376 585 459 639 ctiam
477 584 597 639 cessabit
614 591 705 640 motus
724 585 882 641 coelestium
902 601 962 639 aor-
989 591 1093 657 τροπῆς
1111 585 1292 660 ἀποσκίασμα
1312 587 1373 643 Jae.
1393 592 1415 655 l,
1434 605 1459 640 v.
1480 593 1520 643 17.
1557 590 1636 643 Deras
1654 591 1708 643 erit
1728 589 1822 643 omnio

127 687 233 740 porum,
259 670 328 724 alias
354 671 427 725 enim
454 687 597 739 corporum
617 671 835 741 ‘glorificatorum
854 671 962 725 duratio
990 673 1020 726 in
1046 673 1172 726 amamus
1199 678 1220 728 1.
1247 672 1307 727 Cor.
1328 680 1368 739 15,
1394 692 1419 726 v.
1437 678 1479 729 2⁸.
1514 673 1590 745 Ergo
1613 691 1665 731 nec
1690 681 1825 732 sustenta·

124 757 206 826 juxta
225 755 302 810 illam
321 762 416 825 posset
435 755 624 810 numerariae
649 757 871 812 commensurari.
908 756 962 810 Ex·
989 759 1092 813 tionem
1127 775 1179 813 nee
1221 759 1432 814 delectationem
1466 765 1601 830 quaerent
1631 776 1648 814 a
1684 761 1824 816 creaturis.

127 842 244 913 cipiunt,
268 850 372 895 motum
401 843 542 895 coelorum
567 852 756 908 coenaturum,
788 861 842 897 non
872 833 1014 900 untem'b.
1044 847 1091 898 Ea
1118 846 1239 898 absurdi
1266 847 1465 899 comessatione.
1506 846 1536 897 Si
1570 844 1640 900 coeli
1674 862 1706 901 ac
1736 853 1858 915 amaea
1875 875 1910 915 p,
1925 877 1964 916 ψ.

126 930 311 982 substanttam
342 928 529 983 interituram.
577 929 666 999 Atqui
697 934 788 983 motus
825 929 963 984 coeloram
976 898 979 1021 ἰ
993 936 1172 1000 exspectatur
1189 931 1282 985 lutura
1301 931 1437 1001 quaedam
1457 931 1607 998 renovatio,
1626 931 1723 1004 atique
1741 933 1823 988 etiam
1839 926 1972 1020 ξξζξξιζξξ·

124 1014 265 1086 dependet
281 1014 424 1085 apropria
434 1030 528 1069 eoram
543 1013 640 1068 forma.
668 1013 748 1079 Quod
769 1015 842 1069 enim
854 1014 965 1086 fingunt
977 1027 978 1031 ’
992 1015 1161 1087 reliquarum
1182 1022 1371 1071 ereaturarum
1389 1012 1617 1079 ἀποκατάστασις
1642 1018 1826 1088 exspectanda
1960 1009 1965 1019 '

125 1101 325 1172 intelligentias
349 1099 464 1156 orbibus
484 1098 649 1155 coelestibus
675 1101 835 1156 assistentes
862 1116 964 1170 eosque
976 1135 979 1163 n
993 1103 1054 1167 erit,
1074 1102 1249 1173 nequeenim
1264 1102 1322 1157 dari
1340 1108 1432 1172 potest
1450 1102 1563 1157 evidens
1577 1103 1657 1172 ratio,
1675 1121 1725 1159 cur
1742 1120 1824 1176 quae·

125 1194 282 1255 moventes,
308 1186 441 1257 suffragio
467 1203 608 1240 sacrarum
630 1185 771 1241 literarum
796 1175 1054 1250 destituitur‚³dsm
1083 1188 1219 1243 duntaxat
1244 1194 1274 1244 et
1300 1206 1355 1243 non
1383 1205 1476 1243 omnes
1501 1195 1643 1245 creaturae
1666 1190 1722 1246 sint
1747 1208 1824 1246 reno-

78 1274 111 1316 nt.
127 1279 158 1328 nt
181 1289 232 1329 suo
258 1273 318 1328 ioco
345 1273 455 1343 plenius
480 1273 691 1327 demonstratur.
732 1272 864 1329 Cessante
896 1255 1107 1344 ergo¹vandae
1144 1274 1173 1328 Si
1194 1274 1330 1329 elementa
1348 1280 1413 1328 sunt
1432 1276 1600 1339 renovanda,
1626 1277 1723 1347 ntique
1741 1278 1824 1332 etiam

128 1365 205 1415 motu
222 1358 299 1423 coeli,
320 1358 439 1413 cessabit
457 1357 527 1420 linis,
542 1363 656 1428 propter
672 1375 754 1428 quem
773 1358 880 1413 coelam
898 1376 961 1413 con·
977 1355 1105 1442 {corpora
1125 1360 1210 1413 mixta
1229 1367 1257 1415 et
1276 1360 1398 1415 animata
1415 1377 1448 1414 ex
1474 1361 1617 1418 elementis
1636 1368 1697 1417 orta
1714 1362 1823 1418 iisdem-

126 1445 224 1511 ditum,
242 1444 362 1500 cessabit
379 1444 520 1514 perfectio,
535 1443 571 1498 ad
590 1460 673 1513 quam
691 1445 800 1498 coslam
812 1444 1046 1515 conditam,¹qae
1069 1447 1278 1514 praestantiora.
1321 1446 1351 1502 δί
1381 1446 1511 1500 animalia
1539 1463 1572 1500 ac
1603 1448 1716 1517 plantae
1747 1463 1823 1503 reno·

125 1529 247 1586 cessabit
263 1529 376 1601 propria
392 1529 496 1585 formae
511 1528 645 1599 operatio,
664 1529 693 1582 in
713 1547 770 1599 qua
787 1538 815 1586 et
827 1547 888 1584 cum
907 1547 963 1599 qua
990 1531 1107 1599 vandae,
1125 1538 1174 1586 aut
1191 1533 1291 1601 omnia,
1316 1549 1388 1604 quae
1413 1549 1534 1603 unquam
1558 1534 1732 1600 exstiterunt,
1760 1550 1824 1604 spe·

126 1617 235 1673 coelum
251 1615 401 1671 conditum.
440 1616 518 1669 Sicut
545 1618 675 1669 deorsum
699 1618 777 1679 ferri
799 1624 893 1670 terrae
912 1634 962 1669 na·
974 1618 1092 1728 {ciarum
1119 1618 1263 1672 individue
1285 1618 1501 1682 renovabuntur,
1526 1624 1575 1672 aut
1599 1620 1734 1689 quaedam
1754 1620 1822 1676 dun-

125 1703 219 1757 turuie
250 1711 304 1764 est,
335 1702 376 1754 ita
406 1701 585 1755 circulariter
615 1704 722 1755 moueri
747 1703 839 1764 coeio,
872 1702 1078 1773 inquittarat,
1097 1704 1146 1758 illa
1166 1704 1280 1771 scilieet,
1299 1720 1371 1774 qaae
1391 1709 1514 1758 extrema
1531 1704 1627 1757 mandi
1642 1705 1823 1777 conflagratio
1842 1772 1845 1776 Ἰ
1861 1743 1883 1780 λ,
1898 1742 1921 1780 ,33

124 1787 310 1859 Philosophus
320 1786 448 1841 lib.l.de
458 1787 535 1840 coelo
548 1793 615 1841 text.
629 1793 666 1842 lb.
690 1789 821 1843 Cessante
831 1804 897 1859 ergo
908 1788 961 1842 hoc
987 1789 1015 1842 in
1045 1789 1089 1842 die
1118 1790 1266 1843 novissimo
1292 1789 1489 1858 apprehendet.
1526 1789 1554 1844 Si
1570 1792 1661 1860 prius,
1685 1792 1820 1861 quomodo

123 1882 200 1928 mota
222 1871 353 1940 natarali,
378 1872 502 1927 interibit
527 1872 610 1927 ctiam
635 1873 726 1943 ipsam
754 1873 870 1941 coelam,
886 1874 960 1929 unde
987 1891 1074 1928 novas
1083 1874 1130 1929 ille
1145 1875 1220 1930 orbis
1232 1874 1324 1927 omnis
1338 1874 1483 1928 individua
1496 1875 1656 1930 animalium
1666 1878 1818 1938 a'e'reorum,

72 1965 110 2006 ,sta
123 1959 319 2031 subjungimus
339 1959 474 2012 rationem
494 1964 518 2015 3.
539 1977 558 2012 a
576 1959 639 2018 inis
659 1960 818 2014 remotione.
844 1959 959 2014 Coelum
972 1994 975 2060 Ι
987 1960 1171 2026 terrestriam,
1198 1960 1377 2030 aquatilium,
1401 1960 1603 2030 amphibiorum
1629 1962 1735 2031 capiet,
1766 1964 1817 2018 nisi

72 2028 111 2058 aa
124 2045 267 2101 conditam
288 2049 329 2100 est
346 2043 401 2098 line
419 2061 461 2112 eo,
482 2051 513 2098 ut
530 2051 607 2099 motu
626 2051 654 2101 et
675 2045 826 2100 influentiis
844 2045 872 2099 in
891 2045 1142 2100 haec=mirandum
1168 2047 1196 2099 ia
1227 2046 1338 2102 modum
1373 2046 1503 2100 dilatetur
1534 2049 1649 2118 ejusque
1680 2051 1818 2119 pomoeria

124 2131 255 2187 interiora
267 2131 420 2201 egatetad
434 2130 565 2186 creatoris
575 2131 745 2201 agnitionem
756 2131 858 2186 homini
876 2131 959 2186 inser·
986 2132 1184 2202 proferantur?
1220 2132 1247 2188 Si
1271 2133 1416 2201 posterius,
1440 2150 1511 2202 quae
1536 2139 1628 2203 potest
1652 2133 1713 2189 dari
1739 2136 1818 2196 ratio,

124 2217 188 2272 viat
232 2215 287 2270 Sed
312 2221 376 2286 post
406 2215 492 2270 seculi
517 2217 780 2286 consummationem
811 2216 1036 2305 cessabunticar
1052 2219 1129 2273 Deus
1147 2219 1233 2273 istaec
1249 2222 1358 2272 tantam
1376 2217 1521 2272 individua
1540 2218 1588 2272 illo
1600 2218 1703 2274 honore
1723 2220 1817 2292 digne·

124 2301 330 2358 mousitudines
349 2301 560 2372 generationum
578 2309 606 2357 et
623 2303 830 2372 corruptionum
849 2303 879 2357 in
896 2304 958 2358 suh·
986 2311 1044 2370 tur,
1066 2304 1210 2377 neglectis,
1233 2320 1305 2375 quse
1328 2304 1506 2370 interierant,
1524 2304 1644 2375 *reliquis
1671 2307 1817 2362 omnibus?

123 2387 275 2452 lunaribus,
292 2404 358 2459 ergo
373 2387 521 2442 cessabant
539 2389 622 2442 etiam
639 2388 801 2444 influentiae
819 2388 958 2444 coelorum
986 2391 1098 2459 Priora,
1125 2407 1196 2462 quae
1224 2398 1288 2445 ante
1313 2389 1410 2444 mundi
1440 2388 1521 2443 finem
1558 2390 1732 2459 interierant,
1764 2410 1816 2448 nori

123 2475 151 2529 in
168 2474 238 2529 haec
256 2473 394 2530 inferiora
424 2475 457 2528 ln
474 2474 532 2529 vita
548 2480 662 2531 aeterna
680 2475 754 2530 beati
775 2476 864 2529 Deum
883 2475 958 2528 vide·
985 2476 1076 2531 minus
1095 2492 1178 2546 quam
1197 2475 1358 2547 posteriora,
1384 2492 1456 2546 qnae
1480 2476 1554 2531 diem
1581 2477 1759 2533 novissimum
1779 2481 1817 2533 vi-

123 2561 194 2616 bant
219 2577 237 2614 a
258 2559 330 2614 lucie
354 2559 390 2614 ad
414 2559 521 2628 faciem,
547 2577 614 2632 ergo
638 2577 694 2615 non
718 2577 787 2630 opas
815 2559 959 2615 habebunt
985 2564 1076 2618 vendo
1093 2563 1243 2632 attingant,
1268 2561 1385 2616 vanitati
1411 2561 1489 2617 fuere
1513 2560 1641 2633 sabJecte
1658 2571 1686 2619 et
1703 2567 1817 2635 promis-

123 2653 312 2702 creaturarnm
331 2645 499 2716 magisterio.
523 2645 598 2700 Tota
615 2663 704 2700 reram
724 2646 889 2700 universitas
903 2644 958 2700 fine
985 2651 1089 2704 sionem
1115 2647 1288 2703 liberationis
1316 2647 1482 2703 enervitate
1501 2648 1686 2717 corruptionis
1703 2667 1817 2724 accepe-

122 2749 155 2788 eo
172 2732 285 2788 condita
306 2737 356 2800 est,
380 2738 412 2785 ut
435 2729 538 2785 homini
563 2731 663 2786 riateri
687 2731 820 2801 praebeat
845 2730 957 2786 domici·
983 2747 1062 2803 runt,
1085 2735 1201 2789 Romen.
1228 2738 1258 2798 8,
1276 2751 1301 2789 v.
1320 2739 1360 2788 20.
1396 2732 1487 2787 Eecur
1505 2733 1590 2803 igitur
1608 2733 1663 2787 illis
1682 2734 1817 2792 duntaxat

121 2819 198 2888 lium,
217 2817 322 2873 Victum
342 2822 370 2871 θῐ
388 2817 528 2882 vestitum,
553 2824 638 2887 &tque
664 2824 696 2871 ut
724 2817 759 2870 sil
785 2824 958 2888 θεογνωσίας
983 2822 1102 2878 felicitas
1113 2820 1296 2890 perennitatis
1307 2824 1336 2874 et
1347 2818 1504 2887 perennitas
1518 2818 1658 2874 felicitatis
1669 2822 1816 2894 contingit,

122 2903 264 2975 quoddam
291 2903 442 2974 speealam.
486 2903 550 2958 Jarn
577 2919 643 2957 vero
672 2919 789 2973 corpora
812 2902 957 2957 beatorum
983 2907 1095 2977 reliquis
1114 2909 1143 2961 in
1160 2905 1288 2977 squalore
1302 2909 1330 2958 et
1343 2903 1399 2957 situ
1415 2908 1557 2958 aeternam
1571 2907 1816 2974 permanentibus?

121 2989 278 3062 glorificata
295 3007 347 3046 nec
361 2991 436 3045 victu
454 3005 506 3045 nec
518 2989 623 3045 vestitu
641 3007 692 3044 nec
708 2996 817 3045 terreno
836 2984 960 3060 quodam
983 2993 1124 3049 Francise.
1152 2991 1272 3045 Paccius
1296 2989 1402 3044 advers.
1425 2989 1556 3044 Soeinum
1582 3007 1647 3061 pag.
1672 2995 1719 3047 38:
1762 2994 1818 3056 Qui

123 3076 262 3133 domicilio
293 3076 475 3146 indigebunt,
507 3093 557 3131 nec
588 3077 617 3130 in
643 3076 755 3146 speculo
784 3074 902 3146 amplius
929 3080 958 3129 et
984 3087 1089 3147 canant,
1108 3079 1299 3133 renouandam
1323 3091 1382 3130 sans
1408 3083 1514 3130 terram
1538 3084 1564 3129 at
1587 3078 1707 3147 saalum,
1732 3083 1816 3134 aude.

121 3164 293 3234 aenigmate,
327 3162 376 3216 sed
408 3164 483 3217 clara
511 3170 539 3218 et
568 3162 697 3216 intuitiva
729 3161 834 3216 visione
867 3163 957 3215 Deum
984 3168 1049 3221 tum
1071 3166 1174 3234 dicere,
1199 3173 1305 3217 temam
1327 3165 1393 3225 sore
1416 3163 1475 3215 sins
1501 3163 1611 3231 teatin,
1642 3181 1734 3232 aquas
1755 3168 1815 3220 nne

122 3254 303 3322 cognoscent;
324 3248 399 3306 beati
420 3264 475 3303 non
492 3247 611 3318 amplius
631 3253 711 3302 erunt
731 3248 760 3301 in
780 3248 835 3311 via,
856 3248 905 3301 aad
928 3248 955 3300 in
979 3253 1114 3324 praciam,
1137 3256 1242 3305 aaran,
1256 3250 1316 3303 siria
1334 3249 1441 3317 aalma,
1463 3256 1489 3302 et
1512 3249 1563 3302 aaa
1587 3250 1683 3313 sogam
1702 3251 1815 3305 clemen.

122 3336 221 3407 panta,
240 3351 296 3389 non
313 3334 431 3406 amptius
452 3340 533 3388 erunt
553 3335 684 3398 viatores,
711 3333 761 3387 sed
779 3335 956 3403 comprehen-
983 3349 1074 3396 aarum
1097 3338 1258 3408 parituros,
1283 3335 1333 3405 qus·
1354 3351 1436 3390 sensa
1466 3335 1556 3387 sintita·
1580 3335 1660 3388 note
1687 3338 1817 3405 praedm

121 3438 212 3487 soram
239 3420 302 3476 ideo
330 3419 414 3476 etiam
444 3437 500 3476 non
530 3418 695 3490 indigebunt
724 3419 844 3490 amplius
872 3419 955 3489 hujus
983 3434 1055 3495 sunt,
1082 3443 1144 3478 cum
1172 3423 1237 3493 ipsa
1260 3422 1408 3487 elementa,
1436 3437 1509 3489 quas
1532 3437 1614 3474 sensu
1636 3420 1687 3476 illo
1711 3432 1815 3489 carent,

121 3508 193 3562 vitae
225 3505 409 3562 adminiculis.
454 3504 591 3570 Quorsum
622 3506 670 3561 itta
701 3512 791 3561 terras
817 3507 956 3576 marisque
982 3512 1188 3568 restituantur!
1228 3508 1283 3564 Sed
1300 3514 1329 3564 st
1345 3507 1488 3562 brutorum
1514 3511 1598 3577 atque
1617 3506 1749 3563 arborum
1767 3509 1816 3564 ills

120 3593 259 3648 restitutio
287 3609 350 3647 cum
379 3592 535 3647 vastissima
559 3592 631 3646 airis
659 3592 788 3663 regione,
816 3593 838 3646 si
862 3593 956 3647 nullae
982 3598 1128 3654 individua
1153 3599 1299 3662 renovata,
1333 3609 1416 3664 quem
1447 3592 1629 3663 praestabant
1659 3593 1816 3649 hominibus

120 3686 200 3734 erunt
218 3677 357 3733 interioris
375 3678 460 3747 hujus
476 3678 550 3732 orbis
574 3679 689 3743 incolae,
716 3678 766 3732 sed
793 3695 887 3733 omues
906 3684 955 3733 aut
981 3702 1079 3751 urum,
1111 3682 1186 3753 quad
1215 3679 1410 3748 ministerium,
1443 3678 1524 3750 quale
1556 3678 1718 3733 servitium?
1750 3698 1815 3735 nam

119 3764 189 3820 coeti
212 3764 286 3818 cives
307 3762 466 3819 beatissimo
490 3764 544 3819 Dei
570 3769 720 3835 conspectu
748 3762 879 3832 fruentes,
907 3770 956 3819 aut
981 3770 1101 3841 speciem
1129 3782 1208 3821 suam
1239 3782 1290 3834 per
1320 3763 1526 3835 generationem
1553 3780 1586 3819 ac
1615 3764 1814 3835 plantationem

118 3838 470 3907 metaumaucensis
491 3848 544 3904 Dei
568 3855 597 3904 et
621 3851 743 3905 omnium
766 3856 954 3905 ereaturarum
980 3852 1198 3928 propagabant?
1222 3845 1251 3907 si
1271 3850 1332 3921 qais
1346 3849 1473 3918 affirmet,
1492 3849 1640 3904 statuenda
1659 3849 1711 3905 crit
1725 3850 1816 3906 denuo

72 3944 105 3985 [¹⁸-
119 3935 264 3991 utufruclu
294 3936 324 3991 in
356 3942 498 3990 aeternum
531 3935 655 4007 abjecti?
699 3942 723 3993 4.
751 3937 798 3990 Ex
826 3937 954 3991 coelestii
980 3938 1166 4013 generationis
1191 3943 1219 3991 et
1242 3935 1425 4006 corruptionis
1450 3936 1479 3990 iu
1506 3934 1601 3990 futuro
1620 3935 1713 3991 seculo
1732 3954 1814 4007 qaae·

72 4022 90 4087 ¹1.
120 4023 335 4091 Hierosolyma
360 4023 556 4091 descriptione.
597 4022 662 4075 Esa.
688 4028 728 4085 60,
753 4041 777 4078 v.
805 4027 850 4078 19:
887 4025 954 4078 Non
980 4029 1044 4082 dam
1072 4023 1250 4092 vicissitud03
1282 4023 1305 4076 si
1339 4026 1439 4092 neget,
1466 4020 1646 4091 cogitandum
1672 4022 1725 4092 ipsi
1755 4023 1814 4089 crit,

72 4119 83 4188 ,“
119 4108 173 4163 m'i
195 4108 248 4163 libi
270 4107 392 4178 “militie
416 4108 460 4160 ³⁰l
486 4110 527 4160 ad
553 4107 702 4163 tuaersdum
722 4125 777 4178 ptr
796 4109 879 4172 dam,
904 4126 953 4163 uec
980 4112 1118 4185 quomodo
1130 4116 1172 4164 tot
1181 4108 1353 4180 myriadibus
1368 4106 1510 4161 hominnm
1524 4106 1560 4160 ad
1577 4106 1662 4161 vitam
1674 4114 1814 4163 aeternam

76 4181 81 4192 ’
118 4195 255 4264 splendor
273 4194 359 4249 lunas
371 4193 543 4247 illuminabit
560 4203 593 4260 te,
608 4198 660 4248 sed
672 4195 725 4249 erit
743 4195 797 4249 tibi
812 4196 953 4249 Dominus
965 4213 968 4327 Ι
981 4196 1206 4253 resuscitatorum
1226 4201 1283 4248 tam
1302 4208 1392 4263 pauca
1410 4191 1553 4247 brutorum
1572 4198 1600 4247 et
1616 4190 1814 4262 vegetabilium

119 4279 148 4334 in
172 4281 262 4334 lucens
287 4279 486 4349 sempiternom
512 4289 540 4334 et
567 4282 647 4334 Deus
680 4290 744 4335 tuus
774 4282 804 4334 in
830 4283 953 4350 pierium
980 4283 1123 4340 individua
1149 4278 1309 4335 sufficiant?
1345 4279 1375 4334 Si
1398 4285 1472 4333 terra
1496 4295 1547 4348 per·
1574 4277 1698 4331 ultimam
1721 4278 1812 4333 incen-

119 4375 201 4420 tnam.
225 4383 251 4419 v.
269 4371 309 4422 20.
333 4366 399 4420 Non
419 4367 525 4422 occidet
544 4368 622 4422 nitra
637 4368 681 4421 sol
693 4375 757 4421 tussa
776 4375 801 4421 et
821 4367 890 4421 lausa
903 4376 952 4422 tua
980 4371 1056 4424 dium
1070 4366 1251 4439 expurganda
1269 4371 1298 4418 et
1310 4363 1477 4431 renovanda,
1496 4363 1592 4431 utique
1605 4378 1668 4416 cam
1685 4363 1813 4418 omnibns

118 4471 173 4508 non
201 4453 354 4520 minuetur,
384 4454 453 4523 quia
476 4455 530 4508 erit
556 4454 608 4507 ts'bi
633 4455 776 4508 Dominus
804 4453 835 4507 in
863 4454 952 4508 luceru
979 4455 1123 4526 speciebus
1154 4452 1207 4507 erit
1238 4449 1412 4512 renovenda,
1444 4448 1549 4516 absque
1583 4447 1637 4501 illis
1666 4448 1739 4502 enim
1771 4457 1814 4503 est

117 4540 324 4610 sempiternam.
364 4538 451 4608 Apoc.
472 4544 514 4605 21,
534 4555 559 4592 v.
580 4543 627 4594 22:
654 4540 802 4608 Templum
819 4540 955 4593 annuisti
978 4543 1074 4596 inanis
1088 4548 1224 4606 stoacuo,
1239 4537 1434 4606 omniprorsus
1447 4540 1546 4587 ornatu
1561 4533 1694 4588 destituta
1703 4533 1772 4590 Gen.
1790 4541 1811 4602 1,

117 4627 148 4679 ia
167 4642 241 4679 noua
264 4625 318 4678 dia
343 4625 456 4678 ciuitate
479 4625 663 4680 descendente
687 4641 705 4679 a
729 4625 792 4679 Deo
817 4640 850 4678 ex
867 4624 952 4693 coelo,
978 4647 1003 4684 v.
1030 4632 1053 4682 2.
1090 4626 1119 4681 si
1145 4639 1239 4680 omnes
1266 4621 1371 4693 species
1400 4619 1583 4675 animantium
1609 4625 1711 4676 terram
1736 4621 1811 4676 inco·

119 4712 259 4766 Dominus
279 4709 353 4763 enim
368 4711 449 4763 Dens
465 4712 638 4783 omnipotens
652 4718 692 4765 est
709 4710 801 4780 ipsius
820 4711 953 4780 templum
964 4723 967 4795 t
978 4714 1094 4769 lentiam
1111 4709 1306 4778 restituendae,
1324 4707 1406 4764 etiam
1425 4705 1517 4761 omnis
1539 4705 1694 4776 specierum
1712 4707 1812 4761 indivi-

118 4804 145 4850 et
162 4795 271 4864 Apnus,
287 4815 311 4852 v.
328 4800 371 4852 23.
398 4803 423 4851 et
449 4795 550 4850 cisum
570 4814 625 4850 non
648 4803 710 4866 eget
727 4797 787 4850 sole
805 4813 854 4850 aee
873 4797 1042 4887 lunaqdaa,
1063 4804 1094 4851 ut
1113 4796 1290 4851 ostendimus.
1313 4793 1369 4849 Sed
1382 4792 1451 4848 haec
1468 4791 1561 4846 omnia
1578 4799 1644 4847 sant
1659 4789 1811 4848 dimissura.

117 4889 148 4936 ut
167 4880 278 4936 luceant
297 4881 328 4935 in
345 4898 388 4951 aa,
407 4899 472 4934 nam
489 4881 607 4935 claritas
624 4882 684 4937 Dei
702 4881 872 4937 illuminabit
890 4897 952 4935 sam
978 4885 1007 4938 si
1026 4880 1205 4950 differentiae,
1219 4896 1291 4953 qnae
1303 4879 1432 4934 dividunt
1443 4894 1540 4950 genus,
1558 4878 1595 4933 sd
1613 4878 1810 4948 perfectionem

119 4975 144 5021 st
162 4968 280 5021 lucerna
306 4969 367 5038 ejus
392 4975 432 5021 est
450 4967 557 5035 Apsus.
582 4983 604 5021 c.
627 4971 668 5031 22,
683 4983 707 5020 v.
726 4973 756 5024 b:
786 4968 850 5022 Noa
872 4968 952 5021 rnltra
978 4977 1006 5025 et
1032 4973 1160 5022 ornatam
1188 4966 1309 5022 universi
1343 4963 1494 5038 pertinent,
1523 4980 1693 5035 consequens
1720 4963 1811 5034 luerit,

118 5071 173 5108 non
199 5054 266 5118 erit,
294 5060 321 5107 et
348 5070 403 5107 non
429 5053 544 5122 spebunt
569 5053 673 5106 lumine
705 5054 836 5108 tmanae
862 5070 951 5122 neque
978 5054 1118 5118 mundum,
1137 5052 1186 5125 qai
1203 5052 1286 5106 hodie
1312 5057 1377 5107 ante
1401 5049 1577 5106 novisdmsm
1599 5048 1675 5102 illam
1703 5050 1811 5104 metau-

118 5140 221 5194 lumine
251 5139 334 5206 selis,
366 5139 499 5208 quoniam
526 5138 666 5192 Dominus
693 5142 773 5194 Deus
806 5140 1111 5197 illumiaat‘rationem
1139 5154 1185 5192 eas
1213 5136 1333 5206 obtinet,
1360 5135 1407 5190 sed
1439 5141 1502 5206 post
1524 5135 1750 5189 instaurationem
1778 5150 1811 5188 ex

118 5225 190 5280 allos.
226 5224 256 5280 Si
277 5226 307 5279 iu
330 5225 442 5279 coelesti
467 5222 662 5294 Hierosolyma
678 5242 733 5279 non
751 5232 793 5279 est
817 5224 1183 5296 templam'adversautium
1201 5221 1347 5294 hypothesi
1371 5237 1473 5291 magna
1498 5237 1531 5275 ex
1553 5225 1632 5289 parta
1655 5218 1712 5273 iilis
1729 5219 1811 5274 desti·

118 5309 230 5381 aliquod
256 5310 407 5379 materiale,
433 5325 500 5380 ergo
525 5325 574 5364 nee
597 5309 673 5363 alind
698 5310 837 5379 quoddam
855 5256 1080 5383 corpo-ituatur,
1108 5310 1199 5364 minus
1225 5308 1379 5378 perfectum
1404 5311 1471 5360 tunc
1496 5305 1563 5368 fore,
1588 5303 1691 5374 quippe
1707 5305 1811 5376 praeei-

119 5396 174 5452 raie
196 5397 375 5453 domicilium.
411 5396 440 5451 si
466 5396 531 5451 solis
556 5402 584 5451 et
611 5396 693 5450 lutrae
718 5392 965 5451 nobilissimarumi
977 5415 1034 5467 pue
1056 5402 1170 5453 ornatus
1195 5401 1223 5450 et
1250 5392 1440 5464 cornplementi
1469 5393 1511 5445 sui
1538 5397 1617 5461 parte
1643 5389 1810 5447 fraudatam.

1549 5478 1600 5531 il*
