4050 6014
645 122 698 179 nn
716 122 885 182 11166666
905 122 1128 214 musanen
1147 125 1337 186 sannaus.
1776 140 1836 200 ros

142 267 380 340 1166166111.
406 287 468 345 666.
489 279 528 342 16,
547 293 574 331 6.
594 280 639 343 13;
671 282 694 334 9.
710 294 762 349 616
781 279 844 334 imis
861 285 891 335 61
914 297 976 351 616·
1003 297 1054 336 nas
1071 283 1298 351 poenasinferrc.
1332 282 1396 339 Job.
1418 290 1458 352 14,
1477 302 1502 339 6.
1525 288 1567 341 1³:
1602 285 1669 350 11616
1694 287 1766 341 malui
1787 288 1838 342 1666

142 354 315 412 fundissimis
335 365 425 414 terrae
443 360 521 441 loeis,
545 361 679 419 altissimo
696 366 831 437 oppositis
853 365 916 421 Job.
937 370 978 434 11,
1002 368 1117 435 adnm,
1142 375 1174 422 61
1192 368 1222 423 in
1240 367 1334 424 selsel
1346 377 1484 440 61616666
1502 387 1546 425 666
1564 381 1591 427 61
1611 373 1769 428 6666661166
1786 391 1837 439 me,

142 459 168 495 6.
188 447 212 500 6.
230 460 290 515 666.
311 450 352 514 26,
368 464 393 502 6.
415 449 439 501 6.
465 447 567 504 Psalm.
588 454 646 516 139,
665 467 689 505 6.
709 456 733 507 6.
758 451 822 505 Eae.
844 459 867 514 7,
886 470 912 510 6.
933 458 978 522 11;
1005 455 1093 507 donee
1112 462 1298 525 pertranseat
1324 455 1412 522 saror
1437 464 1513 526 1666,
1540 467 1566 512 61
1588 460 1741 514 cernimus
1770 461 1840 513 mili

143 536 167 586 4.
187 546 238 600 666
256 533 432 599 pravissimis
451 535 657 604 afflictionibus
686 536 799 593 186111.
819 542 843 603 1,
860 556 884 593 6.
905 544 929 593 6.
955 543 978 595 1.
1004 547 1121 608 tempas,
1144 558 1198 609 666
1217 542 1467 596 66166666666161
1491 549 1707 614 6116166131
1727 546 1838 600 Etiam·

143 615 218 672 Sam.
239 621 281 684 21,
300 636 326 672 6.
346 625 370 675 6.
398 620 501 674 Ρ66161.
521 626 563 687 66,
588 626 674 677 616.
705 623 806 680 Psalm.
831 628 886 692 116,
904 643 929 677 6.
949 629 978 694 3;
1003 626 1838 697 6616666666166666,1666666166166666666666116

142 711 167 761 5.
193 705 396 774 6166661666
421 705 521 762 Genea.
541 713 582 778 42,
606 725 631 762 v.
652 713 692 763 36.
726 717 756 773 1.,
782 710 850 781 Reg.
871 716 895 776 2,
911 728 935 764 6.
954 716 978 765 6.
1004 713 1125 766 tenebris
1144 716 1237 768 616661
1255 715 1385 768 lectulum
1414 733 1512 771 meam.
1546 715 1586 770 Α1
1611 717 1673 788 quis
1699 717 1753 773 sibi
1778 735 1838 790 per·

142 788 206 844 166.
229 796 269 854 14,
292 809 318 846 6,
342 796 380 848 16,
413 809 473 862 666.
494 799 534 856 17,
560 800 643 849 6.13.
674 795 853 860 Ρ66161.141,
877 814 901 851 r.
922 796 977 850 'l‘'
1004 797 1113 852 suaderi
1139 799 1273 868 patietur,
1301 799 1404 856 lobum
1430 817 1463 854 ex
1488 801 1681 873 desperatione
1703 805 1838 861 infernum

143 874 201 930 Nos
229 877 258 930 iu
283 882 362 933 16661.
393 879 429 933 de
457 885 545 935 morte
569 880 593 949 6.
626 886 683 938 173.
712 880 847 946 diximus,
878 897 978 936 nomen
1003 882 1057 936 sibi
1075 887 1208 954 optasse?
1227 885 1301 940 addc
1320 888 1395 957 quod
1415 884 1539 959 ἐξήγησις
1556 888 1652 944 666116
1670 891 1836 947 luculentam

142 945 226 1038 bist
247 964 376 1035 quinque}
391 966 566 1035 potissimum
594 968 683 1022 modis
712 969 741 1022 in
759 967 909 1039 Scripturis
933 983 978 1022 ac·
1002 969 1135 1039 praebeat
1148 970 1369 1042 explicationem,
1387 974 1450 1028 vult
1463 973 1537 1028 enim
1549 973 1682 1030 abscondi
1697 977 1725 1030 in
1737 977 1839 1048 scheol,

142 1049 212 1119 cipi,
235 1054 257 1106 1.
279 1065 331 1121 pro
349 1052 465 1116 inferno
483 1069 532 1108 seu
556 1054 614 1110 nori
640 1055 845 1123 damnatorum,
870 1055 904 1108 in'
922 1068 977 1124 quo
1004 1058 1093 1111 donec
1112 1066 1295 1126 pertranseat
1322 1059 1381 1114 Dei
1404 1060 1466 1127 166,·
1489 1059 1550 1130 Jam
1579 1077 1644 1116 6616
1670 1079 1703 1116 ex
1732 1064 1838 1120 inferno

142 1135 248 1191 scilieet
272 1137 396 1193 damnati
423 1145 601 1212 torquentum
639 1147 661 1198 1.
684 1159 741 1211 666
768 1143 979 1196 11616νὶ61616-
1004 1141 1080 1197 66116
1110 1145 1243 1200 redemtio
1273 1145 1424 1217 speranda,
1460 1163 1512 1203 nec
1541 1148 1730 1205 recordabitur
1762 1151 1838 1206 Deus

142 1222 302 1294 fernt,1qui
319 1225 348 1278 in
366 1224 419 1280 666
438 1226 495 1280 6116
513 1228 680 1298 quandoque
698 1227 837 1283 bominem
856 1243 978 1298 compre·
1004 1228 1211 1296 damnatorum,
1233 1238 1265 1285 ut
1290 1247 1336 1287 eos
1362 1232 1475 1301 liberet,
1507 1248 1540 1288 aa
1560 1240 1706 1306 postquem
1732 1237 1839 1292 dixerat

143 1308 722 1381 66666663.666661666161166111116116
742 1317 852 1385 praelum
882 1321 905 1369 4.
920 1332 977 1384 666
1003 1314 1102 1382 dobes,
1123 1317 1217 1371 661661
1235 1317 1334 1372 demas
1351 1335 1426 1385 mea,
1453 1320 1751 1378 6161161666116,14;
1781 1325 1836 1377 Pn-

143 1404 232 1450 merts
251 1399 586 1454 6616666116166616666
612 1416 646 1455 ex
665 1400 719 1455 bac
738 1400 796 1454 6116
815 1399 872 1454 6166
890 1405 978 1455 616166
1004 1403 1112 1455 1666161
1127 1404 1197 1471 diri,
1211 1410 1297 1474 pater
1315 1421 1390 1458 mens
1411 1422 1440 1459 66
1457 1412 1495 1476 16,
1521 1415 1610 1461 mater
1629 1424 1692 1462 mea
1711 1417 1737 1463 61
1756 1426 1839 1465 soror

143 1482 298 1539 mutatione
316 1485 867 1558 616666166661661166161616666616
887 1491 978 1555 apro
1005 1504 1075 1556 mea,
1093 1490 1238 1544 vermibus.
1265 1506 1327 1561 cap.
1346 1495 1388 1559 21,
1406 1509 1432 1544 6.
1454 1497 1496 1547 13:
1515 1491 1551 1545 In
1570 1502 1706 1549 neemento
1725 1498 1837 1551 666666·

143 1568 280 1640 66661666.
310 1570 371 1627 Has
390 1570 606 1643 significationes
626 1589 720 1635 omnes
739 1591 773 1628 ac
789 1570 913 1644 singulas
930 1585 978 1624 ex·
1006 1574 1126 1627 dantia
1148 1576 1255 1640 661661,
1284 1576 1381 1634 Chald.
1406 1578 1533 1655 163ᾟὶ6
1550 1565 1644 1657 111616,
1673 1583 1702 1636 in
1726 1585 1837 1638 domum

143 1655 241 1726 6616116
259 1673 275 1712 6
293 1656 438 1728 Scriptura
455 1658 551 1730 petitis
570 1659 674 1714 ibidem
691 1659 931 1731 comprobavimus
950 1664 979 1711 61
1003 1660 1178 1728 6666116666,
1206 1662 1333 1732 quamvis
1353 1663 1436 1718 etiam
1455 1663 1614 1720 6616161116
1634 1669 1722 1739 accipi
1742 1672 1838 1740 poerit,

143 1743 293 1799 secundam
320 1743 549 1816 significationem
580 1746 617 1800 66
644 1747 775 1817 primam,
805 1745 913 1801 tertiam
942 1744 978 1799 66
1004 1751 1150 1815 61666166
1168 1747 1330 1803 6166616166.
1356 1750 1456 1805 Ρ66116.
1474 1757 1499 1821 6,
1517 1770 1542 1805 6.
1563 1759 1587 1809 6.
1604 1751 1667 1808 Esa.
1683 1759 1724 1822 36,
1747 1774 1771 1809 6.
1793 1762 1839 1818 16:

144 1830 309 1897 necandam,
338 1830 462 1902 quintam
481 1832 517 1886 ad
537 1839 665 1902 quartam
683 1839 758 1888 certo
775 1832 858 1887 modo
883 1830 979 1886 reduci
1004 1832 1042 1884 In
1071 1833 1187 1902 inferno
1218 1835 1282 1902 qnia
1311 1838 1488 1902 confitetitur
1522 1838 1594 1892 11611
1631 1839 1701 1895 illud
1734 1840 1838 1896 ibidem

144 1932 225 1986 posse
244 1917 423 1978 ostendimus.
457 1918 504 1972 Ad
523 1918 648 1990 quintam
669 1918 785 1975 classem
804 1918 899 1973 reduci
917 1924 977 1987 pot·
1004 1915 1108 1972 Psalm.
1127 1924 1152 1986 6,
1169 1937 1195 1973 6.
1212 1925 1235 1975 6.
1256 1920 1296 1974 616
1315 1922 1475 1991 exponitur:
1492 1941 1547 1976 non
1566 1933 1605 1977 est
1624 1926 1655 1979 in
1674 1935 1770 1989 616616,
1791 1929 1840 1998 661

144 2004 262 2058 6611116
287 2004 467 2076 significatio,
495 2021 550 2076 qua
575 2005 712 2075 accipitur
740 2005 910 2074 peneraliter
928 2020 979 2075 pro
1006 2020 1109 2058 memor
1132 2006 1246 2075 611161,
1271 2012 1300 2061 61
1325 2007 1427 2063 6161166
1451 2008 1543 2064 66666
1569 2009 1772 2079 1661663116.
1794 2018 1838 2070 16:

144 2091 207 2145 11616
223 2097 252 2146 61
269 2091 415 2163 profundis
432 2096 522 2148 terrae
540 2093 608 2148 loeis
635 2091 699 2148 Job.
722 2097 762 2162 11,
781 2109 809 2147 6.
830 2097 853 2149 6.
875 2089 979 2144 Ρ66116.
1005 2091 1153 2161 Numquid
1176 2094 1352 2162 confitebitor
1375 2096 1427 2148 tili
1449 2095 1568 2164 6616161
1602 2097 1705 2154 Confer
1720 2099 1838 2155 Baruch.

147 2181 205 2248 199,
222 2196 248 2233 v.
268 2184 292 2236 8.
312 2180 398 2235 Amos
416 2185 441 2249 9,
459 2197 484 2235 6.
500 2185 524 2235 2.
545 2179 611 2250 quia
631 2179 806 2249 sepulcrale
825 2184 915 2233 terrac
935 2192 979 2231 aa·
1005 2182 1030 2246 1,
1047 2195 1073 2234 6.
1096 2184 1134 2233 ll.
1155 2177 1257 2235 Psalm.
1280 2184 1337 2246 141,
1356 2198 1382 2238 6.
1403 2188 1432 2237 l:
1452 2182 1606 2253 Dissipata
1624 2194 1688 2240 sant
1707 2204 1772 2241 essa
1790 2205 1839 2242 no-

144 2265 237 2320 661616
263 2265 347 2322 effodi
371 2265 468 2322 solent.
505 2266 535 2319 Si
565 2266 628 2337 quis
651 2270 744 2320 tamen
771 2282 822 2339 pro
846 2264 980 2335 peculiari
1005 2264 1279 2320 61661666661661.
1305 2266 1344 2321 At
1360 2267 1399 2337 pii
1417 2267 1558 2323 1616611166
1568 2269 1605 2324 66
1617 2270 1743 2327 66611666
1755 2273 1839 2330 iuter·

144 2351 232 2406 classe
251 2352 531 2423 6616666616166111,
548 2369 603 2406 non
617 2351 828 2425 refragabimur.
849 2350 979 2407 Hebraeo
1004 2348 1072 2405 fecti
1089 2367 1145 2404 non
1162 2351 1370 2408 descendebant
1384 2352 1412 2406 in
1431 2353 1567 2409 infernum
1584 2373 1637 2412 666
1661 2374 1725 2413 ossa
1747 2360 1775 2414 16
1799 2357 1839 2413 in·

144 2423 230 2514 bisai
249 2439 399 2510 respondet
418 2438 556 2495 Graecum
574 2438 649 2511 ᾅδης,
669 2453 725 2512 quo
744 2438 827 2494 LXX
846 2439 980 2511 interprc·
1007 2435 1122 2502 fernum,
1141 2437 1190 2493 sed
1208 2438 1238 2493 in
1258 2439 1415 2510 sepulcrum
1435 2439 1642 2514 disperguntur.
1674 2443 1756 2503 Psov.
1774 2451 1797 2516 1,
1813 2464 1839 2502 v.

144 2530 187 2580 tes
206 2525 278 2580 11166
295 2541 404 2597 semper
422 2525 586 2597 exprimunt,
610 2526 645 2596 (61
665 2526 778 2581 6616661
800 2525 922 2597 excipias
941 2525 979 2579 lo·
1009 2527 1053 2579 lt:
1086 2525 1285 2592 Deplatiemne
1302 2541 1357 2594 eos,
1376 2527 1474 2580 dicant
1493 2529 1576 2597 impii
1594 2531 1666 2584 sieut
1685 2531 1780 2586 scleel
1800 2535 1840 2586 61-

145 2626 209 2665 eum
227 2617 251 2668 1.
269 2611 342 2668 Sam.
360 2618 403 2682 11,
423 2632 447 2668 6.
466 2617 489 2669 6.
514 2611 562 2665 ubi
586 2617 698 2666 vertunt
719 2608 926 2682 6616166666)
952 2619 981 2666 61
1006 2617 1109 2679 rentes,
1133 2611 1281 2683 explicatio
1300 2611 1543 2683 6161166661161,
1571 2623 1596 2669 61
1618 2617 1743 2686 16166666
1767 2619 1840 2674 61661

145 2697 277 2754 Latinum
297 2699 442 2769 infernas,
466 2716 521 2771 quo
540 2698 657 2770 vulgata
674 2699 763 2753 versio
789 2698 890 2768 utitur,
916 2697 979 2753 toti·
1006 2698 1204 2752 descendentes
1224 2700 1253 2751 in
1272 2700 1422 2752 6161666661
1439 2701 1499 2754 aiae
1514 2703 1629 2766 foveam
1643 2704 1838 2775 sepulcralem.

145 2785 209 2840 6661
228 2800 295 2858 erge
314 2788 398 2841 etiam
416 2791 497 2841 erunt
515 2785 734 2857 significationes
755 2784 831 2839 vocis
854 2784 927 2857 ᾅδου
952 2791 980 2839 61
1005 2783 1106 2840 Erech.
1124 2789 1166 2847 31,
1184 2802 1210 2840 v.
1229 2791 1273 2841 ll:
1293 2784 1392 2839 Etiam
1409 2785 1466 2855 ipsi
1484 2803 1546 2840 cam
1563 2804 1596 2840 eo
1618 2791 1788 2845 descendent
1807 2792 1837 2845 in

145 2871 254 2928 inferni.
288 2872 448 2929 Notandum
465 2873 517 2927 hoe
540 2879 561 2928 1.
579 2879 678 2926 eontra
696 2871 914 2935 Bellarmiuam,
931 2871 980 2943 qui
1005 2870 1097 2924 6611661
1127 2873 1169 2924 ad
1195 2872 1357 2940 interfectos
1387 2873 1496 2940 plautio.
1531 2871 1596 2929 Jon.
1616 2880 1640 2941 1,
1666 2893 1691 2930 6.
1719 2881 1741 2931 3.
1771 2877 1840 2932 61611

146 2957 193 3013 lib.
212 2965 236 3014 4.
264 2958 428 3015 6601111616
452 2975 511 3030 666.
540 2965 578 3015 16.
601 2975 697 3014 rocem
720 2941 805 3033 bine?
832 2957 980 3012 ordinarie
1005 2955 1196 3027 prophetase
1215 2957 1395 3013 vociferatum
1411 2974 1470 3013 6666
1488 2975 1502 3012 6
1517 2961 1756 3033 66616666661661,
1776 2981 1838 3018 6661

146 3046 239 3115 accipi
266 3050 347 3118 66161
368 3062 426 3115 666
450 3044 513 3100 1666
544 3045 704 3098 animarem
737 3045 919 3099 6661666666
954 3051 981 3096 et
1006 3048 1079 3098 esset
1097 3042 1125 3096 16
1143 3049 1240 3099 666116
1258 3044 1321 3103 ceti.
1357 3043 1386 3100 Si
1404 3044 1547 3100 obvertere
1567 3045 1663 3115 velint,
1686 3049 1755 3102 1666
1783 3068 1838 3104 66-

146 3132 439 3202 666666166666666
461 3131 680 3204 6666666166,
710 3146 766 3202 qua
791 3130 898 3186 ratione
925 3129 979 3200 pri·
1006 3131 1056 3183 nia
1082 3131 1118 3184 de
1142 3131 1235 3200 limbo,
1260 3132 1370 3197 inferni
1394 3132 1529 3186 6661111616
1547 3150 1581 3186 66
1602 3140 1784 3209 1166661616,
1808 3138 1839 3189 in

147 3236 219 3273 mam
240 3218 469 3289 significationem
488 3219 603 3290 opponit
622 3218 744 3289 quintae.
774 3216 863 3288 Atqui
885 3215 910 3286 1)
926 3225 979 3285 616-
1006 3219 1083 3285 qaod
1103 3218 1343 3286 6616666166666
1362 3219 1391 3272 in
1413 3219 1506 3272 Veteri
1526 3219 1701 3275 Testamenta
1727 3225 1838 3276 deseen-

146 3305 270 3375 melopia
288 3302 415 3371 ostendit,
435 3305 510 3376 quod
527 3303 665 3376 significet
683 3305 710 3358 in
723 3319 825 3375 genere
841 3302 979 3374 quoddam
997 3303 1107 3371 6661611,
1128 3304 1297 3373 accipienda
1312 3320 1379 3369 6666,
1398 3310 1496 3375 661661
1512 3305 1691 3376 principium,
1718 3309 1838 3364 ostendi·

146 3391 227 3460 quusi
245 3391 407 3461 petitoriam
429 3391 488 3445 6166
508 3391 740 3461 postulaterinm,
764 3389 839 3460 quod
862 3394 920 3444 tam
945 3389 979 3444 de
1007 3407 1067 3443 mus
1087 3390 1160 3444 enim
1179 3390 1207 3444 in
1226 3396 1336 3445 1166161.
1355 3391 1390 3446 66
1407 3398 1496 3446 morte
1517 3392 1616 3460 6171.
1636 3393 1749 3448 limbum
1762 3395 1838 3450 illum

145 3476 271 3548 sepulcro
298 3492 382 3548 quam
406 3476 441 3532 de
467 3475 575 3531 inferno
599 3476 687 3546 accipi
718 3481 817 3546 potest.
853 3475 880 3543 1)
910 3475 980 3529 Uersa
1006 3493 1065 3530 6666
1084 3486 1113 3531 61
1132 3471 1264 3552 ἄγραφον
1282 3481 1310 3532 61
1329 3475 1514 3553 ἀντίγραφον.
1552 3480 1578 3547 3)
1602 3479 1661 3535 Nec
1684 3487 1740 3552 est,
1764 3483 1839 3553 quod

147 3563 510 3634 866161666666166661161,
530 3581 585 3617 non
605 3568 712 3617 tantum
734 3562 769 3617 de
790 3563 850 3618 loeo
865 3562 979 3616 damna·
1007 3567 1113 3618 metuat
1130 3562 1324 3631 Bellarminus,
1341 3579 1375 3618 ne
1397 3565 1533 3617 articulus
1552 3567 1587 3618 de
1603 3568 1739 3621 descensu
1761 3569 1840 3623 0161-

145 3654 234 3705 terum
253 3650 403 3706 sedetiam
428 3651 464 3707 66
491 3650 632 3705 661611666
658 3649 759 3705 1616161
785 3650 813 3703 16
838 3648 891 3704 666
916 3650 981 3716 6116,
1007 3650 1045 3702 sti
1068 3651 1109 3702 ad
1134 3650 1243 3716 inferos
1268 3667 1329 3702 enm
1353 3650 1474 3705 articulo
1505 3653 1541 3704 de
1567 3652 1715 3722 sepultura
1735 3653 1842 3708 Christi

46 3753 66 3795 t.
87 3750 134 3791 146.
147 3736 181 3791 66
199 3743 320 3794 61116166
339 3737 502 3793 humilitatis
523 3738 626 3810 gradu,
652 3737 687 3791 de
711 3743 786 3792 61616
812 3741 980 3792 mortuorum
1007 3736 1217 3805 confundatur,
1243 3734 1319 3790 aliud
1344 3734 1416 3790 enim
1441 3742 1483 3792 est
1507 3754 1640 3807 quaerere
1658 3739 1840 3796 6666666611

147 3822 296 3895 ingerere
317 3840 351 3879 ae
371 3824 406 3879 66
434 3823 559 3895 66661616
583 3823 680 3895 666161.
716 3822 795 3888 Quod
819 3824 891 3878 enim
918 3822 981 3876 ulti·
1007 3820 1209 3892 significatione
1228 3823 1258 3876 in
1275 3839 1384 3894 perere,
1410 3820 1484 3878 alind
1505 3839 1570 3879 vero
1588 3823 1618 3879 in
1640 3827 1731 3895 specie
1754 3844 1840 3898 ques·

149 3926 221 3964 mam
239 3909 477 3982 significationem,
501 3910 548 3965 eui
565 3910 691 3983 inprimis
711 3909 835 3965 infensus
854 3917 897 3966 661
915 3908 979 3963 Β61-
1007 3924 1080 3971 1616,
1108 3905 1247 3979 quomodo
1268 3908 1337 3963 6666
1363 3925 1415 3964 vox
1442 3910 1471 3964 16
1498 3911 1614 3966 61116616
1642 3911 1677 3966 66
1704 3912 1840 3968 descensu

149 3994 295 4064 larminus,
321 3997 434 4066 attinet,
461 4013 493 4051 66
513 3996 694 4067 sequentibus
713 3995 874 4067 Scripturas
900 3994 981 4050 dietis
1007 3994 1109 4050 Christi
1130 3995 1165 4050 ad
1183 3996 1286 4051 inlesos
1302 3997 1462 4068 accipiatur.
1489 3999 1516 4066 4)
1536 3995 1627 4068 Urget
1647 3999 1840 4071 Bellerminus,

148 4081 303 4138 confirmari
320 4088 420 4153 potest,
448 4082 515 4139 Gen
533 4088 575 4153 41,
596 4100 622 4140 6.
640 4086 686 4139 361
714 4084 869 4138 Β66666116
897 4101 982 4137 canos
1007 4082 1081 4153 quod
1109 4081 1220 4137 Graece
1245 4085 1407 4154 6666166666
1433 4085 1547 4139 dicatur
1570 4081 1660 4159 τάφος
1685 4105 1739 4140 nen
1764 4083 1839 4158 ᾅδης,

148 4185 224 4223 meos
253 4187 315 4224 ram
342 4170 441 4224 dolore
468 4172 508 4224 ad
533 4171 701 4240 repuleram.
742 4170 838 4226 Potest
869 4169 981 4241 quidem
1008 4172 1085 4240 qaod
1118 4171 1149 4223 in
1180 4170 1349 4239 quibusdam
1383 4170 1549 4241 Scripturas
1580 4171 1650 4223 loeis
1685 4168 1753 4242 ᾅδης
1784 4191 1839 4228 nen

149 4263 249 4327 quarta
269 4254 435 4328 significatio
452 4256 488 4310 ad
508 4258 591 4328 hujus
610 4256 678 4311 dicti
698 4256 911 4328 explicationem
939 4272 980 4310 as·
1006 4256 1096 4326 666611
1114 4258 1207 4327 accipi
1219 4275 1278 4327 pro
1295 4258 1434 4327 66661666,
1454 4259 1583 4327 6666666
1602 4256 1761 4325 Stephanae
1778 4260 1840 4313 nal-

148 4343 227 4409 sumi,
257 4343 366 4400 interim
393 4350 486 4398 tamen
512 4348 657 4414 respectus
683 4343 765 4398 etism
796 4342 916 4399 habetur
946 4341 981 4395 ed
1009 4343 1067 4397 laen
1090 4343 1353 4413 invenirepotaerit
1373 4341 1610 4410 auctoremque
1629 4359 1684 4410 pro
1709 4343 1840 4412 66661666

149 4430 284 4500 quintam,
310 4430 377 4501 quia
392 4447 493 4501 eorpus
511 4429 636 4485 defuncti
655 4430 729 4484 senis
748 4445 804 4484 una
822 4446 885 4484 cum
905 4428 982 4482 66616
1004 4431 1133 4499 66666611
1156 4426 1234 4502 ᾅδην.
1279 4430 1334 4484 Sed
1360 4429 1397 4484 ad
1420 4428 1539 4498 primum
1564 4427 1761 4497 respondemus
1791 4446 1840 4500 per

148 4516 276 4587 sepulcro
292 4517 415 4575 infertur.
452 4523 474 4575 1.
493 4516 561 4590 Reg.
583 4524 607 4584 1,
625 4535 651 4570 6.
670 4521 693 4573 6.
712 4515 780 4571 61611
802 4516 837 4570 ad
858 4515 982 4570 6616166-
1008 4516 1215 4582 infieiatienem,
1235 4516 1337 4571 dentur
1356 4516 1428 4571 enim
1448 4517 1475 4568 in
1496 4513 1645 4583 Scripturis
1660 4512 1840 4571 1161611616-

149 4620 212 4659 nem
229 4622 277 4661 rex
297 4604 389 4660 David
405 4605 486 4660 morti
504 4604 645 4677 proximus
664 4603 699 4658 de
719 4601 821 4656 loebe:
850 4601 916 4654 Non
934 4603 981 4655 ele·
1008 4604 1136 4658 stamenti
1154 4604 1293 4673 exempla,
1318 4601 1465 4673 inquibus
1488 4600 1646 4670 sepulerum
1671 4617 1726 4655 non
1752 4601 1839 4658 salum

150 4692 236 4746 daces
253 4691 384 4746 canitiem
405 4690 467 4759 eine
481 4692 605 4761 pacifice
624 4688 763 4745 reteniat.
799 4706 824 4741 6.
844 4693 867 4742 9.
885 4686 920 4741 66
941 4686 982 4741 si·
1009 4686 1098 4763 τάφος
1116 4688 1164 4742 666
1184 4690 1268 4743 ctiam
1288 4685 1356 4758 ᾅδης
1374 4693 1498 4754 6666161,
1523 4694 1553 4739 61
1571 4685 1747 4742 ostendimus.
1788 4686 1843 4743 Ur·

148 4777 217 4834 mei:
248 4777 380 4832 11666666
404 4778 574 4846 6661666166
598 4794 659 4832 cum
681 4775 816 4847 serapnim
842 4772 982 4826 aelselal.
1008 4788 1106 4846 gemus
1133 4772 1308 4830 collationem
1337 4772 1407 4827 Tob.
1430 4778 1470 4836 13,
1489 4791 1513 4826 6.
1535 4776 1580 4829 12:
1613 4774 1652 4826 Et
1680 4781 1844 4828 senectutem
1857 4806 1900 4848 χχ,
1915 4807 1959 4848 1⁴4.

149 4866 189 4921 At
214 4865 278 4937 quis
303 4864 411 4933 credat,
437 4863 574 4919 Davidem
604 4863 687 4918 morti
716 4860 837 4916 vicinum
854 4857 982 4914 hostibus
1009 4860 1071 4930 ejas
1089 4861 1227 4913 dediscam
1244 4878 1305 4914 cam
1326 4860 1423 4914 dolore
1442 4864 1482 4922 ε1ς
1501 4854 1587 4930 ᾅδου,
1613 4874 1663 4930 616
1685 4877 1739 4930 1616
1758 4859 1844 4916 habe-

149 4951 208 5006 suis
225 4957 369 5007 aeternum
387 4949 502 5004 exitium
519 4949 604 5005 fuisse
624 4948 826 5020 lmprecatum‘i
850 4946 916 5019 quin
934 4962 981 5014 po·
1009 4951 1055 5000 tur
1077 4944 1145 5000 Tob.
1165 4951 1190 5011 6,
1209 4963 1235 5003 6.
1257 4951 1302 5002 16:
1334 4948 1374 5000 Et
1400 4947 1538 5001 deducam
1565 4945 1649 4999 eitam
1671 4947 1769 5015 patris
1792 4947 1847 5001 mei

150 5039 205 5094 tius
223 5039 291 5110 agit,
315 5042 346 5092 ut
364 5053 411 5092 rex
432 5035 579 5107 politicus,
604 5039 652 5107 qui
675 5052 709 5092 ex
734 5053 788 5091 usu
813 5031 982 5105 reipublicae
1010 5049 1071 5086 eam
1098 5032 1197 5087 dolore
1226 5038 1265 5096 εὶς
1291 5031 1340 5089 666
1368 5028 1466 5106 τάφον.
1504 5035 1527 5088 1.
1545 5029 1671 5087 1666666.
1699 5035 1724 5100 6,
1747 5047 1773 5088 6,
1797 5037 1843 5091 13;

150 5141 210 5181 esse
227 5123 463 5192 animadvertens,
482 5137 586 5193 magna
605 5121 709 5177 scelera
727 5138 781 5176 nou
798 5136 910 5176 6166616
934 5118 981 5173 im·
1014 5120 1048 5173 Ut
1072 5135 1102 5172 66
1118 5120 1293 5188 permitteret
1317 5123 1359 5174 ad
1378 5120 1536 5187 infernam,
1565 5117 1655 5172 idest
1677 5118 1841 5188 sepulcrum.

150 5212 255 5283 punita,
275 5227 347 5266 6666
366 5209 426 5280 regi
441 5208 490 5263 661
508 5209 669 5263 mandatum
687 5208 722 5264 66
740 5206 905 5278 capitalibus
920 5223 983 5277 sup·
1009 5207 1119 5263 Blasius
1138 5205 1172 5259 de
1190 5205 1282 5278 Vicga
1305 5205 1333 5259 ln
1352 5223 1446 5263 comm
1472 5222 1533 5276 666.
1560 5209 1581 5259 l.
1599 5202 1716 5273 Apocal.
1746 5223 1774 5275 p.
1795 5212 1841 5263 96:

150 5296 243 5368 pliciis
260 5296 422 5352 facinorosis
443 5293 602 5351 inferendis.
637 5293 720 5349 Adde
740 5293 813 5366 qued
831 5292 868 5349 ad
891 5291 982 5364 politi·
1010 5293 1147 5357 Infernas
1166 5292 1536 5364 66666116666666661666,
1557 5288 1663 5344 Psaim.
1675 5291 1734 5358 113,
1754 5310 1777 5347 e.
1792 5295 1843 5346 17:

150 5399 213 5441 eam
229 5385 410 5456 magistratus
424 5381 647 5453 jurisdictionem
667 5397 722 5436 uon
741 5379 879 5452 pertineat
896 5384 983 5437 aeter·
1011 5381 1077 5436 Non
1095 5377 1201 5434 mortni
1215 5378 1373 5433 laedebant
1392 5384 1418 5430 te
1432 5377 1553 5432 Domine
1570 5390 1658 5444 nsque
1672 5392 1773 5447 omnes,
1794 5378 1845 5445 661
