4050 6014
726 340 778 397 Du
796 338 983 398 extenuo
998 338 1160 397 tUD1010.
1757 346 1796 404 et

92 499 180 570 Syrus
195 497 318 553 reddidit
333 513 384 569 per
403 505 547 569 stuporem
573 512 608 550 ac
632 502 787 563 terrorem·
817 493 931 565 quidam
958 494 1043 549 animi
1067 495 1208 550 anxietate
1231 501 1260 551 et
1283 503 1359 553 metu
1381 515 1493 569 prorsus
1519 497 1655 553 immunes
1680 492 1798 559 fauturos,

92 583 130 640 ad
147 583 295 655 sequentia
314 582 441 639 referunt
465 585 496 638 tr
513 584 621 655 ἀπορίᾳ
641 578 763 652 ipsium
780 576 931 649 θαλάσσης,
958 580 987 635 id
1006 580 1082 652 quod
1102 596 1135 635 ex
1155 581 1247 636 musis
1266 583 1474 652 procatarcticis
1493 584 1618 655 ejusdem
1632 580 1727 654 colligi
1737 587 1798 652 pot·

93 677 126 726 ut
143 669 181 725 ait
201 685 300 724 seusus
323 685 391 740 prae
413 670 610 738 desperatione
635 673 785 722 resonante
808 667 884 719 mari
907 672 932 719 et
958 671 1008 720 est.
1043 666 1152 721 Οιιιιιιι
1178 667 1250 722 enim
1273 676 1355 723 erunt
1378 673 1403 735 1)
1428 670 1490 723 irae
1515 670 1630 723 divinae
1654 667 1797 736 seueritas,

88 758 180 827 fluctu
202 764 229 809 et
253 755 445 810 arescentibus
467 754 639 817 hominibus,
665 769 721 824 qua
750 751 858 806 radone
883 767 933 820 per
958 767 1042 822 quam
1060 751 1239 807 horribilibus
1257 752 1312 808 illis
1331 754 1615 824 signisnovissimum
1628 754 1703 810 diem
1717 768 1797 825 prae

94 841 236 913 quamdam
261 839 489 911 prosopopoeiam
517 837 625 913 ἀπορία
653 838 723 893 mari
753 832 1100 965 tribuereturgcessuris·
1101 838 1190 909 magis
1216 838 1362 910 magisque
1390 840 1529 910 patefecit.
1565 838 1689 911 Sapient.
1718 845 1742 908 5,
1769 855 1796 892 ι,

94 927 150 985 Sed
170 933 295 999 praestat
313 926 416 981 referre
436 925 472 980 ad
492 924 699 994 praecedentia,
723 941 757 980 ex
783 923 832 978 illa
859 939 932 977 euim
961 927 1006 979 ¹8:
1026 922 1158 992 Accipiet
1176 933 1353 980 armaturam
1370 927 1446 980 selas
1465 927 1528 995 cias
1545 935 1570 980 et
1583 927 1704 983 armabit
1715 942 1795 980 crea·

95 1016 215 1089 συιοχῇ,
243 1029 300 1083 qua
318 1012 442 1067 homines
461 1017 526 1066 ante
547 1011 728 1065 novissimum
746 1009 819 1064 diem
837 1007 932 1078 oppri·
957 1015 1052 1062 taram
1069 1011 1110 1062 ad
1125 1010 1289 1064 altionem
1276 1012 1461 1066 inimicorum
1487 1011 1566 1068 Rom
1588 1018 1609 1078 1,
1628 1029 1654 1068 v.
1675 1015 1719 1068 18:
1736 1012 1795 1066 Re·

93 1105 211 1168 mentur,
228 1099 333 1154 orietur
351 1096 466 1173 ἀπορία,
485 1105 518 1152 ιιι
537 1097 676 1165 nesciant,
701 1113 757 1168 quo
777 1098 931 1149 revertere
956 1093 1105 1147 relatam
1092 1113 1140 1149 era
1169 1097 1229 1150 Dei
1254 1099 1290 1150 de
1318 1099 1396 1153 coelo
1424 1114 1511 1167 saper
1537 1099 1708 1168 impietatem
1743 1101 1816 1155 ιιι.ὁ

93 1185 200 1284 quidve
214 1200 298 1255 agere
318 1182 446 1239 debeant.
481 1181 655 1254 Ἀποψύχειν
672 1181 784 1252 proprie
802 1184 845 1233 est
865 1195 930 1231 ena·
957 1181 984 1245 2)
1006 1180 1128 1235 Diaboli
1143 1183 1273 1249 tyrannis
1296 1199 1332 1235 ac
1355 1183 1520 1240 madelitas
1554 1184 1582 1238 Is
1610 1185 1698 1251 enim,
1728 1186 1796 1256 quia

92 1271 206 1335 aimari,
225 1286 258 1324 ac
275 1269 361 1324 semel
378 1269 515 1324 tantum
507 1287 536 1323 ιιι
556 1274 617 1323 tota
635 1267 782 1338 Scriptum
801 1264 932 1320 hocloco
957 1266 1042 1332 novit,
1060 1267 1214 1336 pauxillum
1231 1269 1365 1337 temporis
1384 1268 1437 1323 sibi
1457 1269 1549 1325 adhuc
1570 1276 1683 1338 restare,
1702 1273 1795 1328 omnia

92 1348 251 1427 usurpatur,
274 1362 307 1410 ut
326 1355 476 1426 peculiaris
496 1354 622 1409 anxietas
639 1351 819 1424 significetur.
855 1350 932 1403 Thu·
957 1349 986 1404 in
1004 1352 1108 1407 mundo
1124 1353 1291 1408 conturbare
1310 1354 1417 1408 ocima
1435 1355 1549 1408 summis
1568 1357 1734 1426 permiscere
1746 1376 1795 1414 au·

93 1442 209 1513 tydides
227 1441 290 1497 libr.
310 1447 332 1497 1.
350 1440 444 1495 histor.
465 1456 488 1495 c
505 1445 560 1496 134.
579 1438 615 1493 de
626 1438 780 1497 Pausania:
802 1442 849 1493 nal
864 1443 931 1513 pel·
957 1437 1061 1491 nitetur
1087 1437 1203 1508 Apocal.
1226 1443 1265 1505 12,
1285 1456 1311 1495 ι.
1332 1445 1372 1496 12.
1398 1440 1530 1496 excitabit
1555 1441 1708 1498 horrendas
1733 1462 1794 1516 per-

93 1533 192 1591 ιιιτις
211 1527 301 1584 αὐτοῦ
321 1524 494 1598 inscriptis,
513 1543 576 1580 cam
590 1530 821 1595 properassent
836 1523 930 1578 esam-
958 1523 1122 1593 secutiones,
1141 1523 1276 1580 bellorum
1296 1527 1440 1594 tumultus,
1466 1526 1531 1582 odia
1548 1526 1658 1597 privata
1677 1535 1730 1584 ιιι.
1767 1534 1794 1599 3)

93 1621 236 1679 marstnr;
263 1611 413 1685 Sophocles
434 1611 463 1665 in
483 1613 584 1683 Ajace:
611 1610 737 1683 ἀπέψυξε
756 1617 828 1681 βίον,
849 1610 931 1678 ιίιια·
959 1611 1094 1663 Estrema
1110 1610 1250 1664 bominum
1268 1612 1413 1680 impietas,
1436 1612 1502 1683 quia
1519 1614 1674 1668 abundabit
1691 1615 1795 1685 iniqui·

92 1703 132 1756 rit
150 1701 283 1756 animam
320 1697 406 1770 Syrus
423 1715 557 1771 perquam
576 1698 741 1769 emphatice:
769 1698 809 1750 Et
827 1704 932 1750 tremor
957 1703 1011 1763 tas,
1035 1697 1202 1764 refripescet
1219 1712 1285 1750 uero
1309 1697 1417 1751 caritas
1444 1697 1544 1753 Matth.
1564 1703 1607 1764 24,
1625 1717 1652 1754 ι.
1673 1704 1713 1757 12.
1739 1720 1794 1756 non

93 1788 245 1842 ιιιιτιάιιιι
268 1786 378 1839 animas
399 1785 524 1847 filioram
546 1784 668 1838 bominis
689 1799 765 1854 prae
788 1789 862 1836 man
880 1789 932 1836 stc.
958 1782 1011 1834 erit
1029 1781 1143 1846 ceritas,
1161 1798 1219 1836 non
1237 1782 1446 1849 misericordia,
1464 1801 1519 1838 non
1533 1785 1651 1840 scientia
1665 1787 1695 1839 in
1710 1789 1795 1842 terris

92 1871 191 1927 Potest
207 1871 294 1926 etiam
311 1887 443 1942 pressura
458 1873 490 1927 ts
505 1868 623 1943 ἀπορίᾳ,
646 1872 677 1924 in
696 1870 871 1924 dubitatione
887 1870 932 1923 cel
958 1867 1047 1922 Oseae
1065 1874 1089 1936 4,
1108 1884 1134 1923 ι.
1154 1872 1178 1923 2.
1206 1876 1287 1921 erant
1319 1869 1452 1923 illusores
1480 1870 1617 1936 dicentes,
1646 1872 1697 1925 abi
1722 1891 1795 1928 nunc

93 1959 299 2027 &pastione
326 1957 366 2011 sic
385 1956 489 2028 accipi:
517 1958 573 2011 erit
587 1974 728 2028 pressura
744 1956 864 2010 manime
882 1971 931 2008 an·
955 1953 1108 2022 promissio
1126 1955 1285 2008 moestas!
1315 1960 1337 2010 2.
1355 1954 1431 2011 Petr.
1451 1960 1475 2024 ι,
1492 1973 1519 2010 ι.
1538 1964 1562 2015 4.
1582 1963 1634 2012 ιιι.
1670 1958 1703 2012 In
1721 1959 1795 2015 hanc

93 2053 193 2112 pasta,
216 2043 287 2099 adeo
303 2048 336 2098 ut
360 2043 397 2097 ad
421 2043 642 2114 desperationem
666 2041 865 2114 propemodum
891 2040 931 2094 in·
959 2038 1132 2108 deploratam
1150 2040 1245 2094 mundi
1275 2041 1484 2110 perversitatem
1506 2047 1534 2097 et
1557 2043 1685 2113 supinam
1708 2045 1794 2101 homi·

94 2129 187 2194 ducat,
202 2131 286 2200 juxta
305 2145 440 2183 canonem
459 2127 592 2185 Hebraici
609 2128 753 2183 idiotismi:
775 2128 931 2181 Substanti-
958 2140 1025 2177 num
1045 2125 1221 2179 securitatem
1239 2125 1279 2196 pii
1299 2125 1420 2180 nmmum
1445 2143 1525 2182 suum
1550 2127 1716 2200 defigentes,
1740 2149 1795 2187 non

1808 1071 1927 1117 XlU'iS·

92 2232 157 2269 eum
181 2223 250 2286 post
272 2212 515 2283 praepositionem
543 2231 628 2283 saepe
652 2215 772 2284 ponaer
798 2230 854 2282 pro
881 2215 932 2266 ad·
958 2216 1089 2280 poterunt
1108 2227 1164 2264 nou
1181 2225 1349 2282 magnopere
1370 2214 1536 2269 commoveri
1556 2214 1684 2281 scientes,
1707 2214 1795 2293 papei-

88 2300 202 2371 jeetiuo.
238 2299 342 2355 Sensus
362 2300 523 2372 igiturest,
542 2303 617 2372 quod
635 2301 760 2355 homiues
778 2315 867 2369 paene
886 2315 933 2353 ex·
960 2302 1016 2351 lar
1037 2293 1218 2371 ἀδικημάτων
1238 2294 1364 2372 μεγάλας
1388 2299 1460 2353 εῖναι
1478 2306 1621 2375 τιμωρίας.
1659 2301 1738 2357 Sicut
1762 2303 1797 2357 de

94 2385 237 2441 sumana
256 2387 314 2441 sint
330 2403 399 2457 prae
417 2395 490 2441 metu
507 2386 651 2456 malorum,
670 2401 744 2457 quae
761 2384 822 2441 orbi
839 2401 933 2455 super·
960 2380 1109 2436 Sodomitis
1128 2380 1244 2447 dicitur,
1268 2386 1347 2452 qaod
1364 2385 1477 2453 justam
1496 2387 1620 2440 animam
1640 2389 1725 2442 Lotbi
1742 2389 1796 2442 ini·

93 2477 212 2528 ventura
227 2479 317 2529 ιιιιιιι
344 2473 388 2527 Ad
407 2472 480 2528 hanc
496 2470 627 2545 συνοχὴν,
650 2471 776 2544 ἀπορίαι
792 2476 840 2527 sal
862 2467 933 2527 ἅιιό-
961 2470 1024 2537 quis
1040 2469 1099 2521 wie
1119 2468 1250 2537 operibus
1267 2470 1454 2524 cnsciauerint
1480 2475 1505 2526 2.
1522 2471 1598 2527 Ριιι.
1620 2477 1645 2542 2,
1662 2491 1688 2528 ι.
1708 2479 1733 2530 8.
1769 2477 1796 2542 ι)

94 2562 180 2627 moise
202 2558 301 2613 referri
324 2557 408 2613 etiam
434 2562 540 2629 potest,
564 2557 639 2629 quod
663 2557 739 2628 apud
761 2556 933 2613 Matthasasn
961 2554 1123 2608 Poenarum
1149 2555 1342 2623 conperisset
1371 2556 1517 2626 multiplea
1543 2559 1709 2628 calamitas,
1741 2578 1797 2632 qua

93 2660 119 2699 e.
139 2648 183 2710 24,
196 2661 223 2697 ι.
241 2650 282 2700 30.
302 2643 424 2710 additur,
450 2652 477 2698 et
497 2652 562 2698 tnnc
578 2645 716 2713 pionpant
733 2660 828 2698 omnes
842 2645 934 2698 tribus
959 2641 1106 2695 universus
1121 2639 1195 2694 orbis
1215 2649 1363 2711 premetur.
1385 2640 1608 2698 cumulabuntur
1629 2645 1702 2700 euim
1721 2648 1795 2701 mala

94 2738 203 2798 terrae,
228 2730 295 2801 quia
313 2731 443 2801 planctus
467 2731 515 2786 ille
535 2749 591 2787 non
609 2736 718 2787 mutum
742 2730 935 2800 complectitur
959 2732 1020 2781 tum
1040 2726 1173 2798 publica,
1197 2733 1229 2782 ut
1254 2727 1474 2798 persecutiones,
1500 2728 1621 2800 proelia,
1648 2732 1797 2799 tumultum

93 2815 256 2871 horribilem
279 2815 358 2871 illum
382 2817 521 2886 ploratum
545 2817 708 2888 impiorum,
735 2816 782 2888 qui
807 2817 844 2870 ad
869 2831 934 2870 con·
959 2819 1018 2867 tum
1034 2813 1158 2884 privata,
1176 2828 1265 2883 saque
1278 2818 1336 2867 tam
1351 2813 1498 2882 interiora,
1518 2819 1552 2870 ut
1568 2832 1686 2888 angores
1700 2817 1795 2882 animi,

95 2907 222 2973 spectum
239 2900 342 2956 Christi
360 2901 465 2973 judicis
483 2903 513 2956 in
537 2903 583 2957 die
609 2903 758 2957 novissimo
781 2903 822 2956 ita
848 2901 933 2970 trepi-
959 2912 1088 2969 pavores,
1116 2897 1215 2952 anxias
1241 2897 1430 2955 solicitudinee
1453 2905 1506 2955 etc.
1535 2918 1619 2974 quam
1646 2904 1796 2971 celerima,

72 2986 212 3056 dabunt,
234 2992 267 3042 ut
282 3004 316 3043 ex
334 2987 486 3044 terroribus
498 2987 554 3042 illis
565 3004 596 3042 se
606 2987 769 3058 recolligere
782 2992 932 3059 nequeant,
959 2989 992 3037 ut
1013 2985 1164 3054 conjugum
1190 2983 1319 3052 dissidia,
1349 2982 1498 3040 liberorum
1527 2991 1557 3041 ιι
1584 2987 1795 3044 domesticorum

95 3072 440 3144 deqquachar.12,r.
462 3078 500 3130 11.
535 3073 653 3145 Apocal.
677 3081 701 3143 1,
716 3092 743 3129 ι.
764 3080 789 3130 l.
821 3089 844 3129 c.
863 3079 889 3141 6,
906 3089 933 3126 ι.
959 3069 1157 3135 inobedientia,
1182 3068 1329 3144 ἀστοργία,
1346 3069 1471 3141 perfidia,
1496 3072 1618 3128 omnium
1636 3089 1728 3129 rerum
1749 3092 1795 3147 pe-

97 3166 136 3215 t'l.
166 3158 218 3213 sed
243 3157 326 3214 etism
352 3159 460 3213 tristem
483 3165 512 3214 et
529 3160 679 3227 ancipitem
704 3160 781 3214 illam
798 3159 932 3214 malorum
959 3157 1051 3223 narica
1080 3155 1240 3211 turbabitur
1259 3162 1348 3211 status
1365 3158 1571 3214 ecclesiasticus
1595 3176 1645 3231 per
1668 3161 1796 3217 haereses

94 3243 338 3316 exspectationem,
357 3261 429 3314 quae
450 3245 510 3299 orbi
530 3255 731 3315 superventura
751 3261 811 3300 esse
824 3262 857 3300 ex
871 3244 933 3299 hor·
960 3249 988 3298 et
1005 3241 1163 3310 schismata,
1180 3259 1231 3312 per
1249 3248 1419 3299 contemtum
1438 3244 1582 3300 ministerii
1597 3263 1631 3301 ac
1644 3247 1729 3317 verbi,
1748 3265 1799 3318 per

94 3328 224 3384 ribilibus
242 3329 296 3384 illis
314 3329 402 3401 signis
416 3330 694 3402 hominescolligsut,
713 3331 754 3385 sic
768 3331 841 3385 enim
855 3330 932 3399 apud
960 3327 1160 3400 negligentiam
1195 3328 1329 3384 ecclesiae
1357 3329 1500 3385 doctorum
1527 3337 1556 3387 ιι
1583 3332 1799 3388 inobedientiam

94 3414 270 3472 munaum
290 3416 377 3471 verba
394 3417 568 3472 ordinantur:
589 3419 628 3470 Et
647 3425 712 3470 tanc
731 3417 882 3486 apparebit
897 3416 935 3468 si·
961 3415 1133 3482 auditorum3
1163 3420 1251 3469 status
1269 3414 1399 3485 politicus
1417 3432 1468 3485 per
1488 3416 1638 3473 seditiones
1661 3424 1690 3473 ιι
1714 3418 1798 3489 bella,

95 3520 181 3574 psam
196 3503 271 3556 Filii
286 3503 407 3557 bominis
420 3505 450 3556 in
463 3504 548 3568 coelo,
568 3512 594 3557 et
608 3511 674 3556 tanc
687 3503 828 3572 planpent
840 3519 934 3556 omnes
960 3518 1010 3571 per
1026 3505 1196 3555 contemtum
1213 3501 1408 3571 magistratus,
1431 3518 1481 3573 per
1498 3503 1610 3573 rapinas
1634 3520 1668 3559 ac
1686 3503 1799 3561 fraudes

95 3588 188 3643 tribus
204 3596 298 3642 terrae
315 3598 343 3642 et
358 3590 488 3642 sidebant
506 3589 614 3643 liliam
636 3589 758 3642 bominis
783 3588 935 3642 uenientem
961 3586 1101 3657 publicam
1128 3590 1218 3641 status
1239 3586 1431 3641 oeconomicus
1456 3603 1509 3657 per
1527 3588 1566 3642 rei
1583 3588 1729 3645 familiaris
1748 3591 1801 3645 dif-

95 3683 146 3730 ets.
174 3675 301 3745 quamvis
327 3675 441 3746 quidam
465 3676 689 3746 conjunctionem
714 3682 763 3730 καί
786 3674 936 3729 causaliter
961 3672 1107 3736 ficultates‚
1125 3688 1174 3742 per
1185 3678 1354 3726 contemtum
1368 3678 1523 3743 parentum,
1543 3690 1594 3744 per
1604 3674 1802 3748 negligentiam

96 3768 246 3833 exponant,
270 3762 418 3832 planpent,
442 3762 510 3832 pata
527 3762 658 3815 videbant
677 3761 786 3815 Filiam
807 3760 936 3817 bominis.
963 3759 992 3813 iu
1011 3758 1163 3813 domestica
1180 3757 1344 3814 educatione
1362 3764 1413 3813 etc.

95 3845 223 3904 Verbum
241 3845 381 3919 κόψονται
398 3847 519 3918 ingentis
539 3848 641 3901 doloris
655 3852 684 3902 ιι
695 3847 839 3919 plangoris
852 3846 937 3917 signi·
1000 3849 1056 3901 103.
1094 3850 1118 3900 3.
1144 3843 1190 3900 De
1207 3843 1293 3914 siguis
1313 3845 1395 3909 infra
1412 3862 1463 3900 nos
1482 3846 1511 3900 in
1529 3848 1665 3902 creaturis
1680 3848 1801 3904 elemen-
1813 3862 1834 3907 a.
1850 3862 1913 3904 rnna

93 3933 255 3989 ficationem
275 3934 374 4002 habet,
399 3950 497 3989 senatis
524 3933 597 3988 enim
623 3938 682 4002 est,
711 3933 785 4003 quod
811 3932 937 3988 homines
963 3930 1071 3986 taribus
1090 3929 1206 3987 diciturt
1226 3932 1294 3984 licit
1312 3932 1420 3985 condas
1432 3932 1560 3985 mariset
1573 3934 1711 4002 fluctuum
1729 3934 1800 3991 Luc.
1848 3924 1897 3956 ¹¹⁰³·

95 4025 178 4076 tanto
197 4019 292 4075 dolore
308 4018 449 4074 afficiendi
467 4020 533 4088 sint,
548 4027 579 4073 at
592 4020 745 4089 pionpant,
765 4018 793 4073 id
812 4025 854 4074 est
872 4018 937 4089 ipsi·
964 4023 1006 4083 21,
1020 4033 1044 4069 ι.
1060 4021 1099 4072 25.
1128 4009 1216 4088 Ἠχος
1235 4016 1346 4087 proprie
1366 4023 1409 4071 est
1425 4019 1534 4072 sonitem
1550 4035 1731 4089 repercussas
1743 4021 1802 4075 eive

95 4110 157 4160 met
172 4121 233 4160 sese
252 4111 281 4160 et
295 4108 410 4169 femora
426 4123 479 4159 sna
488 4105 613 4174 seriam,
631 4105 707 4175 quod
724 4105 754 4159 in
772 4105 937 4176 merissime
964 4118 1109 4172 resonaus3
1129 4101 1248 4173 proinde
1270 4096 1339 4174 ἦχος
1358 4100 1501 4173 θαλάσσης
1517 4109 1564 4159 καὶ
1583 4102 1672 4160 sciton
1692 4105 1800 4163 eritso·

94 4193 177 4248 luctu
196 4192 272 4262 apud
287 4191 410 4247 ludaeos
436 4189 495 4245 fieri
522 4189 630 4244 solebat
656 4189 761 4246 Jerem.
791 4195 833 4260 31,
852 4207 876 4244 ι,
897 4195 936 4246 19.
966 4208 1018 4245 nus
1049 4207 1082 4246 ex
1108 4189 1290 4245 commotione
1317 4195 1345 4245 et
1371 4190 1580 4260 repercussione
1607 4190 1742 4246 fluctuum
1772 4193 1801 4245 in

94 4276 219 4339 κοπετός
235 4278 338 4332 dicitur
352 4277 485 4347 planctae
511 4277 540 4330 in
558 4275 656 4329 sunere
679 4275 814 4346 Stephani
841 4275 937 4330 Actor.
964 4280 1129 4346 tempestate
1158 4283 1186 4329 et
1213 4281 1358 4329 ventorum
1383 4275 1511 4345 procellis
1544 4281 1661 4331 exortus.
1709 4271 1803 4338 Σάιος

94 4368 123 4434 8,
143 4381 169 4420 ι.
188 4369 213 4418 2.
249 4355 338 4434 Syru‘s
359 4362 446 4416 utitur
462 4361 546 4417 verbo
566 4363 639 4434 7123,
658 4362 781 4416 subsiliat
802 4379 870 4433 prae
889 4362 937 4416 do·
964 4362 1079 4417 Graecis
1100 4363 1211 4432 proprie
1230 4367 1273 4414 ast
1291 4376 1340 4415 ora
1358 4360 1456 4429 maris,
1483 4360 1512 4413 iu
1532 4377 1589 4430 qua
1616 4367 1692 4415 stant
1717 4378 1802 4417 naves

93 4449 158 4504 lore
177 4457 206 4504 ιι
222 4448 370 4518 moestitia,
388 4465 452 4502 nam
472 4447 590 4519 pedibus
601 4455 706 4503 terram
722 4453 866 4519 percutere
879 4451 935 4502 vim
963 4447 1000 4502 ad
1016 4463 1140 4515 ancoras,
1159 4463 1232 4517 quae
1250 4446 1286 4500 ad
1304 4446 1382 4500 littus
1398 4446 1530 4501 accedere
1544 4461 1600 4500 non
1618 4454 1742 4517 possunt,
1762 4447 1799 4503 ab

93 4534 202 4592 doloris
220 4533 366 4606 significat
400 4534 539 4589 Homerus
559 4534 660 4604 Odyss.
679 4551 703 4588 σ.
723 4533 759 4587 de
776 4533 836 4588 Iro:
857 4534 936 4589 Com·
962 4531 1019 4602 aa,
1040 4549 1125 4595 mare,
1143 4533 1209 4588 inde
1225 4531 1391 4586 Latinorum
1407 4532 1507 4601 salam
1526 4532 1610 4603 quod,¹
1622 4548 1677 4588 non
1692 4539 1800 4589 tanturn

87 4621 202 4694 pressit
219 4628 312 4675 ιιιιιι
332 4622 429 4674 dentes
454 4623 587 4685 λακτίζων
604 4624 674 4675 ποσὶ
691 4626 790 4688 γαῖαν,
813 4620 936 4688 pedibus
962 4624 1113 4689 usurpatur
1124 4635 1174 4689 pro
1189 4617 1324 4687 subjecto,
1342 4616 1473 4672 videlicet
1486 4616 1547 4687 ipso
1559 4618 1637 4688 mari,
1656 4619 1799 4675 sedetiam

92 4716 207 4762 unam
225 4705 406 4760 calcitrando
418 4705 547 4774 pulsans.
584 4705 748 4760 Ambrosius
766 4704 828 4759 libr.
849 4710 887 4759 10.
907 4704 936 4758 in
961 4722 1012 4776 pro
1031 4705 1172 4775 adjuncto,
1193 4703 1323 4759 videlicet
1339 4720 1389 4774 pro
1407 4711 1569 4774 tempestate
1583 4707 1680 4777 maris,
1698 4707 1726 4762 in
1741 4724 1797 4779 qua

93 4793 168 4849 Luc.
186 4808 214 4862 p.
235 4797 292 4847 151.
320 4789 394 4844 hunc
417 4789 575 4845 interiorem
598 4790 721 4846 dolorem
746 4795 775 4844 ct
792 4789 935 4860 planctum
962 4790 1063 4845 fluctus
1081 4806 1098 4844 a
1117 4789 1246 4861 procellis
1264 4794 1409 4844 ventorum
1427 4790 1526 4861 agitati
1541 4791 1661 4847 allidunt
1676 4793 1797 4861 scopulis

92 4877 260 4935 exteriorem
280 4877 309 4931 in
328 4876 422 4946 impiis
442 4876 577 4931 duntaxat
594 4876 688 4931 locum
706 4875 866 4931 habiturum
886 4892 935 4930 ex·
962 4894 996 4932 ac
1016 4877 1115 4944 littori,
1137 4876 1212 4931 unde
1230 4875 1299 4930 illud
1318 4875 1437 4930 Poetae:

91 4961 210 5020 intimat.
251 4961 341 5031 Varii,
360 4961 460 5032 inquit,
480 4964 639 5016 animosam
655 4971 749 5017 aestas
773 4963 816 5015 ita
836 4981 937 5032 praees
1129 4997 1188 5051 Per
1207 5014 1241 5051 w
1260 4997 1354 5050 undas
1371 5014 1406 5050 m
1426 5005 1524 5050 mm
1542 4997 1606 5053 3430

92 5056 195 5118 mat,
217 5057 251 5103 nt
267 5049 434 5104 delictorum
451 5049 629 5102 ιιιιιιιίιιιιιιιιι
646 5049 720 5103 male
743 5049 863 5103 consciis
883 5051 936 5117 sn·
1189 5015 1206 5067 q
1403 5014 1424 5067 Ρ
1608 5037 1615 5050 ’

91 5135 159 5192 turi
169 5135 283 5205 judicii
297 5142 372 5188 meta
390 5135 469 5188 sacri
481 5135 512 5187 in
525 5135 683 5188 bominibus
701 5136 794 5202 sontis
806 5153 855 5191 ros
870 5153 933 5190 are·
961 5132 1106 5203 Euripides
1125 5132 1154 5186 iu
1173 5130 1322 5203 Iphigenia
1339 5132 1423 5188 Taur.
1442 5132 1477 5187 de
1497 5139 1588 5188 terrae
1612 5136 1689 5187 motu
1718 5150 1800 5188 usur·

91 5229 176 5286 scat,
196 5228 259 5275 aret
278 5219 351 5274 enim
365 5220 501 5290 perfidia,
522 5221 614 5274 oirtns
632 5228 722 5277 rorat.
757 5220 936 5276 Ambrosium
963 5219 1048 5291 pavit,

90 5308 152 5365 uso
173 5306 204 5362 in
226 5311 306 5377 parte
332 5308 460 5378 sequitur
476 5306 619 5361 Bartscius
635 5305 737 5361 domin.
756 5305 793 5361 11.
814 5307 935 5362 Adveut.
1206 5353 1213 5371 ,
1329 5361 1341 5374 ,
1471 5355 1491 5374 .,
1585 5353 1591 5371 ,

89 5413 124 5469 p.
145 5398 187 5449 ιι.
214 5396 244 5448 a
259 5391 414 5447 sennan
448 5391 554 5446 rexnr
578 5390 777 5458 canusinus,
802 5393 852 5447 aa
878 5391 936 5455 ιιι,
1117 5358 1641 5428 ’11010111ίωωσέωιιιισιιιι

88 5482 171 5537 inter
188 5494 259 5550 quos
279 5476 416 5534 familiam
440 5477 518 5533 ducit
538 5484 632 5533 noster
648 5475 788 5532 liutherus
814 5476 844 5532 in
864 5484 935 5548 post.
960 5477 1072 5532 telluris
1095 5483 1188 5530 autem
1221 5478 1310 5531 dorsa
1334 5477 1426 5541 faisse
1455 5484 1591 5547 pnassma
1618 5485 1708 5544 mota,
1735 5476 1802 5548 quia

89 5566 231 5630 domest..
253 5562 358 5621 metius
373 5567 517 5631 statuunt,
544 5578 581 5620 ιιι
598 5562 659 5634 pios
683 5561 796 5633 quidem
820 5563 856 5617 ab
881 5561 934 5618 hac
959 5567 1024 5634 post
1041 5568 1132 5619 terrae
1153 5567 1243 5617 motas
1262 5562 1341 5633 sequi
1361 5562 1452 5617 solent
1468 5568 1649 5634 tempestates
1673 5562 1702 5618 in
1722 5564 1805 5620 muri.

147 5658 263 5702 aarum
278 5661 323 5702 rost
359 5658 397 5702 rx.
1586 5652 1601 5704 't
