4050 6014
680 216 918 281 6616166116
935 214 1008 279 SEU
1024 214 1156 279 Maure
1172 214 1362 278 amnuit
1808 226 1870 288 22³

169 378 303 450 justitiae
323 377 493 435 conditione.
528 383 552 435 1.
573 377 671 434 Thess.
692 383 715 446 1,
736 395 764 436 r.
782 385 813 439 b:
831 380 946 434 Juetum
969 385 1009 434 ert
1036 377 1077 434 illi
1099 374 1358 434 resuscitabuntur?
1387 375 1464 432 nullo
1489 381 1564 433 certe
1583 374 1654 447 elio,
1682 392 1764 448 qnam
1791 377 1873 432 utin

174 467 256 535 opud
274 468 367 520 Deum
386 465 540 520 retribuere
560 465 771 520 tribulationem
788 466 859 535 illis,
881 467 931 536 pui
942 467 1010 536 pios
1035 465 1197 537 corporibus
1213 465 1271 519 suis
1292 462 1401 518 debitas
1418 463 1588 536 flagitiorum
1606 480 1718 519 suorum
1747 479 1798 534 per
1815 480 1874 518 cor·

175 552 205 605 in
228 553 283 606 bae
305 553 363 606 rito
390 553 533 622 afflipunt.
569 550 684 607 lustitia
709 550 806 606 divine
825 552 953 625 requirit,
978 559 1012 607 nt
1035 568 1104 625 pora
1129 557 1269 624 gestorum
1298 549 1455 621 percipiant
1481 567 1593 621 poenas.
1628 550 1701 605 Dan.
1732 554 1771 619 11,
1799 567 1825 604 v.
1845 553 1873 604 t:

173 638 253 709 impii
270 637 377 693 debitas
397 638 530 693 scelerum
547 654 659 692 suorum
673 639 832 709 persolvant
847 654 958 709 poenas,
979 639 1009 691 id
1022 624 1024 653 ²
1037 640 1195 708 llesssrpent
1213 640 1255 691 ad
1273 638 1456 707 opprobrium
1475 646 1626 691 aeternam.
1653 636 1716 692 doh.
1737 643 1761 700 5,
1781 652 1807 690 v.
1826 640 1872 692 29:

175 742 237 780 cum
257 741 313 778 non
329 740 436 794 semper
452 723 503 777 liat
522 724 551 779 in
565 724 618 778 hac
633 724 702 793 rita,
721 725 873 781 certissima
885 725 1009 779 futurum
1023 747 1025 782 1
1039 727 1196 780 Prodibunt
1215 725 1257 777 ad
1273 724 1506 778 resurrectionem
1523 724 1629 791 iudicii
1647 724 1706 778 sire
1721 722 1873 778 damnatio·

175 811 262 866 estin
280 810 451 866 6116611616.
473 808 517 864 De
534 809 1087 882 DionysioSyracusanoValarius⁵nia
1123 812 1213 882 Apoc.
1232 816 1273 881 26,
1292 827 1316 868 v.
1337 815 1381 865 1³:
1412 812 1496 864 Mors
1525 818 1551 864 et
1575 810 1706 873 infernus
1734 811 1875 863 dederunt

48 896 312 961 iunctissimus
339 896 384 952 lib.
414 903 434 952 1.
462 896 609 953 memorab.
635 914 696 967 cap.
717 905 740 952 2.
764 904 913 968 memorat,
935 901 1011 968 quod
1037 906 1160 952 mortuos
1180 915 1253 966 suos,
1273 897 1323 966 pai
1338 898 1369 950 in
1390 896 1462 965 ipsis
1480 905 1571 962 eram,
1589 913 1613 953 r.
1635 897 1675 952 14.
1698 904 1724 948 61
1742 895 1874 961 infernus

176 983 271 1037 debita
288 983 480 1053 improbitatis
503 1001 571 1037 6666
592 985 735 1053 supplicia
760 1003 815 1039 non
834 984 1011 1053 persolverit,
1037 993 1063 1038 et
1082 1002 1159 1039 more
1179 985 1260 1038 missi
1278 990 1342 1037 eunt
1361 984 1392 1037 in
1408 991 1539 1053 stapnuns
1559 984 1642 1053 16616.
1680 990 1703 1040 8.
1724 984 1769 1036 Ab
1786 990 1873 1036 estre·

172 1071 278 1142 utique
293 1086 359 1142 ergo
383 1071 411 1125 16
436 1069 529 1124 tuturo
553 1069 646 1125 seculo
668 1070 766 1125 eadem
790 1071 881 1126 adhuc
908 1071 1009 1142 persol-
1039 1071 1078 1125 mi
1102 1071 1213 1141 judieii
1243 1070 1499 1126 administratione.
1545 1069 1688 1124 indiciam
1721 1075 1875 1124 exuemum

174 1157 266 1211 venda
282 1163 395 1212 restant
422 1155 525 1211 066161
543 1172 587 1221 ea,
606 1172 678 1227 qnae
696 1156 816 1211 diximus
835 1157 864 1211 in
874 1164 953 1214 tract
974 1157 1009 1210 de
1037 1158 1099 1212 ideo
1117 1157 1287 1223 instituetur,
1305 1164 1338 1212 ut
1356 1157 1409 1229 piis
1424 1163 1539 1212 aeterna
1555 1157 1687 1228 praemia,
1706 1155 1797 1225 impiis
1810 1172 1874 1210 vero

173 1249 295 1299 extremo
309 1243 417 1314 jndicio
437 1246 459 1307 §-
481 1248 521 1298 16.
558 1248 581 1298 2.
610 1243 637 1294 A
663 1245 734 1313 lepis
754 1245 868 1298 diuinae
891 1245 1009 1298 maledi·
1037 1249 1149 1299 aeterna
1180 1244 1376 1315 adjudicentur
1404 1244 1556 1316 supplicia,
1599 1243 1665 1298 inde
1696 1241 1875 1313 descriptioni

173 1331 271 1385 ctione.
308 1328 467 1384 Maledictio
492 1328 554 1398 ille,
583 1346 666 1400 quam
691 1330 735 1385 lex
760 1329 1009 1401 transgressoribus
1036 1346 1181 1401 processus
1195 1329 1341 1400 judicialis
1359 1330 1471 1385 additur
1489 1331 1559 1386 haec
1578 1328 1717 1384 clausula:
1742 1328 1828 1382 Ibunt
1844 1329 1876 1382 bi

173 1417 294 1472 minatur
315 1416 395 1471 Dent.
415 1421 498 1486 166.
515 1421 556 1471 26.
574 1434 630 1471 666
643 1422 751 1471 tantum
766 1417 940 1487 temporales,
960 1416 1009 1471 sed
1036 1417 1067 1469 in
1083 1416 1252 1487 supplicium
1270 1425 1428 1480 namnum,
1452 1416 1502 1471 illi
1526 1433 1591 1472 uero
1617 1418 1648 1470 in
1671 1417 1756 1471 adom
1786 1422 1874 1470 oeter-

174 1504 258 1559 etiam
273 1508 400 1559 aeternas
425 1519 529 1574 poenas
551 1503 752 1574 complectitur.
790 1502 828 1559 Ut
850 1504 924 1558 enim
948 1520 1009 1575 per·
1036 1521 1102 1557 nam
1130 1502 1398 1569 Mattianum.
1434 1502 1604 1574 Reportabit
1628 1503 1818 1571 unusquisque
1845 1502 1876 1554 in

173 1589 274 1645 fectum
294 1590 482 1645 obedientiam
501 1590 708 1661 praestantibus
728 1607 784 1646 non
805 1591 886 1647 modo
903 1596 1008 1661 tempo·
1036 1606 1155 1660 empore
1175 1608 1226 1644 suo
1244 1591 1396 1644 sumundum
1414 1607 1463 1655 ea,
1492 1606 1565 1661 6666
1583 1592 1683 1658 pessit,
1711 1592 1770 1642 siue
1794 1589 1876 1657 bono,
1889 1604 1932 1647 xx.
1949 1604 1991 1648 171.

173 1676 256 1741 ralia,
283 1677 332 1732 sed
355 1677 440 1733 etiam
466 1686 581 1732 mama
599 1680 734 1748 proemio
750 1678 888 1748 promittit
908 1677 1008 1734 Matth.
1035 1678 1093 1732 sire
1110 1679 1189 1731 mala
1208 1682 1231 1733 2.
1245 1677 1306 1733 Cor.
1327 1685 1351 1746 5,
1369 1695 1395 1732 r.
1416 1684 1455 1734 10.
1482 1683 1506 1734 9.
1523 1681 1548 1732 Α
1568 1678 1716 1732 saniorum
1729 1677 1876 1747 pontillum

176 1766 215 1832 19,
227 1780 254 1819 r.
272 1767 312 1819 16.
332 1763 373 1818 116
390 1781 424 1820 ex
443 1763 560 1820 adverso
578 1764 803 1822 inobedientibus
815 1773 932 1820 ommno
945 1783 1008 1836 sup·
1035 1766 1219 1831 eonfessione.
1255 1764 1385 1820 16611666
1405 1765 1434 1819 16
1454 1772 1523 1821 orat.
1545 1771 1565 1822 1.
1590 1765 1626 1821 ad
1647 1763 1766 1836 gentiles
1784 1781 1813 1835 p.
1833 1768 1873 1820 19.

171 1850 262 1919 plicia
279 1849 473 1906 interminatur
498 1850 577 1906 Rom.
597 1857 622 1921 l,
642 1869 665 1906 v.
689 1857 734 1908 lb:
766 1854 825 1907 Lea
848 1853 923 1906 mam
945 1870 1009 1922 ope-
1035 1850 1151 1906 adducit
1168 1851 1357 1908 testimoninm
1374 1850 1499 1906 Platonis
1516 1857 1545 1906 et
1562 1850 1682 1907 Homeri.
1717 1851 1811 1919 Plato,
1832 1849 1873 1904 in·

171 1944 267 2005 ratur,
295 1953 350 1993 non
375 1938 465 1992 solum
490 1936 519 1992 in
547 1937 687 2008 praesenti
713 1936 822 2005 seculo,
852 1938 902 1992 sed
925 1938 1008 1993 etium
1035 1938 1105 2008 quit,
1123 1939 1206 1992 lectis
1222 1938 1335 2007 Moysis
1355 1947 1380 1992 et
1390 1939 1595 2008 propbetas-um
1615 1938 1762 1991 vaticiniis
1779 1943 1805 1991 et
1823 1937 1872 1988 do·

171 2031 317 2077 canturam
340 2029 361 2079 1.
380 2021 478 2080 Thess.
498 2031 521 2092 1,
538 2041 566 2079 v.
586 2029 624 2080 19.
660 2028 684 2078 3.
709 2023 737 2076 A
755 2024 871 2092 peceati
891 2024 1007 2094 turpitu-
1035 2026 1129 2078 ctrina
1149 2027 1185 2079 de
1201 2026 1318 2094 judicio
1335 2041 1370 2079 eu
1388 2027 1430 2080 eis
1444 2034 1589 2096 percepta,
1614 2025 1756 2096 imprimo
1775 2025 1811 2078 de
1829 2041 1873 2076 re·

172 2111 239 2163 6166
258 2116 284 2163 61
303 2110 479 2172 confusione.
514 2109 664 2165 Peccatum
683 2116 726 2165 eet
744 2109 882 2164 infinitum
895 2109 1008 2179 malam,
1030 2111 1150 2182 publiea
1168 2111 1242 2166 libro
1262 2114 1304 2167 ad
1328 2113 1401 2166 buno
1427 2116 1541 2168 modum
1567 2113 1682 2166 scribit:
1714 2112 1783 2165 Cum
1812 2110 1872 2179 iam

172 2194 239 2266 qnia
257 2194 375 2251 offendit
393 2194 494 2264 Deum,
511 2196 560 2268 qui
579 2201 621 2251 est
639 2198 779 2261 infinitum
800 2197 908 2263 bonum,
929 2213 1007 2267 sepa·
1035 2214 1067 2251 eo
1087 2197 1228 2268 quispiam
1250 2199 1480 2269 appropinquat,
1509 2207 1541 2252 ut
1565 2216 1595 2253 se
1621 2199 1788 2252 moriturum
1814 2212 1873 2250 esse

171 2289 216 2337 rat
233 2281 334 2350 eDeo,
354 2284 402 2353 qui
422 2289 466 2338 est
483 2283 597 2339 unicum
609 2289 638 2339 61
654 2300 792 2339 summum
803 2282 922 2354 bonum,
941 2299 1008 2355 ergo
1031 2291 1126 2352 putet,
1154 2283 1266 2338 inuadit
1283 2301 1344 2337 eum
1362 2287 1398 2338 de
1414 2287 1474 2338 aito
1491 2303 1544 2338 suo
1561 2285 1645 2339 timor
1670 2292 1696 2337 61
1713 2282 1872 2349 solicitudo,

137 2407 140 2412 -
171 2367 255 2425 etiem
273 2369 422 2437 infinitam,
440 2370 493 2425 hoc
513 2377 718 2438 estaeternam,
735 2387 854 2444 poenam
870 2387 1007 2442 promere·
1035 2386 1107 2441 puae
1132 2365 1217 2425 anteo
1243 2388 1301 2424 non
1326 2370 1418 2424 subiit
1457 2369 1536 2433 Quae
1559 2386 1679 2440 mmque
1705 2372 1741 2423 de
1770 2369 1873 2436 inseris

171 2461 225 2511 tur.
259 2455 340 2511 Rom.
360 2461 385 2524 6,
407 2474 433 2512 r.
452 2461 497 2514 lb:
520 2458 700 2528 Stipendium
715 2459 828 2528 peccati
845 2476 931 2528 more,
952 2476 1007 2514 666
1032 2458 1169 2520 seruntur
1180 2457 1314 2525 fabulae,
1332 2459 1409 2527 quod
1427 2459 1463 2510 de
1476 2457 1599 2527 flapitiie
1611 2458 1656 2510 bia
1668 2455 1795 2525 patratis
1805 2471 1871 2524 poe·

171 2542 332 2614 temporalis
352 2544 450 2613 solnm,
468 2544 518 2599 sed
536 2545 620 2599 ctiam
635 2551 756 2611 aeterna,
774 2549 806 2598 ut
824 2544 945 2600 ostendit
957 2562 1008 2600 en·
1034 2560 1088 2596 nas
1104 2545 1229 2612 pendere
1248 2551 1389 2612 oporteat,
1414 2544 1444 2597 in
1462 2544 1552 2597 risum
1576 2544 1661 2612 prius
1679 2559 1790 2610 ousae,
1815 2549 1873 2595 tum

171 2629 288 2684 tithesls.
324 2634 348 2686 l.
380 2633 404 2684 A
428 2631 568 2701 propriae
596 2632 782 2686 666661661166
804 2633 1007 2699 temijiootione.
1034 2629 1117 2683 66616
1135 2631 1211 2700 ejus,
1238 2646 1272 2683 ne
1291 2632 1408 2684 adrem
1435 2630 1621 2695 conferantur
1650 2636 1676 2681 61
1701 2644 1785 2681 aerae
1807 2629 1873 2693 sint,

173 2715 255 2787 lmpii
275 2716 401 2788 quamvis
416 2733 548 2788 prospero
565 2733 655 2774 rernm
674 2734 804 2774 successu
827 2719 855 2773 in
873 2717 927 2774 hac
948 2718 1008 2773 rita
1035 2724 1148 2772 omeont
1169 2717 1293 2770 animum
1313 2723 1364 2771 616.
1401 2717 1438 2768 In
1463 2717 1571 2771 decisum
1595 2723 1689 2769 autem
1713 2714 1823 2783 liquido
1846 2721 1873 2766 61

170 2801 307 2871 fruantur,
335 2809 427 2858 tamen
445 2804 617 2875 gravissimis
643 2805 829 2862 conscientiae
855 2806 1007 2877 angoribus
1035 2812 1139 2873 operte,
1169 2820 1242 2872 quas
1259 2804 1422 2871 6616611616
1444 2820 1463 2856 a
1483 2803 1631 2873 prophetie
1656 2803 1813 2870 didicerat,
1839 2817 1873 2854 ea

172 2905 205 2944 ac
223 2895 299 2945 metu
318 2888 404 2944 futuri
421 2890 521 2962 judicii
541 2897 569 2946 et
586 2908 738 2962 poenarum
753 2898 817 2963 6661
833 2898 949 2948 mortem
967 2909 1008 2948 se·
1034 2909 1092 2944 non
1108 2899 1244 2961 tanquam
1263 2892 1299 2944 ab
1320 2891 1380 2944 illis
1394 2900 1509 2960 accepta
1524 2891 1557 2944 ob
1572 2888 1751 2944 Graecorum
1763 2897 1872 2954 metum,

172 2981 331 3031 suturarum
349 2981 521 3048 torquentur.
549 2974 651 3033 Confer
668 2985 750 3033 tract.
768 2978 803 3034 de
823 2984 947 3034 extremo
962 2981 1007 3050 ju·
1034 2978 1087 3031 sed
1103 2994 1123 3031 o
1142 2980 1279 3048 modam,
1306 2979 1378 3030 61661
1395 2977 1424 3030 61
1441 2980 1546 3046 finpere
1561 2976 1703 3045 placitum
1729 2975 1799 3041 1611,
1825 2974 1874 3045 oui

172 3062 245 3118 61616
264 3062 290 3118 d.
308 3067 330 3129 6.
346 3068 387 3120 29.
414 3070 439 3120 b.
458 3063 501 3117 Ab
517 3063 706 3127 infernalium
724 3065 855 3120 dolorum
876 3066 1007 3133 depasto·
1032 3065 1065 3118 in
1084 3063 1156 3118 bello
1177 3081 1276 3118 coense
1292 3079 1355 3118 cum
1374 3064 1541 3118 duodecim
1561 3062 1675 3117 humari
1692 3061 1803 3116 deberet
1816 3061 1873 3129 die,

171 3150 254 3205 tione.
288 3149 353 3207 Non
371 3149 449 3220 impii
468 3155 586 3218 166166,
604 3150 755 3206 sedetiam
775 3151 861 3222 pitin
880 3154 932 3206 hec
950 3151 1008 3206 rita
1033 3152 1064 3205 in
1083 3169 1182 3220 rapum
1198 3151 1309 3222 positus
1327 3150 1430 3205 reeicit
1448 3165 1549 3220 respue
1568 3151 1649 3222 apud
1665 3149 1777 3213 inferos
1795 3147 1873 3200 uisae

172 3236 340 3308 quandoque
358 3234 556 3312 uponossopbu
575 3253 609 3292 sc
627 3233 782 3312 npbysvasu
801 3237 942 3308 quandem
958 3237 1006 3291 do·
1034 3239 1176 3308 66666611,
1195 3237 1298 3291 audita
1314 3245 1516 3291 commemorat.
1551 3236 1612 3300 Ibi,
1638 3235 1678 3289 ait
1697 3234 1793 3299 Plato,
1817 3232 1875 3286 oiri

171 3321 261 3378 lorum
279 3322 455 3379 infernalium
474 3324 612 3393 sentiunt,
637 3324 686 3378 sed
705 3339 887 3396 magnacum
911 3323 1006 3378 616611-
1033 3325 1150 3390 ferooes,
1176 3326 1313 3395 adspectu
1341 3332 1433 3377 truces
1450 3330 1477 3376 et
1507 3323 1584 3391 ipnei
1610 3330 1781 3392 apparenter
1805 3321 1873 3375 Ari·

171 3408 252 3467 mine.
287 3408 332 3464 Pii
349 3409 422 3465 enim
440 3408 495 3465 lide
513 3410 622 3466 dolores
641 3409 703 3465 illas
727 3411 842 3465 vincunt
864 3416 892 3465 et
916 3426 949 3465 ex
973 3409 1007 3464 iis
1035 3413 1137 3465 dueum
1155 3418 1307 3480 tyrannum
1327 3405 1521 3485 πατροκτόνον
1540 3416 1566 3462 61
1584 3409 1659 3462 61166
1679 3408 1808 3462 manibm
1823 3422 1873 3476 pe-

170 3495 282 3549 tendam
302 3494 467 3562 elnctantur,
486 3495 534 3551 sed
553 3495 632 3567 impii
649 3496 704 3552 illis
722 3495 906 3551 succumbunt
923 3503 1008 3568 atque
1034 3498 1170 3567 dibuspue
1190 3504 1216 3552 et
1235 3498 1301 3552 item
1319 3499 1412 3567 capite
1430 3497 1572 3567 obtipatos
1587 3496 1719 3565 humique
1746 3496 1871 3564 abjectos

172 3579 208 3636 ab
224 3580 323 3637 iisdem
341 3581 538 3651 absorbentur;
568 3582 622 3652 6116
642 3581 815 3653 probationis
829 3598 861 3636 ac
879 3582 1008 3637 tentatio·
1033 3591 1118 3653 atque
1135 3585 1292 3638 escoriatos
1306 3584 1395 3653 justa
1412 3585 1488 3636 eiam
1504 3584 1588 3649 forae
1603 3590 1808 3652 protruserunt
1826 3600 1872 3636 su·

171 3667 214 3721 nis
231 3683 317 3724 cansa
334 3668 535 3736 immittuntur,
561 3667 611 3723 sed
630 3668 659 3722 in
676 3668 770 3739 impiis
791 3675 855 3724 sunt
876 3669 957 3724 initia
981 3675 1009 3723 et
1031 3687 1087 3740 per
1105 3671 1268 3740 ospolatbis
1285 3677 1312 3724 et
1329 3670 1453 3723 66611661
1471 3675 1629 3738 torquentes
1649 3676 1675 3722 et
1690 3669 1872 3734 dilaniantes,

171 3753 275 3809 indicia
293 3760 467 3810 aeternorum
488 3755 669 3824 cruciatuum,
703 3755 829 3826 adeoque
848 3755 906 3810 irae
924 3755 1008 3820 illius,
1035 3764 1117 3826 atque
1140 3757 1195 3826 eis,
1221 3757 1272 3826 pai
1295 3758 1432 3824 aderant,
1456 3771 1576 3824 quomam
1591 3756 1760 3823 facinorum
1784 3772 1873 3809 eausa

172 3841 220 3910 qui
238 3841 266 3895 in
283 3848 425 3898 aeternum
444 3857 527 3912 super
544 3842 620 3911 ipsos
636 3846 738 3910 manet,
760 3846 783 3897 2.
803 3841 876 3898 Sam.
889 3848 930 3912 22,
942 3849 973 3897 ‘v.
983 3847 1007 3898 6.
1035 3844 1103 3898 boec
1121 3844 1169 3897 ills·
1183 3850 1361 3912 paterentur,
1383 3842 1599 3911 promulpontes
1618 3847 1670 3897 etc.
1707 3844 1767 3897 Nee
1786 3842 1873 3896 Plato

171 3925 275 3982 Psalm.
293 3931 333 3996 18,
351 3945 375 3985 v.
396 3934 420 3983 6.
448 3927 704 3993 Ρ66116.36,6.1.
731 3928 835 3984 Psalm.
856 3934 897 3994 19,
921 3947 947 3986 v.
968 3932 1140 3995 remeatum,
1164 3932 1218 3983 sed
1241 3931 1324 3983 edom
1344 3930 1486 3983 Homerus
1510 3931 1609 3984 eodem
1639 3938 1665 3983 et
1684 3929 1744 3997 ipse
1768 3929 1800 3983 in
1818 3930 1873 3982 Ae·

170 4013 273 4069 Psalm
293 4021 334 4083 66,
353 4031 379 4069 v.
401 4019 439 4069 13.
459 4013 561 4072 Psalm.
571 4018 615 4082 68,
629 4021 687 4071 nt.
707 4014 806 4072 Psalm
820 4021 876 4085 116,
885 4032 910 4071 v.
919 4022 943 4072 3.
955 4021 1007 4072 etc.
1034 4025 1118 4089 pppto
1135 4019 1249 4072 edoctus
1266 4018 1360 4081 modo,
1384 4018 1495 4084 Tityum
1510 4016 1607 4070 1116616
1623 4016 1783 4071 manutiori
1795 4014 1872 4070 dicit.

171 4105 194 4154 6.
223 4101 270 4153 Ee
293 4101 415 4155 articulo
440 4103 475 4156 de
500 4100 609 4156 Christi
630 4104 672 4156 ad
695 4103 805 4172 inferos
823 4105 1009 4158 descensione.
1036 4106 1084 4159 Ito
1108 4105 1232 4159 enimin
1249 4105 1453 4173 Necyomantia
1479 4107 1560 4174 apud
1582 4103 1735 4157 Alcinoum
1762 4101 1873 4169 Ulpsses

171 4185 297 4241 Christus
314 4203 369 4241 non
389 4187 480 4243 solam
499 4189 526 4242 16
546 4189 719 4244 sanctissima
744 4206 795 4244 sua
818 4191 913 4246 anima
938 4163 1246 4255 tam-loommemorat:

172 4289 238 4343 pora
257 4273 395 4344 passionis
413 4273 522 4330 dolores
542 4292 607 4330 rere
624 4273 774 4330 infernales
792 4277 880 4331 sensit
905 4261 1023 4333 Ρ6616ι.Ι

171 4363 213 4429 21,
231 4377 256 4414 r.
278 4363 303 4414 2.
332 4357 538 4430 Pisinuus.
560 4365 599 4417 l'l.
628 4360 694 4416 usa
714 4367 756 4430 53,
773 4380 800 4420 v.
818 4366 859 4418 11.
888 4362 936 4432 qui
953 4362 1009 4417 1611
1070 4366 1110 4418 Et
1130 4365 1242 4432 Titpum
1261 4366 1323 4419 aidi
1339 4381 1442 4433 mapna
1460 4362 1562 4415 tellure
1582 4369 1713 4430 creatum,

171 4446 378 4516 nanptortous
397 4446 484 4518 ipsias
502 4446 538 4502 ad
557 4445 696 4501 internum
715 4449 863 4501 1166666666
887 4448 932 4516 (de
952 4467 1007 4520 quo
1068 4452 1180 4518 Jupera
1200 4452 1251 4520 pai
1265 4467 1319 4518 per
1338 4458 1398 4503 tota
1415 4464 1511 4501 nossem
1525 4448 1706 4516 protenditur
1724 4465 1796 4500 unus

172 4532 279 4602 egimus
298 4531 327 4586 in
346 4531 469 4590 harmon.
483 4533 520 4589 66
537 4549 609 4604 pass.
626 4549 687 4602 cap.
705 4535 756 4602 2.);
785 4533 834 4588 sed
853 4534 937 4588 61166
955 4534 1006 4588 im·
1069 4538 1110 4590 Et
1131 4540 1249 4607 penninis
1267 4538 1388 4591 crudum
1406 4534 1500 4589 1611616
1519 4534 1683 4602 deposcitur
1702 4534 1799 4603 lepor.

172 4618 291 4674 mediate
314 4624 380 4674 ante
405 4636 483 4674 snam
509 4637 541 4675 ex
571 4621 687 4675 mortuis
715 4619 942 4675 resurrectionem
970 4620 1007 4674 sd

172 4705 309 4761 internum
327 4705 473 4762 descendit
490 4723 609 4778 eumque
624 4715 757 4778 tanquam
771 4707 907 4778 gloriosus
920 4707 1008 4761 victor
1035 4710 1145 4762 Eodem
1174 4710 1258 4763 modo
1287 4714 1313 4760 et
1339 4702 1489 4778 stuppeum
1517 4714 1543 4759 61
1573 4707 1724 4760 Tantalum
1753 4721 1872 4776 corpore

173 4799 202 4844 61
220 4791 405 4864 triumphator
423 4792 558 4848 destruxit
577 4794 679 4849 Psalm.
700 4798 743 4863 69,
763 4811 789 4847 r.
808 4801 845 4850 19.
866 4793 1008 4863 0666613,
1034 4796 1205 4867 supplicium
1225 4796 1342 4864 6666666
1366 4793 1481 4862 empsit
1499 4799 1551 4848 616.
1587 4793 1726 4848 Μ1666166
1743 4792 1824 4847 Felix
1842 4793 1871 4848 16

173 4895 198 4931 r.
221 4884 258 4934 14.
283 4885 305 4935 1.
332 4878 395 4939 Cor.
416 4884 455 4945 16,
474 4894 500 4933 r.
519 4885 561 4936 bb.
588 4879 690 4952 Ephes.
708 4887 733 4945 t,
759 4899 785 4937 r.
805 4885 829 4936 6.
855 4880 913 4936 Col.
933 4886 957 4949 2,
981 4898 1007 4936 v.
1035 4881 1169 4938 Octavio:
1199 4880 1397 4934 Admonentur
1426 4879 1567 4950 (gentiles)
1587 4879 1872 4934 6661661661οωί-

176 4970 216 5020 lb.
238 4971 258 5021 1.
278 4965 351 5020 Petr.
371 4971 395 5035 3,
414 4984 438 5019 v.
462 4971 501 5023 19.
521 4966 569 5036 qui
588 4965 644 5022 fnit
666 4968 755 5023 realis
775 4974 804 5023 et
823 4968 952 5038 proprius
971 4969 1006 5023 ad
1035 4987 1100 5023 num
1127 4966 1352 5023 doctmeimorum
1374 4967 1457 5020 libris
1483 4974 1509 5021 61
1531 4967 1703 5021 carminibus
1723 4964 1876 5037 pottarum'

173 5053 365 5106 damnatorum
389 5052 484 5107 sedem
508 5054 667 5110 dacenses.
700 5052 743 5108 Ex
769 5059 888 5125 unaque
915 5062 1009 5111 autem
1034 5056 1114 5109 silim
1144 5055 1222 5123 ipnei
1238 5053 1368 5121 fluminis
1390 5060 1416 5106 et
1444 5054 1479 5106 de
1501 5053 1601 5122 Stppia
1625 5054 1734 5123 palstde
1757 5054 1871 5124 6666166

173 5139 309 5195 descensu
318 5138 465 5210 evincitur,
478 5156 538 5196 esse
548 5139 701 5211 infernum3
721 5139 849 5196 Christus
864 5141 1010 5197 descendit
1036 5141 1183 5195 ambientis
1203 5141 1334 5208 ardonis,
1358 5155 1430 5210 6666
1455 5140 1628 5193 meantibus
1651 5141 1774 5193 aeternis
1786 5156 1870 5211 prae·

174 5224 346 5294 1161616166,
370 5232 472 5282 61666
500 5226 730 5283 adscenderemus
753 5227 782 5281 16
806 5227 910 5297 666166,
937 5229 1010 5284 61661
1030 5236 1141 5298 parata
1166 5235 1192 5281 et
1216 5229 1381 5282 daemonum
1410 5226 1527 5280 indiciis
1554 5234 1579 5279 et
1610 5227 1644 5279 do
1668 5227 1870 5296 prophetarum

174 5319 298 5369 mortuus
318 5317 369 5381 est,
385 5317 417 5367 ut
434 5329 484 5367 nos
497 5313 658 5369 viveremus.
692 5319 716 5369 7.
735 5313 781 5368 Ab
799 5316 948 5386 impiorum
965 5332 1008 5369 re·
1036 5315 1161 5371 66666116
1187 5314 1302 5384 capuita
1330 5313 1519 5370 tradiderunt.
1556 5314 1595 5366 Et
1621 5313 1688 5367 ideo
1716 5315 1797 5382 apud
1824 5332 1871 5369 eoa

173 5400 355 5456 mmectione.
392 5398 570 5457 Ostendimus
590 5416 641 5455 eno
660 5398 730 5469 loco,
758 5417 818 5455 non
834 5401 923 5456 solnm
941 5401 1010 5472 pios,
1035 5402 1120 5458 etiam
1138 5402 1199 5472 ipse
1216 5417 1268 5455 rea
1284 5402 1401 5472 Jupiter
1416 5417 1472 5472 per
1490 5407 1628 5457 torrenter
1642 5403 1724 5472 ripas
1741 5409 1871 5456 etatrom

174 5487 222 5544 sed
241 5485 325 5542 611661
345 5485 444 5558 impios
464 5503 524 5544 asse
542 5490 751 5542 resurrecturos.
788 5486 850 5551 Quo
871 5503 935 5542 saro
953 5486 1008 5541 fine
1034 5489 1194 5557 omopinem
1209 5489 1296 5559 jurat
1312 5487 1454 5558 relipiose,
1472 5489 1640 5543 destinatam
1654 5488 1726 5542 enim
1740 5489 1797 5544 sibi
1808 5506 1869 5544 rum
