<?xml version="1.0" encoding="UTF-8"?>
<!DOCTYPE html PUBLIC "-//W3C//DTD XHTML 1.0 Transitional//EN"
    "http://www.w3.org/TR/xhtml1/DTD/xhtml1-transitional.dtd">
<html xmlns="http://www.w3.org/1999/xhtml" xml:lang="en" lang="en">
 <head>
  <title>
</title>
<meta http-equiv="Content-Type" content="text/html;charset=utf-8" />
  <meta name='ocr-system' content='tesseract 3.04.00' />
  <meta name='ocr-capabilities' content='ocr_page ocr_carea ocr_par ocr_line ocrx_word'/>
</head>
<body>
  <div class='ocr_page' id='page_1' title='image "./locitheologicic02gerhgoog/locitheologicic02gerhgoog_0337.png"; bbox 0 0 4050 6014; ppageno 0'>
   <div class='ocr_carea' id='block_1_1' title="bbox 220 159 1289 230">
    <p class='ocr_par' dir='ltr' id='par_1_1' title="bbox 220 159 1289 230">
     <span class='ocr_line' id='line_1_1' title="bbox 220 159 1289 230; baseline -0.007 0"><span class='ocrx_word' id='word_1_1' title='bbox 220 172 280 230; x_wconf 79' lang='lat'>304</span> <span class='ocrx_word' id='word_1_2' title='bbox 894 159 1122 223; x_wconf 69' lang='lat' dir='ltr'>moranus</span> <span class='ocrx_word' id='word_1_3' title='bbox 1143 160 1289 222; x_wconf 83' lang='lat' dir='ltr'>SEXTUS</span> 
     </span>
    </p>
   </div>
   <div class='ocr_carea' id='block_1_2' title="bbox 99 317 2019 5499">
    <p class='ocr_par' dir='ltr' id='par_1_2' title="bbox 99 317 2019 5499">
     <span class='ocr_line' id='line_1_2' title="bbox 218 317 1918 392; baseline 0.004 -21"><span class='ocrx_word' id='word_1_4' title='bbox 218 317 295 372; x_wconf 84' lang='lat' dir='ltr'>Deus</span> <span class='ocrx_word' id='word_1_5' title='bbox 315 324 358 372; x_wconf 81' lang='lat' dir='ltr'>est</span> <span class='ocrx_word' id='word_1_6' title='bbox 374 319 590 389; x_wconf 81' lang='lat' dir='ltr'>potentissimus,</span> <span class='ocrx_word' id='word_1_7' title='bbox 610 320 665 374; x_wconf 90' lang='lat' dir='ltr'>imo</span> <span class='ocrx_word' id='word_1_8' title='bbox 683 320 744 390; x_wconf 84' lang='lat' dir='ltr'>ipsa</span> <span class='ocrx_word' id='word_1_9' title='bbox 762 319 970 390; x_wconf 86' lang='lat' dir='ltr'>omnipotentia,</span> <span class='ocrx_word' id='word_1_10' title='bbox 987 337 1053 392; x_wconf 88' lang='lat' dir='ltr'>ergo</span> <span class='ocrx_word' id='word_1_11' title='bbox 1081 325 1151 376; x_wconf 89' lang='lat' dir='ltr'>tant.</span> <span class='ocrx_word' id='word_1_12' title='bbox 1182 320 1278 376; x_wconf 88' lang='lat' dir='ltr'>Cicero</span> <span class='ocrx_word' id='word_1_13' title='bbox 1297 320 1345 375; x_wconf 88' lang='lat' dir='ltr'>lib.</span> <span class='ocrx_word' id='word_1_14' title='bbox 1367 325 1388 375; x_wconf 88' lang='lat'>1.</span> <span class='ocrx_word' id='word_1_15' title='bbox 1408 319 1522 376; x_wconf 82' lang='lat' dir='ltr'>Tuscul.</span> <span class='ocrx_word' id='word_1_16' title='bbox 1540 337 1603 391; x_wconf 87' lang='lat' dir='ltr'>cap.</span> <span class='ocrx_word' id='word_1_17' title='bbox 1627 325 1673 377; x_wconf 76' lang='lat'>14:</span> <span class='ocrx_word' id='word_1_18' title='bbox 1694 321 1851 377; x_wconf 79' lang='lat' dir='ltr'>Maoeimnm</span> <span class='ocrx_word' id='word_1_19' title='bbox 1870 338 1918 378; x_wconf 88' lang='lat' dir='ltr'>ar·</span> 
     </span>
     <span class='ocr_line' id='line_1_3' title="bbox 219 405 1919 477; baseline 0.002 -18"><span class='ocrx_word' id='word_1_20' title='bbox 219 405 383 475; x_wconf 84' lang='lat' dir='ltr'>promissum</span> <span class='ocrx_word' id='word_1_21' title='bbox 406 425 484 461; x_wconf 90' lang='lat' dir='ltr'>suum</span> <span class='ocrx_word' id='word_1_22' title='bbox 511 407 614 476; x_wconf 87' lang='lat' dir='ltr'>poterit</span> <span class='ocrx_word' id='word_1_23' title='bbox 640 407 775 477; x_wconf 77' lang='lat' dir='ltr'>implere,</span> <span class='ocrx_word' id='word_1_24' title='bbox 794 407 908 463; x_wconf 87' lang='lat' dir='ltr'>dilectos</span> <span class='ocrx_word' id='word_1_25' title='bbox 933 424 997 462; x_wconf 87' lang='lat' dir='ltr'>suos</span> <span class='ocrx_word' id='word_1_26' title='bbox 1021 425 1053 462; x_wconf 86' lang='lat' dir='ltr'>ex</span> <span class='ocrx_word' id='word_1_27' title='bbox 1079 416 1238 475; x_wconf 62' lang='lat' dir='ltr'>rumentum</span> <span class='ocrx_word' id='word_1_28' title='bbox 1268 417 1323 477; x_wconf 85' lang='lat' dir='ltr'>est,</span> <span class='ocrx_word' id='word_1_29' title='bbox 1353 415 1483 462; x_wconf 81' lang='lat' dir='ltr'>naturam</span> <span class='ocrx_word' id='word_1_30' title='bbox 1517 409 1608 477; x_wconf 80' lang='lat' dir='ltr'>ipram</span> <span class='ocrx_word' id='word_1_31' title='bbox 1639 410 1675 460; x_wconf 82' lang='lat' dir='ltr'>de</span> <span class='ocrx_word' id='word_1_32' title='bbox 1704 408 1919 464; x_wconf 83' lang='lat' dir='ltr'>immortalitate</span> 
     </span>
     <span class='ocr_line' id='line_1_4' title="bbox 218 491 1919 565; baseline 0.002 -20"><span class='ocrx_word' id='word_1_33' title='bbox 218 491 345 546; x_wconf 84' lang='lat' dir='ltr'>faucibus</span> <span class='ocrx_word' id='word_1_34' title='bbox 363 495 457 546; x_wconf 90' lang='lat' dir='ltr'>mortis</span> <span class='ocrx_word' id='word_1_35' title='bbox 475 510 604 547; x_wconf 87' lang='lat' dir='ltr'>revocare</span> <span class='ocrx_word' id='word_1_36' title='bbox 623 498 650 547; x_wconf 86' lang='lat' dir='ltr'>at</span> <span class='ocrx_word' id='word_1_37' title='bbox 667 495 752 547; x_wconf 84' lang='lat' dir='ltr'>vitam</span> <span class='ocrx_word' id='word_1_38' title='bbox 771 501 910 548; x_wconf 82' lang='lat' dir='ltr'>aeternam</span> <span class='ocrx_word' id='word_1_39' title='bbox 926 495 992 565; x_wconf 89' lang='lat' dir='ltr'>ipsis</span> <span class='ocrx_word' id='word_1_40' title='bbox 1007 495 1054 549; x_wconf 91' lang='lat' dir='ltr'>do·</span> <span class='ocrx_word' id='word_1_41' title='bbox 1081 494 1239 547; x_wconf 83' lang='lat' dir='ltr'>animorum</span> <span class='ocrx_word' id='word_1_42' title='bbox 1265 495 1381 550; x_wconf 75' lang='lat' dir='ltr'><em>tacitam</em></span> <span class='ocrx_word' id='word_1_43' title='bbox 1401 495 1552 564; x_wconf 78' lang='lat' dir='ltr'>judicare,</span> <span class='ocrx_word' id='word_1_44' title='bbox 1578 497 1657 563; x_wconf 81' lang='lat' dir='ltr'>qnod</span> <span class='ocrx_word' id='word_1_45' title='bbox 1682 497 1808 550; x_wconf 79' lang='lat' dir='ltr'>omnibus</span> <span class='ocrx_word' id='word_1_46' title='bbox 1832 515 1919 551; x_wconf 73' lang='lat' dir='ltr'>cetrae</span> 
     </span>
     <span class='ocr_line' id='line_1_5' title="bbox 219 579 1919 650; baseline 0.003 -19"><span class='ocrx_word' id='word_1_47' title='bbox 219 595 292 634; x_wconf 86' lang='lat' dir='ltr'>nare.</span> <span class='ocrx_word' id='word_1_48' title='bbox 313 579 375 632; x_wconf 85' lang='lat' dir='ltr'>Jeh.</span> <span class='ocrx_word' id='word_1_49' title='bbox 399 584 437 642; x_wconf 73' lang='lat'>20,</span> <span class='ocrx_word' id='word_1_50' title='bbox 456 597 481 632; x_wconf 84' lang='lat' dir='ltr'>v.</span> <span class='ocrx_word' id='word_1_51' title='bbox 502 584 548 633; x_wconf 79' lang='lat'>28:</span> <span class='ocrx_word' id='word_1_52' title='bbox 567 581 631 649; x_wconf 70' lang='lat' dir='ltr'>Ego</span> <span class='ocrx_word' id='word_1_53' title='bbox 650 581 735 634; x_wconf 85' lang='lat' dir='ltr'>uitam</span> <span class='ocrx_word' id='word_1_54' title='bbox 755 582 1054 635; x_wconf 76' lang='lat' dir='ltr'>aeternamdoooibua</span> <span class='ocrx_word' id='word_1_55' title='bbox 1080 588 1159 645; x_wconf 81' lang='lat' dir='ltr'>eunt,</span> <span class='ocrx_word' id='word_1_56' title='bbox 1181 589 1208 635; x_wconf 89' lang='grc' dir='ltr'>ιι</span> <span class='ocrx_word' id='word_1_57' title='bbox 1227 582 1346 634; x_wconf 74' lang='lat' dir='ltr'>manime</span> <span class='ocrx_word' id='word_1_58' title='bbox 1371 582 1484 650; x_wconf 77' lang='lat' dir='ltr'>quidem</span> <span class='ocrx_word' id='word_1_59' title='bbox 1509 598 1581 650; x_wconf 74' lang='grc' dir='ltr'><strong><em>οιιοι</em></strong></span> <span class='ocrx_word' id='word_1_60' title='bbox 1597 589 1665 650; x_wconf 81' lang='lat' dir='ltr'>pont</span> <span class='ocrx_word' id='word_1_61' title='bbox 1682 590 1799 635; x_wconf 83' lang='lat' dir='ltr'>mortem</span> <span class='ocrx_word' id='word_1_62' title='bbox 1816 585 1919 646; x_wconf 73' lang='lat' dir='ltr'>furora</span> 
     </span>
     <span class='ocr_line' id='line_1_6' title="bbox 218 667 1920 739; baseline 0.001 -20"><span class='ocrx_word' id='word_1_63' title='bbox 218 667 299 730; x_wconf 79' lang='lat' dir='ltr'>meir,</span> <span class='ocrx_word' id='word_1_64' title='bbox 326 675 352 716; x_wconf 85' lang='grc' dir='ltr'>ιι</span> <span class='ocrx_word' id='word_1_65' title='bbox 378 685 433 717; x_wconf 84' lang='lat' dir='ltr'>non</span> <span class='ocrx_word' id='word_1_66' title='bbox 450 667 583 735; x_wconf 82' lang='lat' dir='ltr'>peribunt</span> <span class='ocrx_word' id='word_1_67' title='bbox 600 669 630 719; x_wconf 85' lang='lat' dir='ltr'>in</span> <span class='ocrx_word' id='word_1_68' title='bbox 651 677 810 736; x_wconf 84' lang='lat' dir='ltr'>aeternum,</span> <span class='ocrx_word' id='word_1_69' title='bbox 835 676 860 720; x_wconf 84' lang='lat' dir='ltr'>et</span> <span class='ocrx_word' id='word_1_70' title='bbox 885 685 941 721; x_wconf 87' lang='lat' dir='ltr'>non</span> <span class='ocrx_word' id='word_1_71' title='bbox 961 669 1053 737; x_wconf 83' lang='lat' dir='ltr'>rapiet</span> <span class='ocrx_word' id='word_1_72' title='bbox 1080 674 1150 722; x_wconf 83' lang='lat' dir='ltr'>eant.</span> <span class='ocrx_word' id='word_1_73' title='bbox 1186 667 1228 720; x_wconf 87' lang='lat' dir='ltr'>Ex</span> <span class='ocrx_word' id='word_1_74' title='bbox 1250 667 1303 722; x_wconf 89' lang='lat' dir='ltr'>hoc</span> <span class='ocrx_word' id='word_1_75' title='bbox 1327 667 1464 737; x_wconf 86' lang='lat' dir='ltr'>principio</span> <span class='ocrx_word' id='word_1_76' title='bbox 1489 673 1550 721; x_wconf 88' lang='lat' dir='ltr'>orta</span> <span class='ocrx_word' id='word_1_77' title='bbox 1574 674 1652 735; x_wconf 87' lang='lat' dir='ltr'>suut,</span> <span class='ocrx_word' id='word_1_78' title='bbox 1678 684 1862 739; x_wconf 82' lang='lat' dir='ltr'>quaeeunque</span> <span class='ocrx_word' id='word_1_79' title='bbox 1884 668 1920 722; x_wconf 87' lang='lat' dir='ltr'>de</span> 
     </span>
     <span class='ocr_line' id='line_1_7' title="bbox 219 753 1920 824; baseline 0.002 -19"><span class='ocrx_word' id='word_1_80' title='bbox 219 768 266 805; x_wconf 80' lang='lat' dir='ltr'>eae</span> <span class='ocrx_word' id='word_1_81' title='bbox 285 753 430 819; x_wconf 75' lang='lat' dir='ltr'>qriiaqnam</span> <span class='ocrx_word' id='word_1_82' title='bbox 449 769 463 802; x_wconf 89' lang='grc' dir='ltr'><strong><em>ο</em></strong></span> <span class='ocrx_word' id='word_1_83' title='bbox 484 770 568 805; x_wconf 87' lang='lat' dir='ltr'>mann</span> <span class='ocrx_word' id='word_1_84' title='bbox 587 771 656 808; x_wconf 87' lang='lat' dir='ltr'>mea.</span> <span class='ocrx_word' id='word_1_85' title='bbox 685 770 711 806; x_wconf 83' lang='lat' dir='ltr'>v.</span> <span class='ocrx_word' id='word_1_86' title='bbox 731 759 772 809; x_wconf 83' lang='lat'>29.</span> <span class='ocrx_word' id='word_1_87' title='bbox 792 755 883 807; x_wconf 88' lang='lat' dir='ltr'>Pater</span> <span class='ocrx_word' id='word_1_88' title='bbox 901 771 984 821; x_wconf 83' lang='lat' dir='ltr'>mear,</span> <span class='ocrx_word' id='word_1_89' title='bbox 1006 755 1055 821; x_wconf 78' lang='lat' dir='ltr'>qni</span> <span class='ocrx_word' id='word_1_90' title='bbox 1080 753 1184 823; x_wconf 79' lang='lat' dir='ltr'><strong>Elysiis</strong></span> <span class='ocrx_word' id='word_1_91' title='bbox 1202 754 1322 823; x_wconf 85' lang='lat' dir='ltr'>campis,</span> <span class='ocrx_word' id='word_1_92' title='bbox 1348 753 1385 807; x_wconf 89' lang='lat' dir='ltr'>ad</span> <span class='ocrx_word' id='word_1_93' title='bbox 1403 771 1473 824; x_wconf 86' lang='lat' dir='ltr'>quos</span> <span class='ocrx_word' id='word_1_94' title='bbox 1498 753 1537 822; x_wconf 90' lang='lat' dir='ltr'>pii</span> <span class='ocrx_word' id='word_1_95' title='bbox 1556 759 1619 822; x_wconf 87' lang='lat' dir='ltr'>post</span> <span class='ocrx_word' id='word_1_96' title='bbox 1638 759 1752 808; x_wconf 84' lang='lat' dir='ltr'>mortem</span> <span class='ocrx_word' id='word_1_97' title='bbox 1772 754 1920 817; x_wconf 80' lang='lat' dir='ltr'>ducantur,</span> 
     </span>
     <span class='ocr_line' id='line_1_8' title="bbox 219 838 1920 910; baseline 0.001 -18"><span class='ocrx_word' id='word_1_98' title='bbox 219 839 298 892; x_wconf 85' lang='lat' dir='ltr'>dedit</span> <span class='ocrx_word' id='word_1_99' title='bbox 314 838 396 905; x_wconf 77' lang='lat' dir='ltr'>mitri,</span> <span class='ocrx_word' id='word_1_100' title='bbox 421 839 516 906; x_wconf 84' lang='lat' dir='ltr'>major</span> <span class='ocrx_word' id='word_1_101' title='bbox 535 840 660 892; x_wconf 74' lang='lat' dir='ltr'>annilina</span> <span class='ocrx_word' id='word_1_102' title='bbox 678 847 731 904; x_wconf 79' lang='lat' dir='ltr'>cet,</span> <span class='ocrx_word' id='word_1_103' title='bbox 755 847 782 892; x_wconf 88' lang='lat' dir='ltr'>et</span> <span class='ocrx_word' id='word_1_104' title='bbox 802 857 881 893; x_wconf 86' lang='lat' dir='ltr'>neme</span> <span class='ocrx_word' id='word_1_105' title='bbox 897 847 988 910; x_wconf 81' lang='lat' dir='ltr'>potent</span> <span class='ocrx_word' id='word_1_106' title='bbox 1006 856 1054 892; x_wconf 82' lang='lat' dir='ltr'>eas</span> <span class='ocrx_word' id='word_1_107' title='bbox 1080 839 1155 909; x_wconf 89' lang='lat' dir='ltr'>apud</span> <span class='ocrx_word' id='word_1_108' title='bbox 1176 839 1293 910; x_wconf 78' lang='lat' dir='ltr'><strong>gentiles</strong></span> <span class='ocrx_word' id='word_1_109' title='bbox 1314 844 1471 907; x_wconf 83' lang='lat' dir='ltr'>occurrunt,</span> <span class='ocrx_word' id='word_1_110' title='bbox 1490 856 1551 892; x_wconf 90' lang='lat' dir='ltr'>cum</span> <span class='ocrx_word' id='word_1_111' title='bbox 1571 839 1644 894; x_wconf 86' lang='lat' dir='ltr'>enim</span> <span class='ocrx_word' id='word_1_112' title='bbox 1656 841 1812 910; x_wconf 87' lang='lat' dir='ltr'>remipsam</span> <span class='ocrx_word' id='word_1_113' title='bbox 1826 841 1920 894; x_wconf 87' lang='lat' dir='ltr'>videre</span> 
     </span>
     <span class='ocr_line' id='line_1_9' title="bbox 218 924 1920 994; baseline 0.002 -16"><span class='ocrx_word' id='word_1_114' title='bbox 218 942 321 993; x_wconf 84' lang='lat' dir='ltr'>rapere</span> <span class='ocrx_word' id='word_1_115' title='bbox 338 941 352 977; x_wconf 91' lang='grc' dir='ltr'>ι</span> <span class='ocrx_word' id='word_1_116' title='bbox 373 944 460 978; x_wconf 84' lang='lat' dir='ltr'>rnann</span> <span class='ocrx_word' id='word_1_117' title='bbox 480 927 578 979; x_wconf 62' lang='lat' dir='ltr'>Petrei</span> <span class='ocrx_word' id='word_1_118' title='bbox 598 928 659 980; x_wconf 83' lang='lat' dir='ltr'>mei.</span> <span class='ocrx_word' id='word_1_119' title='bbox 690 932 713 981; x_wconf 86' lang='lat'>2.</span> <span class='ocrx_word' id='word_1_120' title='bbox 731 927 802 980; x_wconf 86' lang='lat' dir='ltr'>Tim.</span> <span class='ocrx_word' id='word_1_121' title='bbox 825 932 847 989; x_wconf 92' lang='lat'>1,</span> <span class='ocrx_word' id='word_1_122' title='bbox 864 943 889 980; x_wconf 87' lang='lat' dir='ltr'>v.</span> <span class='ocrx_word' id='word_1_123' title='bbox 909 932 955 981; x_wconf 82' lang='lat'>12:</span> <span class='ocrx_word' id='word_1_124' title='bbox 978 926 1052 994; x_wconf 84' lang='lat' dir='ltr'>Seio,</span> <span class='ocrx_word' id='word_1_125' title='bbox 1080 943 1134 978; x_wconf 91' lang='lat' dir='ltr'>non</span> <span class='ocrx_word' id='word_1_126' title='bbox 1155 925 1309 994; x_wconf 84' lang='lat' dir='ltr'>potuerint,</span> <span class='ocrx_word' id='word_1_127' title='bbox 1327 924 1452 979; x_wconf 90' lang='lat' dir='ltr'>umbram</span> <span class='ocrx_word' id='word_1_128' title='bbox 1470 931 1563 979; x_wconf 86' lang='lat' dir='ltr'>tamen</span> <span class='ocrx_word' id='word_1_129' title='bbox 1581 926 1621 979; x_wconf 87' lang='lat' dir='ltr'>rei</span> <span class='ocrx_word' id='word_1_130' title='bbox 1642 928 1742 980; x_wconf 87' lang='lat' dir='ltr'>sectari</span> <span class='ocrx_word' id='word_1_131' title='bbox 1762 927 1920 982; x_wconf 87' lang='lat' dir='ltr'>voluerunt.</span> 
     </span>
     <span class='ocr_line' id='line_1_10' title="bbox 218 1010 1919 1082; baseline 0.003 -19"><span class='ocrx_word' id='word_1_132' title='bbox 218 1013 264 1064; x_wconf 86' lang='lat' dir='ltr'>eui</span> <span class='ocrx_word' id='word_1_133' title='bbox 283 1012 408 1074; x_wconf 74' lang='grc' dir='ltr'><strong><em>οτιιιίιιι,</em></strong></span> <span class='ocrx_word' id='word_1_134' title='bbox 428 1021 453 1065; x_wconf 83' lang='lat' dir='ltr'>rt</span> <span class='ocrx_word' id='word_1_135' title='bbox 471 1021 563 1065; x_wconf 78' lang='lat' dir='ltr'>certus</span> <span class='ocrx_word' id='word_1_136' title='bbox 583 1031 657 1079; x_wconf 84' lang='grc' dir='ltr'><strong><em>ειιιτι,</em></strong></span> <span class='ocrx_word' id='word_1_137' title='bbox 678 1013 746 1082; x_wconf 75' lang='lat' dir='ltr'>qnia</span> <span class='ocrx_word' id='word_1_138' title='bbox 762 1021 862 1081; x_wconf 83' lang='lat' dir='ltr'>patena</span> <span class='ocrx_word' id='word_1_139' title='bbox 882 1022 922 1066; x_wconf 80' lang='lat' dir='ltr'>cet</span> <span class='ocrx_word' id='word_1_140' title='bbox 941 1030 1054 1066; x_wconf 81' lang='lat' dir='ltr'>cervara</span> <span class='ocrx_word' id='word_1_141' title='bbox 1080 1012 1161 1066; x_wconf 87' lang='lat' dir='ltr'>Plato</span> <span class='ocrx_word' id='word_1_142' title='bbox 1180 1011 1243 1068; x_wconf 91' lang='lat' dir='ltr'>libr.</span> <span class='ocrx_word' id='word_1_143' title='bbox 1263 1018 1303 1069; x_wconf 83' lang='lat' dir='ltr'>to.</span> <span class='ocrx_word' id='word_1_144' title='bbox 1323 1012 1357 1066; x_wconf 87' lang='lat' dir='ltr'>de</span> <span class='ocrx_word' id='word_1_145' title='bbox 1375 1012 1509 1082; x_wconf 89' lang='lat' dir='ltr'>republic.</span> <span class='ocrx_word' id='word_1_146' title='bbox 1530 1010 1572 1065; x_wconf 89' lang='lat' dir='ltr'>his</span> <span class='ocrx_word' id='word_1_147' title='bbox 1588 1012 1681 1067; x_wconf 81' lang='lat' dir='ltr'>verbis</span> <span class='ocrx_word' id='word_1_148' title='bbox 1698 1013 1823 1082; x_wconf 84' lang='lat' dir='ltr'>politiam</span> <span class='ocrx_word' id='word_1_149' title='bbox 1839 1032 1919 1069; x_wconf 88' lang='lat' dir='ltr'>suam</span> 
     </span>
     <span class='ocr_line' id='line_1_11' title="bbox 219 1093 1918 1172; baseline 0.004 -22"><span class='ocrx_word' id='word_1_150' title='bbox 219 1098 375 1167; x_wconf 80' lang='lat' dir='ltr'>deperitura</span> <span class='ocrx_word' id='word_1_151' title='bbox 400 1117 488 1151; x_wconf 79' lang='lat' dir='ltr'>menni</span> <span class='ocrx_word' id='word_1_152' title='bbox 512 1117 598 1168; x_wconf 70' lang='lat' dir='ltr'>reaque</span> <span class='ocrx_word' id='word_1_153' title='bbox 624 1102 756 1153; x_wconf 78' lang='lat' dir='ltr'>acidiam</span> <span class='ocrx_word' id='word_1_154' title='bbox 782 1101 870 1154; x_wconf 84' lang='lat' dir='ltr'>ilium.</span> <span class='ocrx_word' id='word_1_155' title='bbox 906 1103 932 1168; x_wconf 84' lang='grc'>6)</span> <span class='ocrx_word' id='word_1_156' title='bbox 955 1101 980 1153; x_wconf 84' lang='grc' dir='ltr'><strong><em>Α</em></strong></span> <span class='ocrx_word' id='word_1_157' title='bbox 1000 1118 1053 1153; x_wconf 89' lang='lat' dir='ltr'>rne-</span> <span class='ocrx_word' id='word_1_158' title='bbox 1079 1098 1232 1152; x_wconf 82' lang='lat' dir='ltr'>concludit:</span> <span class='ocrx_word' id='word_1_159' title='bbox 1262 1103 1430 1172; x_wconf 82' lang='grc' dir='ltr'><strong><em>Νομίζοντες</em></strong></span> <span class='ocrx_word' id='word_1_160' title='bbox 1452 1093 1599 1154; x_wconf 66' lang='grc' dir='ltr'><strong><em>ἀθάνατον</em></strong></span> <span class='ocrx_word' id='word_1_161' title='bbox 1619 1098 1670 1167; x_wconf 74' lang='grc' dir='ltr'>τὴν</span> <span class='ocrx_word' id='word_1_162' title='bbox 1688 1099 1847 1171; x_wconf 78' lang='grc' dir='ltr'><strong><em>ψι·χὴνκοι</em></strong></span> <span class='ocrx_word' id='word_1_163' title='bbox 1866 1104 1918 1157; x_wconf 79' lang='lat' dir='ltr'>‹iu-</span> 
     </span>
     <span class='ocr_line' id='line_1_12' title="bbox 218 1182 1920 1258; baseline 0.003 -20"><span class='ocrx_word' id='word_1_164' title='bbox 218 1186 270 1238; x_wconf 83' lang='lat' dir='ltr'>riti</span> <span class='ocrx_word' id='word_1_165' title='bbox 294 1185 400 1238; x_wconf 78' lang='lat' dir='ltr'>Christi</span> <span class='ocrx_word' id='word_1_166' title='bbox 423 1186 568 1252; x_wconf 68' lang='lat' dir='ltr'>dianitote.</span> <span class='ocrx_word' id='word_1_167' title='bbox 604 1185 706 1240; x_wconf 79' lang='lat' dir='ltr'>Christi</span> <span class='ocrx_word' id='word_1_168' title='bbox 730 1187 856 1241; x_wconf 85' lang='lat' dir='ltr'>meritum</span> <span class='ocrx_word' id='word_1_169' title='bbox 885 1193 927 1241; x_wconf 87' lang='lat' dir='ltr'>est</span> <span class='ocrx_word' id='word_1_170' title='bbox 952 1185 1054 1240; x_wconf 85' lang='lat' dir='ltr'>infiniti</span> <span class='ocrx_word' id='word_1_171' title='bbox 1080 1184 1165 1251; x_wconf 73' lang='grc' dir='ltr'><strong><em>νατὴν</em></strong></span> <span class='ocrx_word' id='word_1_172' title='bbox 1184 1184 1350 1258; x_wconf 75' lang='grc' dir='ltr'>πάνταμὲν</span> <span class='ocrx_word' id='word_1_173' title='bbox 1369 1185 1438 1240; x_wconf 74' lang='grc' dir='ltr'><strong><em>κοινὰ</em></strong></span> <span class='ocrx_word' id='word_1_174' title='bbox 1456 1183 1617 1254; x_wconf 63' lang='grc' dir='ltr'><strong><em>ἀνέχεσθαι,</em></strong></span> <span class='ocrx_word' id='word_1_175' title='bbox 1641 1182 1736 1240; x_wconf 80' lang='grc' dir='ltr'><strong><em>πάντα</em></strong></span> <span class='ocrx_word' id='word_1_176' title='bbox 1761 1189 1793 1241; x_wconf 78' lang='grc' dir='ltr'>δὲ</span> <span class='ocrx_word' id='word_1_177' title='bbox 1813 1188 1920 1258; x_wconf 71' lang='lat' dir='ltr'>ayant,</span> 
     </span>
     <span class='ocr_line' id='line_1_13' title="bbox 219 1266 1919 1350; baseline 0.004 -27"><span class='ocrx_word' id='word_1_178' title='bbox 219 1270 363 1341; x_wconf 86' lang='lat' dir='ltr'>ponderis,</span> <span class='ocrx_word' id='word_1_179' title='bbox 389 1272 491 1326; x_wconf 84' lang='lat' dir='ltr'>valoris</span> <span class='ocrx_word' id='word_1_180' title='bbox 512 1289 544 1325; x_wconf 86' lang='lat' dir='ltr'>ao</span> <span class='ocrx_word' id='word_1_181' title='bbox 565 1272 723 1342; x_wconf 87' lang='lat' dir='ltr'>dignitatis,</span> <span class='ocrx_word' id='word_1_182' title='bbox 749 1273 785 1327; x_wconf 94' lang='lat' dir='ltr'>ob</span> <span class='ocrx_word' id='word_1_183' title='bbox 809 1290 957 1344; x_wconf 84' lang='lat' dir='ltr'>personae,</span> <span class='ocrx_word' id='word_1_184' title='bbox 982 1289 1053 1343; x_wconf 89' lang='lat' dir='ltr'>quae</span> <span class='ocrx_word' id='word_1_185' title='bbox 1080 1275 1127 1338; x_wconf 81' lang='grc' dir='ltr'>τῆς</span> <span class='ocrx_word' id='word_1_186' title='bbox 1155 1266 1213 1326; x_wconf 71' lang='lat' dir='ltr'>dina</span> <span class='ocrx_word' id='word_1_187' title='bbox 1238 1269 1310 1326; x_wconf 77' lang='grc' dir='ltr'><strong><em>όδοῡ</em></strong></span> <span class='ocrx_word' id='word_1_188' title='bbox 1335 1270 1377 1326; x_wconf 77' lang='lat' dir='ltr'>dei</span> <span class='ocrx_word' id='word_1_189' title='bbox 1401 1267 1522 1345; x_wconf 78' lang='grc' dir='ltr'><em>ἑξόμεθα</em></span> <span class='ocrx_word' id='word_1_190' title='bbox 1553 1278 1601 1326; x_wconf 77' lang='grc' dir='ltr'>καὶ</span> <span class='ocrx_word' id='word_1_191' title='bbox 1632 1272 1815 1342; x_wconf 75' lang='grc' dir='ltr'><strong><em>δικαιοσύνην</em></strong></span> <span class='ocrx_word' id='word_1_192' title='bbox 1847 1277 1919 1350; x_wconf 80' lang='grc' dir='ltr'><strong><em>μετὰ</em></strong></span> 
     </span>
     <span class='ocr_line' id='line_1_14' title="bbox 219 1353 1920 1434; baseline 0.002 -24"><span class='ocrx_word' id='word_1_193' title='bbox 219 1357 286 1419; x_wconf 82' lang='lat' dir='ltr'>iilud</span> <span class='ocrx_word' id='word_1_194' title='bbox 302 1358 448 1427; x_wconf 84' lang='lat' dir='ltr'>praestitit,</span> <span class='ocrx_word' id='word_1_195' title='bbox 468 1357 632 1429; x_wconf 86' lang='lat' dir='ltr'>dignitatem</span> <span class='ocrx_word' id='word_1_196' title='bbox 648 1364 675 1413; x_wconf 88' lang='lat' dir='ltr'>et</span> <span class='ocrx_word' id='word_1_197' title='bbox 688 1359 861 1415; x_wconf 89' lang='lat' dir='ltr'>infinitatem.</span> <span class='ocrx_word' id='word_1_198' title='bbox 880 1360 955 1431; x_wconf 85' lang='lat' dir='ltr'>Ergo</span> <span class='ocrx_word' id='word_1_199' title='bbox 971 1361 1053 1415; x_wconf 88' lang='lat' dir='ltr'>etiam</span> <span class='ocrx_word' id='word_1_200' title='bbox 1082 1353 1241 1431; x_wconf 79' lang='grc' dir='ltr'><strong><em>φρονήσεως</em></strong></span> <span class='ocrx_word' id='word_1_201' title='bbox 1255 1361 1338 1411; x_wconf 70' lang='grc' dir='ltr'><strong><em>παντὶ</em></strong></span> <span class='ocrx_word' id='word_1_202' title='bbox 1354 1353 1449 1430; x_wconf 83' lang='grc' dir='ltr'><strong><em>τρόπῳ</em></strong></span> <span class='ocrx_word' id='word_1_203' title='bbox 1463 1354 1695 1430; x_wconf 67' lang='grc' dir='ltr'><strong><em>ἐπιτηδεύσομεν,</em></strong></span> <span class='ocrx_word' id='word_1_204' title='bbox 1721 1364 1767 1414; x_wconf 77' lang='grc' dir='ltr'>ἵνα</span> <span class='ocrx_word' id='word_1_205' title='bbox 1786 1364 1833 1413; x_wconf 80' lang='grc' dir='ltr'>καὶ</span> <span class='ocrx_word' id='word_1_206' title='bbox 1849 1358 1920 1434; x_wconf 76' lang='grc' dir='ltr'><strong><em>ἡμῖν</em></strong></span> 
     </span>
     <span class='ocr_line' id='line_1_15' title="bbox 218 1437 1920 1519; baseline 0.003 -24"><span class='ocrx_word' id='word_1_207' title='bbox 218 1449 331 1498; x_wconf 87' lang='lat' dir='ltr'>aeterna</span> <span class='ocrx_word' id='word_1_208' title='bbox 350 1451 378 1497; x_wconf 86' lang='lat' dir='ltr'>et</span> <span class='ocrx_word' id='word_1_209' title='bbox 397 1442 505 1498; x_wconf 89' lang='lat' dir='ltr'>infinita</span> <span class='ocrx_word' id='word_1_210' title='bbox 525 1442 607 1513; x_wconf 87' lang='lat' dir='ltr'>bona,</span> <span class='ocrx_word' id='word_1_211' title='bbox 627 1462 681 1497; x_wconf 89' lang='lat' dir='ltr'>non</span> <span class='ocrx_word' id='word_1_212' title='bbox 700 1453 792 1499; x_wconf 86' lang='lat' dir='ltr'>autem</span> <span class='ocrx_word' id='word_1_213' title='bbox 809 1446 973 1514; x_wconf 85' lang='lat' dir='ltr'>temporalia</span> <span class='ocrx_word' id='word_1_214' title='bbox 986 1446 1054 1499; x_wconf 91' lang='lat' dir='ltr'>dun·</span> <span class='ocrx_word' id='word_1_215' title='bbox 1081 1446 1175 1504; x_wconf 78' lang='grc' dir='ltr'><strong><em>αὐτοῖς</em></strong></span> <span class='ocrx_word' id='word_1_216' title='bbox 1196 1448 1274 1516; x_wconf 65' lang='lat' dir='ltr'>attor</span> <span class='ocrx_word' id='word_1_217' title='bbox 1293 1437 1369 1512; x_wconf 79' lang='grc' dir='ltr'><strong><em>ὦμεν</em></strong></span> <span class='ocrx_word' id='word_1_218' title='bbox 1386 1449 1507 1505; x_wconf 78' lang='grc' dir='ltr'><strong><em>καὶτοῖς</em></strong></span> <span class='ocrx_word' id='word_1_219' title='bbox 1525 1451 1613 1512; x_wconf 73' lang='grc' dir='ltr'><strong><em>θεοῖς,</em></strong></span> <span class='ocrx_word' id='word_1_220' title='bbox 1633 1446 1720 1500; x_wconf 68' lang='lat' dir='ltr'>aizoi</span> <span class='ocrx_word' id='word_1_221' title='bbox 1739 1466 1768 1500; x_wconf 87' lang='grc' dir='ltr'><strong><em>τε</em></strong></span> <span class='ocrx_word' id='word_1_222' title='bbox 1786 1451 1920 1519; x_wconf 72' lang='grc' dir='ltr'><strong><em>μένοντες</em></strong></span> 
     </span>
     <span class='ocr_line' id='line_1_16' title="bbox 218 1524 1919 1606; baseline 0.004 -25"><span class='ocrx_word' id='word_1_223' title='bbox 218 1534 297 1582; x_wconf 75' lang='lat' dir='ltr'>mxat</span> <span class='ocrx_word' id='word_1_224' title='bbox 314 1531 438 1600; x_wconf 86' lang='lat' dir='ltr'>praemia</span> <span class='ocrx_word' id='word_1_225' title='bbox 457 1529 586 1583; x_wconf 85' lang='lat' dir='ltr'>memhris</span> <span class='ocrx_word' id='word_1_226' title='bbox 604 1531 660 1584; x_wconf 88' lang='lat' dir='ltr'>suis</span> <span class='ocrx_word' id='word_1_227' title='bbox 678 1532 837 1601; x_wconf 85' lang='lat' dir='ltr'>promeruit.</span> <span class='ocrx_word' id='word_1_228' title='bbox 857 1531 885 1602; x_wconf 72' lang='lat'>⁵1)</span> <span class='ocrx_word' id='word_1_229' title='bbox 905 1533 950 1585; x_wconf 72' lang='lat' dir='ltr'>Ab</span> <span class='ocrx_word' id='word_1_230' title='bbox 963 1533 1056 1598; x_wconf 79' lang='lat' dir='ltr'>officii</span> <span class='ocrx_word' id='word_1_231' title='bbox 1081 1525 1184 1584; x_wconf 70' lang='grc' dir='ltr'><strong><em>ἐνθάδε</em></strong></span> <span class='ocrx_word' id='word_1_232' title='bbox 1202 1534 1249 1584; x_wconf 80' lang='grc' dir='ltr'>καὶ</span> <span class='ocrx_word' id='word_1_233' title='bbox 1264 1530 1379 1586; x_wconf 66' lang='grc' dir='ltr'><strong><em>ἐπειδᾶν</em></strong></span> <span class='ocrx_word' id='word_1_234' title='bbox 1390 1527 1422 1585; x_wconf 77' lang='grc' dir='ltr'>τὰ</span> <span class='ocrx_word' id='word_1_235' title='bbox 1440 1524 1515 1584; x_wconf 76' lang='lat' dir='ltr'>isto</span> <span class='ocrx_word' id='word_1_236' title='bbox 1528 1527 1612 1598; x_wconf 78' lang='grc' dir='ltr'><strong><em>αὐτῆς</em></strong></span> <span class='ocrx_word' id='word_1_237' title='bbox 1621 1527 1810 1606; x_wconf 76' lang='grc' dir='ltr'><strong><em>νομιζόμεθα,</em></strong></span> <span class='ocrx_word' id='word_1_238' title='bbox 1824 1529 1919 1606; x_wconf 77' lang='grc' dir='ltr'><strong><em>ὥσπερ</em></strong></span> 
     </span>
     <span class='ocr_line' id='line_1_17' title="bbox 221 1611 1920 1692; baseline 0.002 -23"><span class='ocrx_word' id='word_1_239' title='bbox 221 1615 328 1669; x_wconf 79' lang='lat' dir='ltr'>Christi</span> <span class='ocrx_word' id='word_1_240' title='bbox 337 1618 515 1680; x_wconf 76' lang='lat' dir='ltr'>efficacitate.</span> <span class='ocrx_word' id='word_1_241' title='bbox 536 1615 662 1671; x_wconf 84' lang='lat' dir='ltr'>Christus</span> <span class='ocrx_word' id='word_1_242' title='bbox 676 1619 804 1671; x_wconf 82' lang='lat' dir='ltr'>aedetad</span> <span class='ocrx_word' id='word_1_243' title='bbox 814 1621 941 1672; x_wconf 66' lang='lat' dir='ltr'>dextram</span> <span class='ocrx_word' id='word_1_244' title='bbox 954 1618 1054 1671; x_wconf 82' lang='lat' dir='ltr'>Patris</span> <span class='ocrx_word' id='word_1_245' title='bbox 1080 1619 1108 1669; x_wconf 85' lang='lat' dir='ltr'>oi</span> <span class='ocrx_word' id='word_1_246' title='bbox 1126 1612 1276 1688; x_wconf 76' lang='grc' dir='ltr'><strong><em>νικηφόροι</em></strong></span> <span class='ocrx_word' id='word_1_247' title='bbox 1299 1611 1542 1691; x_wconf 73' lang='grc' dir='ltr'><strong><em>περιαγειρόμενοι</em></strong></span> <span class='ocrx_word' id='word_1_248' title='bbox 1565 1623 1612 1671; x_wconf 80' lang='grc' dir='ltr'>ναι</span> <span class='ocrx_word' id='word_1_249' title='bbox 1642 1613 1745 1673; x_wconf 70' lang='grc' dir='ltr'><strong><em>ἐνθάδε</em></strong></span> <span class='ocrx_word' id='word_1_250' title='bbox 1764 1623 1812 1672; x_wconf 76' lang='grc' dir='ltr'>καὶ</span> <span class='ocrx_word' id='word_1_251' title='bbox 1838 1620 1870 1672; x_wconf 69' lang='grc' dir='ltr'>ἐν</span> <span class='ocrx_word' id='word_1_252' title='bbox 1886 1622 1920 1692; x_wconf 74' lang='grc' dir='ltr'>τῇ</span> 
     </span>
     <span class='ocr_line' id='line_1_18' title="bbox 218 1697 1919 1777; baseline 0.002 -22"><span class='ocrx_word' id='word_1_253' title='bbox 218 1710 244 1755; x_wconf 90' lang='lat' dir='ltr'>et</span> <span class='ocrx_word' id='word_1_254' title='bbox 263 1703 428 1771; x_wconf 73' lang='lat' dir='ltr'>interpellat</span> <span class='ocrx_word' id='word_1_255' title='bbox 443 1721 500 1773; x_wconf 76' lang='lat' dir='ltr'>pra</span> <span class='ocrx_word' id='word_1_256' title='bbox 518 1705 595 1757; x_wconf 81' lang='lat' dir='ltr'>nobis</span> <span class='ocrx_word' id='word_1_257' title='bbox 615 1705 693 1760; x_wconf 87' lang='lat' dir='ltr'>Rom.</span> <span class='ocrx_word' id='word_1_258' title='bbox 713 1710 737 1773; x_wconf 85' lang='grc'>8,</span> <span class='ocrx_word' id='word_1_259' title='bbox 756 1721 780 1757; x_wconf 87' lang='lat' dir='ltr'>v.</span> <span class='ocrx_word' id='word_1_260' title='bbox 801 1710 843 1773; x_wconf 78' lang='lat'>34,</span> <span class='ocrx_word' id='word_1_261' title='bbox 863 1705 930 1772; x_wconf 84' lang='lat' dir='ltr'>uult,</span> <span class='ocrx_word' id='word_1_262' title='bbox 953 1712 984 1758; x_wconf 79' lang='lat' dir='ltr'>ut</span> <span class='ocrx_word' id='word_1_263' title='bbox 1006 1705 1056 1757; x_wconf 83' lang='lat' dir='ltr'>udi</span> <span class='ocrx_word' id='word_1_264' title='bbox 1079 1706 1195 1772; x_wconf 72' lang='grc' dir='ltr'><strong><em>χιιιιτει</em></strong></span> <span class='ocrx_word' id='word_1_265' title='bbox 1214 1708 1325 1776; x_wconf 75' lang='grc' dir='ltr'>πορείᾳ,</span> <span class='ocrx_word' id='word_1_266' title='bbox 1357 1697 1392 1776; x_wconf 72' lang='grc' dir='ltr'>ᾖν</span> <span class='ocrx_word' id='word_1_267' title='bbox 1426 1700 1646 1776; x_wconf 76' lang='grc' dir='ltr'><strong><em>διεληλύθαμεν,</em></strong></span> <span class='ocrx_word' id='word_1_268' title='bbox 1683 1699 1713 1757; x_wconf 81' lang='grc' dir='ltr'><strong><em>εὖ</em></strong></span> <span class='ocrx_word' id='word_1_269' title='bbox 1740 1701 1919 1777; x_wconf 74' lang='grc' dir='ltr'><em>πράττωμεν,</em></span> 
     </span>
     <span class='ocr_line' id='line_1_19' title="bbox 218 1788 1920 1860; baseline 0.008 -20"><span class='ocrx_word' id='word_1_270' title='bbox 218 1789 278 1858; x_wconf 81' lang='lat' dir='ltr'>ipae</span> <span class='ocrx_word' id='word_1_271' title='bbox 299 1797 348 1853; x_wconf 79' lang='lat' dir='ltr'>eet,</span> <span class='ocrx_word' id='word_1_272' title='bbox 368 1791 408 1842; x_wconf 84' lang='lat' dir='ltr'>ibi</span> <span class='ocrx_word' id='word_1_273' title='bbox 424 1807 532 1859; x_wconf 78' lang='lat' dir='ltr'>qnoque</span> <span class='ocrx_word' id='word_1_274' title='bbox 551 1792 589 1844; x_wconf 78' lang='lat' dir='ltr'>rit</span> <span class='ocrx_word' id='word_1_275' title='bbox 607 1791 735 1844; x_wconf 62' lang='lat' dir='ltr'>minanter</span> <span class='ocrx_word' id='word_1_276' title='bbox 754 1792 817 1860; x_wconf 78' lang='lat' dir='ltr'>ejna</span> <span class='ocrx_word' id='word_1_277' title='bbox 835 1791 900 1847; x_wconf 83' lang='lat' dir='ltr'>Joh.</span> <span class='ocrx_word' id='word_1_278' title='bbox 918 1797 957 1854; x_wconf 80' lang='lat'>12,</span> <span class='ocrx_word' id='word_1_279' title='bbox 972 1808 999 1848; x_wconf 83' lang='lat' dir='ltr'>v,</span> <span class='ocrx_word' id='word_1_280' title='bbox 1013 1797 1054 1846; x_wconf 82' lang='lat'>26.</span> <span class='ocrx_word' id='word_1_281' title='bbox 1079 1788 1263 1841; x_wconf 58' lang='lat' dir='ltr'>immortalem</span> <span class='ocrx_word' id='word_1_282' title='bbox 1282 1804 1342 1840; x_wconf 74' lang='lat'>⁰⁸⁸⁶</span> <span class='ocrx_word' id='word_1_283' title='bbox 1359 1788 1484 1841; x_wconf 65' lang='lat' dir='ltr'>animam</span> <span class='ocrx_word' id='word_1_284' title='bbox 1502 1795 1655 1841; x_wconf 59' lang='lat' dir='ltr'>timeum</span> <span class='ocrx_word' id='word_1_285' title='bbox 1669 1788 1823 1858; x_wconf 59' lang='lat' dir='ltr'>mittoque,</span> <span class='ocrx_word' id='word_1_286' title='bbox 1843 1799 1876 1845; x_wconf 66' lang='lat'>¹¹⁸</span> <span class='ocrx_word' id='word_1_287' title='bbox 1894 1799 1920 1844; x_wconf 65' lang='lat'>⁶⁶</span> 
     </span>
     <span class='ocr_line' id='line_1_20' title="bbox 118 1861 1920 1947; baseline 0.001 -19"><span class='ocrx_word' id='word_1_288' title='bbox 118 1912 121 1918; x_wconf 87' lang='lat'><em>-</em></span> <span class='ocrx_word' id='word_1_289' title='bbox 190 1861 195 1870; x_wconf 53' lang='lat'>⁵</span> <span class='ocrx_word' id='word_1_290' title='bbox 216 1890 279 1944; x_wconf 88' lang='lat' dir='ltr'>cap.</span> <span class='ocrx_word' id='word_1_291' title='bbox 301 1881 340 1939; x_wconf 85' lang='grc'>11,</span> <span class='ocrx_word' id='word_1_292' title='bbox 360 1893 385 1929; x_wconf 85' lang='lat' dir='ltr'>v.</span> <span class='ocrx_word' id='word_1_293' title='bbox 405 1882 444 1932; x_wconf 83' lang='grc'>24.</span> <span class='ocrx_word' id='word_1_294' title='bbox 465 1876 546 1931; x_wconf 89' lang='lat' dir='ltr'>Hanc</span> <span class='ocrx_word' id='word_1_295' title='bbox 563 1877 665 1932; x_wconf 81' lang='lat' dir='ltr'>Christi</span> <span class='ocrx_word' id='word_1_296' title='bbox 687 1877 910 1932; x_wconf 85' lang='lat' dir='ltr'>intercessionem</span> <span class='ocrx_word' id='word_1_297' title='bbox 925 1877 1054 1947; x_wconf 81' lang='lat' dir='ltr'>impossi-</span> <span class='ocrx_word' id='word_1_298' title='bbox 1080 1874 1158 1927; x_wconf 85' lang='lat' dir='ltr'>mala</span> <span class='ocrx_word' id='word_1_299' title='bbox 1180 1872 1274 1927; x_wconf 88' lang='lat' dir='ltr'>emnia</span> <span class='ocrx_word' id='word_1_300' title='bbox 1297 1873 1387 1942; x_wconf 78' lang='lat' dir='ltr'>poerit</span> <span class='ocrx_word' id='word_1_301' title='bbox 1411 1882 1437 1929; x_wconf 84' lang='lat' dir='ltr'>et</span> <span class='ocrx_word' id='word_1_302' title='bbox 1461 1875 1533 1927; x_wconf 84' lang='lat' dir='ltr'>bena</span> <span class='ocrx_word' id='word_1_303' title='bbox 1552 1875 1648 1928; x_wconf 86' lang='lat' dir='ltr'>omnia</span> <span class='ocrx_word' id='word_1_304' title='bbox 1664 1876 1819 1946; x_wconf 74' lang='lat' dir='ltr'>continere,</span> <span class='ocrx_word' id='word_1_305' title='bbox 1844 1879 1920 1930; x_wconf 86' lang='lat' dir='ltr'>viam</span> 
     </span>
     <span class='ocr_line' id='line_1_21' title="bbox 216 1960 1920 2031; baseline 0.002 -18"><span class='ocrx_word' id='word_1_306' title='bbox 216 1960 271 2015; x_wconf 87' lang='lat' dir='ltr'>bile</span> <span class='ocrx_word' id='word_1_307' title='bbox 295 1968 415 2017; x_wconf 88' lang='lat' dir='ltr'>estnon</span> <span class='ocrx_word' id='word_1_308' title='bbox 441 1962 564 2016; x_wconf 85' lang='lat' dir='ltr'>exaudiri</span> <span class='ocrx_word' id='word_1_309' title='bbox 587 1962 686 2018; x_wconf 85' lang='lat' dir='ltr'>Johan.</span> <span class='ocrx_word' id='word_1_310' title='bbox 716 1969 755 2031; x_wconf 90' lang='grc'>11,</span> <span class='ocrx_word' id='word_1_311' title='bbox 781 1981 806 2016; x_wconf 88' lang='lat' dir='ltr'>v.</span> <span class='ocrx_word' id='word_1_312' title='bbox 823 1969 865 2018; x_wconf 79' lang='lat'>42.</span> <span class='ocrx_word' id='word_1_313' title='bbox 902 1966 927 2028; x_wconf 80' lang='grc'>8)</span> <span class='ocrx_word' id='word_1_314' title='bbox 947 1965 974 2016; x_wconf 82' lang='grc' dir='ltr'><strong><em>Α</em></strong></span> <span class='ocrx_word' id='word_1_315' title='bbox 993 1982 1053 2019; x_wconf 85' lang='lat' dir='ltr'>cor-</span> <span class='ocrx_word' id='word_1_316' title='bbox 1080 1977 1189 2030; x_wconf 75' lang='lat' dir='ltr'>temper</span> <span class='ocrx_word' id='word_1_317' title='bbox 1207 1962 1248 2013; x_wconf 80' lang='grc' dir='ltr'>οιι</span> <span class='ocrx_word' id='word_1_318' title='bbox 1271 1961 1423 2029; x_wconf 79' lang='lat' dir='ltr'>ariperiora</span> <span class='ocrx_word' id='word_1_319' title='bbox 1441 1963 1584 2014; x_wconf 78' lang='lat' dir='ltr'>ducentem</span> <span class='ocrx_word' id='word_1_320' title='bbox 1604 1979 1750 2030; x_wconf 79' lang='lat' dir='ltr'>sequemur</span> <span class='ocrx_word' id='word_1_321' title='bbox 1768 1963 1920 2028; x_wconf 71' lang='lat' dir='ltr'>iustitiam-</span> 
     </span>
     <span class='ocr_line' id='line_1_22' title="bbox 216 2046 1920 2117; baseline 0.002 -15"><span class='ocrx_word' id='word_1_322' title='bbox 216 2048 372 2102; x_wconf 70' lang='lat' dir='ltr'>rotator-om</span> <span class='ocrx_word' id='word_1_323' title='bbox 395 2057 498 2102; x_wconf 76' lang='lat' dir='ltr'>notri-ra</span> <span class='ocrx_word' id='word_1_324' title='bbox 521 2058 547 2102; x_wconf 88' lang='grc' dir='ltr'>ιι</span> <span class='ocrx_word' id='word_1_325' title='bbox 564 2051 707 2117; x_wconf 81' lang='lat' dir='ltr'>qualitate.</span> <span class='ocrx_word' id='word_1_326' title='bbox 731 2050 857 2104; x_wconf 82' lang='lat' dir='ltr'>Christus</span> <span class='ocrx_word' id='word_1_327' title='bbox 879 2057 921 2104; x_wconf 88' lang='lat' dir='ltr'>est</span> <span class='ocrx_word' id='word_1_328' title='bbox 941 2068 991 2104; x_wconf 80' lang='lat' dir='ltr'>rea·</span> <span class='ocrx_word' id='word_1_329' title='bbox 1007 2067 1052 2104; x_wconf 78' lang='lat' dir='ltr'>aa·</span> <span class='ocrx_word' id='word_1_330' title='bbox 1081 2063 1133 2113; x_wconf 75' lang='lat' dir='ltr'>que</span> <span class='ocrx_word' id='word_1_331' title='bbox 1158 2063 1220 2098; x_wconf 87' lang='lat' dir='ltr'>enm</span> <span class='ocrx_word' id='word_1_332' title='bbox 1243 2047 1401 2117; x_wconf 82' lang='lat' dir='ltr'>prudentia</span> <span class='ocrx_word' id='word_1_333' title='bbox 1428 2046 1504 2099; x_wconf 85' lang='lat' dir='ltr'>omni</span> <span class='ocrx_word' id='word_1_334' title='bbox 1527 2050 1639 2100; x_wconf 82' lang='lat' dir='ltr'>ratione</span> <span class='ocrx_word' id='word_1_335' title='bbox 1669 2049 1805 2113; x_wconf 79' lang='grc' dir='ltr'><strong><em>οοιιπιιιε,</em></strong></span> <span class='ocrx_word' id='word_1_336' title='bbox 1833 2058 1865 2103; x_wconf 77' lang='grc' dir='ltr'>ιιι</span> <span class='ocrx_word' id='word_1_337' title='bbox 1894 2060 1920 2105; x_wconf 86' lang='grc' dir='ltr'>ιι</span> 
     </span>
     <span class='ocr_line' id='line_1_23' title="bbox 99 2132 1920 2208; baseline 0.002 -23"><span class='ocrx_word' id='word_1_338' title='bbox 99 2148 142 2192; x_wconf 62' lang='grc' dir='ltr'><strong>η</strong></span> <span class='ocrx_word' id='word_1_339' title='bbox 157 2148 203 2193; x_wconf 72' lang='lat' dir='ltr'>alo,</span> <span class='ocrx_word' id='word_1_340' title='bbox 217 2141 325 2200; x_wconf 79' lang='lat' dir='ltr'>ternae,</span> <span class='ocrx_word' id='word_1_341' title='bbox 359 2152 425 2205; x_wconf 82' lang='lat' dir='ltr'>ergo</span> <span class='ocrx_word' id='word_1_342' title='bbox 450 2136 532 2190; x_wconf 79' lang='lat' dir='ltr'>etiam</span> <span class='ocrx_word' id='word_1_343' title='bbox 557 2135 671 2191; x_wconf 83' lang='lat' dir='ltr'>habebit</span> <span class='ocrx_word' id='word_1_344' title='bbox 695 2136 723 2189; x_wconf 86' lang='lat' dir='ltr'>in</span> <span class='ocrx_word' id='word_1_345' title='bbox 754 2142 900 2192; x_wconf 75' lang='lat' dir='ltr'>aeternum·</span> <span class='ocrx_word' id='word_1_346' title='bbox 919 2137 1053 2208; x_wconf 77' lang='lat' dir='ltr'>quosdam</span> <span class='ocrx_word' id='word_1_347' title='bbox 1080 2132 1339 2200; x_wconf 81' lang='lat' dir='ltr'>nebiaipniaaimas</span> <span class='ocrx_word' id='word_1_348' title='bbox 1355 2141 1380 2186; x_wconf 89' lang='lat' dir='ltr'>et</span> <span class='ocrx_word' id='word_1_349' title='bbox 1396 2134 1458 2185; x_wconf 83' lang='lat' dir='ltr'>dcis</span> <span class='ocrx_word' id='word_1_350' title='bbox 1471 2133 1563 2200; x_wconf 83' lang='lat' dir='ltr'>amici,</span> <span class='ocrx_word' id='word_1_351' title='bbox 1581 2143 1608 2186; x_wconf 87' lang='lat' dir='ltr'>et</span> <span class='ocrx_word' id='word_1_352' title='bbox 1623 2135 1824 2189; x_wconf 79' lang='lat' dir='ltr'>hicmanentes</span> <span class='ocrx_word' id='word_1_353' title='bbox 1836 2154 1920 2206; x_wconf 75' lang='lat' dir='ltr'>nosne,</span> 
     </span>
     <span class='ocr_line' id='line_1_24' title="bbox 218 2220 1920 2293; baseline 0.001 -19"><span class='ocrx_word' id='word_1_354' title='bbox 218 2220 357 2289; x_wconf 83' lang='lat' dir='ltr'>subditos,</span> <span class='ocrx_word' id='word_1_355' title='bbox 381 2222 517 2292; x_wconf 87' lang='lat' dir='ltr'>aquibus</span> <span class='ocrx_word' id='word_1_356' title='bbox 538 2222 646 2276; x_wconf 84' lang='lat' dir='ltr'>colatur</span> <span class='ocrx_word' id='word_1_357' title='bbox 669 2230 698 2276; x_wconf 88' lang='lat' dir='ltr'>et</span> <span class='ocrx_word' id='word_1_358' title='bbox 718 2222 898 2293; x_wconf 81' lang='lat' dir='ltr'>glorificetur3</span> <span class='ocrx_word' id='word_1_359' title='bbox 927 2221 1053 2277; x_wconf 79' lang='lat' dir='ltr'>Christus</span> <span class='ocrx_word' id='word_1_360' title='bbox 1081 2226 1106 2269; x_wconf 82' lang='grc' dir='ltr'>οι</span> <span class='ocrx_word' id='word_1_361' title='bbox 1121 2227 1270 2287; x_wconf 79' lang='lat' dir='ltr'>postquam</span> <span class='ocrx_word' id='word_1_362' title='bbox 1290 2220 1352 2287; x_wconf 67' lang='lat' dir='ltr'>ejas</span> <span class='ocrx_word' id='word_1_363' title='bbox 1364 2220 1497 2290; x_wconf 78' lang='lat' dir='ltr'>praemia</span> <span class='ocrx_word' id='word_1_364' title='bbox 1515 2223 1763 2288; x_wconf 67' lang='lat' dir='ltr'>reportaverimus,</span> <span class='ocrx_word' id='word_1_365' title='bbox 1783 2231 1920 2291; x_wconf 74' lang='lat' dir='ltr'>tanquam</span> 
     </span>
     <span class='ocr_line' id='line_1_25' title="bbox 222 2304 1919 2380; baseline 0.001 -19"><span class='ocrx_word' id='word_1_366' title='bbox 222 2313 262 2361; x_wconf 87' lang='lat' dir='ltr'>est</span> <span class='ocrx_word' id='word_1_367' title='bbox 280 2316 409 2361; x_wconf 73' lang='lat' dir='ltr'>aeternam</span> <span class='ocrx_word' id='word_1_368' title='bbox 430 2326 557 2376; x_wconf 77' lang='grc' dir='ltr'><strong><em>εροοιιιο,</em></strong></span> <span class='ocrx_word' id='word_1_369' title='bbox 578 2326 645 2378; x_wconf 88' lang='lat' dir='ltr'>ergo</span> <span class='ocrx_word' id='word_1_370' title='bbox 664 2309 808 2363; x_wconf 85' lang='lat' dir='ltr'>eeclesiam</span> <span class='ocrx_word' id='word_1_371' title='bbox 827 2325 955 2380; x_wconf 77' lang='lat' dir='ltr'>sponsam</span> <span class='ocrx_word' id='word_1_372' title='bbox 974 2326 1052 2363; x_wconf 82' lang='lat' dir='ltr'>ruam</span> <span class='ocrx_word' id='word_1_373' title='bbox 1080 2304 1198 2357; x_wconf 86' lang='lat' dir='ltr'>victores</span> <span class='ocrx_word' id='word_1_374' title='bbox 1220 2305 1320 2374; x_wconf 83' lang='lat' dir='ltr'>stipem</span> <span class='ocrx_word' id='word_1_375' title='bbox 1348 2306 1512 2376; x_wconf 73' lang='lat' dir='ltr'>callipontea</span> <span class='ocrx_word' id='word_1_376' title='bbox 1538 2314 1565 2359; x_wconf 87' lang='grc' dir='ltr'>ιι</span> <span class='ocrx_word' id='word_1_377' title='bbox 1588 2306 1634 2359; x_wconf 77' lang='lat' dir='ltr'>irie</span> <span class='ocrx_word' id='word_1_378' title='bbox 1656 2315 1683 2360; x_wconf 88' lang='grc' dir='ltr'>ιι</span> <span class='ocrx_word' id='word_1_379' title='bbox 1708 2308 1737 2360; x_wconf 87' lang='lat' dir='ltr'>in</span> <span class='ocrx_word' id='word_1_380' title='bbox 1755 2308 1919 2362; x_wconf 77' lang='lat' dir='ltr'>millenaria</span> 
     </span>
     <span class='ocr_line' id='line_1_26' title="bbox 219 2391 1920 2467; baseline 0.004 -21"><span class='ocrx_word' id='word_1_381' title='bbox 219 2393 387 2464; x_wconf 84' lang='lat' dir='ltr'>glorificabit</span> <span class='ocrx_word' id='word_1_382' title='bbox 406 2394 486 2448; x_wconf 88' lang='lat' dir='ltr'>etad</span> <span class='ocrx_word' id='word_1_383' title='bbox 505 2410 534 2447; x_wconf 90' lang='lat' dir='ltr'>se</span> <span class='ocrx_word' id='word_1_384' title='bbox 556 2393 585 2446; x_wconf 92' lang='lat' dir='ltr'>in</span> <span class='ocrx_word' id='word_1_385' title='bbox 604 2395 766 2449; x_wconf 87' lang='lat' dir='ltr'>coelestium</span> <span class='ocrx_word' id='word_1_386' title='bbox 780 2396 938 2466; x_wconf 83' lang='lat' dir='ltr'>nuptiarum</span> <span class='ocrx_word' id='word_1_387' title='bbox 950 2396 1054 2467; x_wconf 86' lang='lat' dir='ltr'>gaudia</span> <span class='ocrx_word' id='word_1_388' title='bbox 1079 2391 1269 2460; x_wconf 73' lang='lat' dir='ltr'>profectione,</span> <span class='ocrx_word' id='word_1_389' title='bbox 1294 2410 1379 2460; x_wconf 79' lang='lat' dir='ltr'>qnam</span> <span class='ocrx_word' id='word_1_390' title='bbox 1394 2393 1576 2461; x_wconf 71' lang='lat' dir='ltr'>perfecimut,</span> <span class='ocrx_word' id='word_1_391' title='bbox 1606 2393 1730 2453; x_wconf 76' lang='lat' dir='ltr'>feliciter</span> <span class='ocrx_word' id='word_1_392' title='bbox 1757 2394 1920 2452; x_wconf 61' lang='lat' dir='ltr'>tatianum.</span> 
     </span>
     <span class='ocr_line' id='line_1_27' title="bbox 219 2473 1920 2555; baseline 0.001 -20"><span class='ocrx_word' id='word_1_393' title='bbox 219 2487 353 2548; x_wconf 56' lang='lat' dir='ltr'>assumam</span> <span class='ocrx_word' id='word_1_394' title='bbox 371 2479 497 2533; x_wconf 82' lang='lat' dir='ltr'>Christus</span> <span class='ocrx_word' id='word_1_395' title='bbox 516 2487 557 2534; x_wconf 89' lang='lat' dir='ltr'>est</span> <span class='ocrx_word' id='word_1_396' title='bbox 573 2483 709 2547; x_wconf 82' lang='grc' dir='ltr'><strong><em>εοινοιοτ,</em></strong></span> <span class='ocrx_word' id='word_1_397' title='bbox 728 2498 795 2553; x_wconf 86' lang='lat' dir='ltr'>ergo</span> <span class='ocrx_word' id='word_1_398' title='bbox 809 2483 891 2537; x_wconf 88' lang='lat' dir='ltr'>etiam</span> <span class='ocrx_word' id='word_1_399' title='bbox 909 2483 1054 2537; x_wconf 84' lang='lat' dir='ltr'>credentes</span> <span class='ocrx_word' id='word_1_400' title='bbox 1082 2477 1117 2531; x_wconf 74' lang='lat' dir='ltr'>Et</span> <span class='ocrx_word' id='word_1_401' title='bbox 1135 2477 1219 2546; x_wconf 86' lang='lat' dir='ltr'>paulo</span> <span class='ocrx_word' id='word_1_402' title='bbox 1239 2484 1304 2532; x_wconf 85' lang='lat' dir='ltr'>anto</span> <span class='ocrx_word' id='word_1_403' title='bbox 1321 2496 1348 2548; x_wconf 89' lang='lat' dir='ltr'>p.</span> <span class='ocrx_word' id='word_1_404' title='bbox 1369 2483 1435 2535; x_wconf 77' lang='lat' dir='ltr'>oto:</span> <span class='ocrx_word' id='word_1_405' title='bbox 1460 2479 1553 2538; x_wconf 79' lang='grc' dir='ltr'><strong><em>Οὕτως</em></strong></span> <span class='ocrx_word' id='word_1_406' title='bbox 1570 2473 1623 2553; x_wconf 72' lang='grc' dir='ltr'>ἄρα</span> <span class='ocrx_word' id='word_1_407' title='bbox 1650 2479 1827 2547; x_wconf 76' lang='grc' dir='ltr'>ὑποληπτέον</span> <span class='ocrx_word' id='word_1_408' title='bbox 1845 2484 1920 2555; x_wconf 73' lang='grc' dir='ltr'><strong><em>ιπερὶ</em></strong></span> 
     </span>
     <span class='ocr_line' id='line_1_28' title="bbox 169 2560 1918 2639; baseline 0.006 -19"><span class='ocrx_word' id='word_1_409' title='bbox 169 2560 174 2573; x_wconf 86' lang='grc'><strong>’</strong></span> <span class='ocrx_word' id='word_1_410' title='bbox 217 2566 247 2620; x_wconf 90' lang='lat' dir='ltr'>in</span> <span class='ocrx_word' id='word_1_411' title='bbox 263 2583 292 2619; x_wconf 86' lang='lat' dir='ltr'>so</span> <span class='ocrx_word' id='word_1_412' title='bbox 312 2565 445 2636; x_wconf 80' lang='lat' dir='ltr'>salvabit3</span> <span class='ocrx_word' id='word_1_413' title='bbox 464 2565 592 2621; x_wconf 85' lang='lat' dir='ltr'>Christus</span> <span class='ocrx_word' id='word_1_414' title='bbox 609 2573 652 2621; x_wconf 88' lang='lat' dir='ltr'>est</span> <span class='ocrx_word' id='word_1_415' title='bbox 668 2569 732 2638; x_wconf 84' lang='lat' dir='ltr'>ipsa</span> <span class='ocrx_word' id='word_1_416' title='bbox 749 2570 817 2637; x_wconf 85' lang='lat' dir='ltr'>vita,</span> <span class='ocrx_word' id='word_1_417' title='bbox 835 2585 901 2639; x_wconf 88' lang='lat' dir='ltr'>ergo</span> <span class='ocrx_word' id='word_1_418' title='bbox 920 2569 1053 2624; x_wconf 88' lang='lat' dir='ltr'>credenti·</span> <span class='ocrx_word' id='word_1_419' title='bbox 1080 2571 1130 2617; x_wconf 81' lang='grc' dir='ltr'>τοῦ</span> <span class='ocrx_word' id='word_1_420' title='bbox 1150 2566 1262 2619; x_wconf 73' lang='grc' dir='ltr'><strong><em>δικαίου</em></strong></span> <span class='ocrx_word' id='word_1_421' title='bbox 1282 2561 1395 2639; x_wconf 75' lang='grc' dir='ltr'>ἀνδρός,</span> <span class='ocrx_word' id='word_1_422' title='bbox 1415 2563 1464 2620; x_wconf 67' lang='grc' dir='ltr'>ἓᾶν</span> <span class='ocrx_word' id='word_1_423' title='bbox 1481 2562 1504 2618; x_wconf 76' lang='grc' dir='ltr'>τ’</span> <span class='ocrx_word' id='word_1_424' title='bbox 1525 2567 1556 2620; x_wconf 68' lang='grc' dir='ltr'>ἓν</span> <span class='ocrx_word' id='word_1_425' title='bbox 1568 2572 1652 2635; x_wconf 71' lang='grc' dir='ltr'><em>πενίᾳ</em></span> <span class='ocrx_word' id='word_1_426' title='bbox 1671 2571 1812 2636; x_wconf 65' lang='grc' dir='ltr'><strong><em>ιίννηῐαιι</em></strong></span> <span class='ocrx_word' id='word_1_427' title='bbox 1831 2564 1882 2622; x_wconf 63' lang='lat' dir='ltr'>itit</span> <span class='ocrx_word' id='word_1_428' title='bbox 1894 2566 1918 2623; x_wconf 69' lang='grc' dir='ltr'>τ’</span> 
     </span>
     <span class='ocr_line' id='line_1_29' title="bbox 219 2646 1920 2721; baseline 0.004 -19"><span class='ocrx_word' id='word_1_429' title='bbox 219 2651 271 2706; x_wconf 82' lang='lat' dir='ltr'>hus</span> <span class='ocrx_word' id='word_1_430' title='bbox 289 2652 368 2706; x_wconf 82' lang='lat' dir='ltr'>dabit</span> <span class='ocrx_word' id='word_1_431' title='bbox 386 2652 472 2707; x_wconf 83' lang='lat' dir='ltr'>vitam</span> <span class='ocrx_word' id='word_1_432' title='bbox 489 2659 636 2711; x_wconf 79' lang='lat' dir='ltr'>aeternam,</span> <span class='ocrx_word' id='word_1_433' title='bbox 1079 2652 1110 2704; x_wconf 72' lang='lat' dir='ltr'>tv</span> <span class='ocrx_word' id='word_1_434' title='bbox 1128 2646 1223 2711; x_wconf 85' lang='grc' dir='ltr'><strong><em>νόσοις</em></strong></span> <span class='ocrx_word' id='word_1_435' title='bbox 1242 2647 1260 2717; x_wconf 79' lang='grc' dir='ltr'><strong><em>ἤ</em></strong></span> <span class='ocrx_word' id='word_1_436' title='bbox 1279 2671 1333 2706; x_wconf 91' lang='grc' dir='ltr'><strong><em>τινι</em></strong></span> <span class='ocrx_word' id='word_1_437' title='bbox 1351 2646 1426 2721; x_wconf 76' lang='grc' dir='ltr'>ἄλλῳ</span> <span class='ocrx_word' id='word_1_438' title='bbox 1444 2654 1499 2706; x_wconf 81' lang='grc' dir='ltr'>τῶν</span> <span class='ocrx_word' id='word_1_439' title='bbox 1517 2647 1676 2707; x_wconf 69' lang='grc' dir='ltr'><strong><em>δοκούντων</em></strong></span> <span class='ocrx_word' id='word_1_440' title='bbox 1687 2655 1786 2720; x_wconf 76' lang='grc' dir='ltr'>κακῶν,</span> <span class='ocrx_word' id='word_1_441' title='bbox 1805 2652 1841 2715; x_wconf 79' lang='grc' dir='ltr'>ὡς</span> <span class='ocrx_word' id='word_1_442' title='bbox 1854 2653 1920 2709; x_wconf 77' lang='lat' dir='ltr'>rori·</span> 
     </span>
     <span class='ocr_line' id='line_1_30' title="bbox 254 2734 1920 2812; baseline 0.001 -18"><span class='ocrx_word' id='word_1_443' title='bbox 254 2744 295 2794; x_wconf 79' lang='lat'>21.</span> <span class='ocrx_word' id='word_1_444' title='bbox 330 2739 376 2792; x_wconf 87' lang='lat' dir='ltr'>Ad</span> <span class='ocrx_word' id='word_1_445' title='bbox 396 2741 575 2810; x_wconf 81' lang='lat' dir='ltr'>posteriorem</span> <span class='ocrx_word' id='word_1_446' title='bbox 594 2741 709 2796; x_wconf 83' lang='lat' dir='ltr'>classem</span> <span class='ocrx_word' id='word_1_447' title='bbox 734 2740 881 2810; x_wconf 83' lang='lat' dir='ltr'>pertinent,</span> <span class='ocrx_word' id='word_1_448' title='bbox 908 2758 978 2812; x_wconf 85' lang='lat' dir='ltr'>quae</span> <span class='ocrx_word' id='word_1_449' title='bbox 1005 2741 1054 2794; x_wconf 90' lang='lat' dir='ltr'>du·</span> <span class='ocrx_word' id='word_1_450' title='bbox 1080 2755 1116 2804; x_wconf 84' lang='grc' dir='ltr'>τῳ</span> <span class='ocrx_word' id='word_1_451' title='bbox 1136 2744 1224 2791; x_wconf 81' lang='grc' dir='ltr'><strong><em>ταῦτα</em></strong></span> <span class='ocrx_word' id='word_1_452' title='bbox 1246 2741 1285 2799; x_wconf 80' lang='grc' dir='ltr'>εις</span> <span class='ocrx_word' id='word_1_453' title='bbox 1302 2735 1416 2809; x_wconf 74' lang='grc' dir='ltr'><strong><em>ἀγαθόν</em></strong></span> <span class='ocrx_word' id='word_1_454' title='bbox 1434 2759 1460 2792; x_wconf 88' lang='grc' dir='ltr'>τι</span> <span class='ocrx_word' id='word_1_455' title='bbox 1482 2734 1635 2805; x_wconf 75' lang='grc' dir='ltr'><strong><em>τελευτήσει</em></strong></span> <span class='ocrx_word' id='word_1_456' title='bbox 1652 2743 1732 2803; x_wconf 77' lang='grc' dir='ltr'><strong><em>ζῶντι</em></strong></span> <span class='ocrx_word' id='word_1_457' title='bbox 1750 2739 1768 2807; x_wconf 81' lang='grc' dir='ltr'><em>ἢ</em></span> <span class='ocrx_word' id='word_1_458' title='bbox 1785 2739 1920 2795; x_wconf 78' lang='grc' dir='ltr'><em>καὶάπο-</em></span> 
     </span>
     <span class='ocr_line' id='line_1_31' title="bbox 217 2818 1921 2898; baseline 0.002 -19"><span class='ocrx_word' id='word_1_459' title='bbox 217 2833 318 2881; x_wconf 91' lang='lat' dir='ltr'>cuntur</span> <span class='ocrx_word' id='word_1_460' title='bbox 350 2828 374 2892; x_wconf 92' lang='grc'>1)</span> <span class='ocrx_word' id='word_1_461' title='bbox 409 2828 445 2880; x_wconf 84' lang='lat' dir='ltr'>ab</span> <span class='ocrx_word' id='word_1_462' title='bbox 472 2828 591 2881; x_wconf 79' lang='lat' dir='ltr'>hominis</span> <span class='ocrx_word' id='word_1_463' title='bbox 621 2828 769 2880; x_wconf 76' lang='lat' dir='ltr'>creatione.</span> <span class='ocrx_word' id='word_1_464' title='bbox 816 2827 890 2881; x_wconf 86' lang='lat' dir='ltr'>Deus</span> <span class='ocrx_word' id='word_1_465' title='bbox 915 2826 1053 2882; x_wconf 87' lang='lat' dir='ltr'>hominem</span> <span class='ocrx_word' id='word_1_466' title='bbox 1080 2818 1210 2877; x_wconf 75' lang='grc' dir='ltr'><strong><em>θανόντι·</em></strong></span> <span class='ocrx_word' id='word_1_467' title='bbox 1232 2819 1338 2896; x_wconf 77' lang='grc' dir='ltr'><strong><em>οὐγὰρ</em></strong></span> <span class='ocrx_word' id='word_1_468' title='bbox 1358 2819 1611 2894; x_wconf 71' lang='grc' dir='ltr'><strong><em>δὴὺπόγεθεῶν</em></strong></span> <span class='ocrx_word' id='word_1_469' title='bbox 1631 2827 1699 2880; x_wconf 79' lang='grc' dir='ltr'>ποτὲ</span> <span class='ocrx_word' id='word_1_470' title='bbox 1718 2824 1868 2898; x_wconf 76' lang='grc' dir='ltr'><strong><em>ἀμελεῖται,</em></strong></span> <span class='ocrx_word' id='word_1_471' title='bbox 1889 2825 1921 2890; x_wconf 77' lang='grc' dir='ltr'>ὃς</span> 
     </span>
     <span class='ocr_line' id='line_1_32' title="bbox 217 2904 1920 2985; baseline 0.005 -20"><span class='ocrx_word' id='word_1_472' title='bbox 217 2912 336 2982; x_wconf 85' lang='lat' dir='ltr'>primurn</span> <span class='ocrx_word' id='word_1_473' title='bbox 354 2912 479 2966; x_wconf 86' lang='lat' dir='ltr'>condidit</span> <span class='ocrx_word' id='word_1_474' title='bbox 497 2913 532 2966; x_wconf 89' lang='lat' dir='ltr'>ad</span> <span class='ocrx_word' id='word_1_475' title='bbox 551 2912 700 2984; x_wconf 80' lang='lat' dir='ltr'>imaginem</span> <span class='ocrx_word' id='word_1_476' title='bbox 718 2928 797 2966; x_wconf 85' lang='lat' dir='ltr'>suam</span> <span class='ocrx_word' id='word_1_477' title='bbox 816 2928 848 2966; x_wconf 89' lang='lat' dir='ltr'>ae</span> <span class='ocrx_word' id='word_1_478' title='bbox 864 2913 980 2982; x_wconf 85' lang='lat' dir='ltr'>proinde</span> <span class='ocrx_word' id='word_1_479' title='bbox 998 2931 1053 2969; x_wconf 90' lang='lat' dir='ltr'>non</span> <span class='ocrx_word' id='word_1_480' title='bbox 1079 2904 1115 2963; x_wconf 78' lang='grc' dir='ltr'>όν</span> <span class='ocrx_word' id='word_1_481' title='bbox 1127 2915 1341 2983; x_wconf 71' lang='grc' dir='ltr'><strong><em>προθυμεῖσθαι</em></strong></span> <span class='ocrx_word' id='word_1_482' title='bbox 1361 2913 1441 2985; x_wconf 64' lang='lat' dir='ltr'>{stip</span> <span class='ocrx_word' id='word_1_483' title='bbox 1460 2913 1568 2972; x_wconf 71' lang='lat' dir='ltr'>itroire</span> <span class='ocrx_word' id='word_1_484' title='bbox 1587 2917 1802 2983; x_wconf 74' lang='grc' dir='ltr'><strong><em>γίγνεσθαικαὶ</em></strong></span> <span class='ocrx_word' id='word_1_485' title='bbox 1820 2915 1920 2983; x_wconf 71' lang='grc' dir='ltr'><strong><em>ἐπιτη-</em></strong></span> 
     </span>
     <span class='ocr_line' id='line_1_33' title="bbox 219 2991 1938 3074; baseline 0.003 -26"><span class='ocrx_word' id='word_1_486' title='bbox 219 2998 256 3054; x_wconf 89' lang='lat' dir='ltr'>ad</span> <span class='ocrx_word' id='word_1_487' title='bbox 273 2999 347 3054; x_wconf 81' lang='lat' dir='ltr'>hane</span> <span class='ocrx_word' id='word_1_488' title='bbox 365 3000 500 3054; x_wconf 81' lang='lat' dir='ltr'>duntaxat</span> <span class='ocrx_word' id='word_1_489' title='bbox 519 3007 657 3055; x_wconf 79' lang='lat' dir='ltr'>terrenam</span> <span class='ocrx_word' id='word_1_490' title='bbox 681 3004 709 3053; x_wconf 87' lang='lat' dir='ltr'>et</span> <span class='ocrx_word' id='word_1_491' title='bbox 730 3000 918 3055; x_wconf 77' lang='lat' dir='ltr'>transitoriam</span> <span class='ocrx_word' id='word_1_492' title='bbox 942 3001 992 3054; x_wconf 76' lang='lat' dir='ltr'>red</span> <span class='ocrx_word' id='word_1_493' title='bbox 1017 3001 1053 3055; x_wconf 85' lang='lat' dir='ltr'>ad</span> <span class='ocrx_word' id='word_1_494' title='bbox 1081 2993 1170 3050; x_wconf 77' lang='grc' dir='ltr'><strong><em>δεύων</em></strong></span> <span class='ocrx_word' id='word_1_495' title='bbox 1190 2993 1292 3070; x_wconf 78' lang='grc' dir='ltr'><strong><em>ἀρετὴν</em></strong></span> <span class='ocrx_word' id='word_1_496' title='bbox 1310 3000 1349 3058; x_wconf 73' lang='grc' dir='ltr'><strong><em>εἰς</em></strong></span> <span class='ocrx_word' id='word_1_497' title='bbox 1367 2991 1434 3051; x_wconf 84' lang='grc' dir='ltr'><strong><em>ὅσον</em></strong></span> <span class='ocrx_word' id='word_1_498' title='bbox 1452 2994 1574 3052; x_wconf 80' lang='grc' dir='ltr'><strong><em>δυνατὸν</em></strong></span> <span class='ocrx_word' id='word_1_499' title='bbox 1587 2995 1728 3068; x_wconf 77' lang='grc' dir='ltr'>ἀνθρώπῳ</span> <span class='ocrx_word' id='word_1_500' title='bbox 1744 2992 1938 3074; x_wconf 51' lang='grc' dir='ltr'><strong><em>ὁμοιοῦσθαί</em></strong></span> 
     </span>
     <span class='ocr_line' id='line_1_34' title="bbox 220 3083 2019 3157; baseline 0.004 -17"><span class='ocrx_word' id='word_1_501' title='bbox 220 3086 366 3141; x_wconf 84' lang='lat' dir='ltr'>coelestem</span> <span class='ocrx_word' id='word_1_502' title='bbox 387 3090 415 3141; x_wconf 87' lang='lat' dir='ltr'>et</span> <span class='ocrx_word' id='word_1_503' title='bbox 433 3093 573 3141; x_wconf 87' lang='lat' dir='ltr'>aeternam</span> <span class='ocrx_word' id='word_1_504' title='bbox 592 3086 693 3156; x_wconf 78' lang='lat' dir='ltr'>vitam,</span> <span class='ocrx_word' id='word_1_505' title='bbox 717 3084 817 3142; x_wconf 81' lang='lat' dir='ltr'>Genea.</span> <span class='ocrx_word' id='word_1_506' title='bbox 839 3093 861 3155; x_wconf 89' lang='grc'>1,</span> <span class='ocrx_word' id='word_1_507' title='bbox 882 3104 908 3140; x_wconf 86' lang='lat' dir='ltr'>v.</span> <span class='ocrx_word' id='word_1_508' title='bbox 928 3093 967 3142; x_wconf 79' lang='grc'>21.</span> <span class='ocrx_word' id='word_1_509' title='bbox 987 3086 1052 3157; x_wconf 88' lang='lat' dir='ltr'>Sap.</span> <span class='ocrx_word' id='word_1_510' title='bbox 1081 3084 1148 3152; x_wconf 72' lang='grc' dir='ltr'>θεῷ,</span> <span class='ocrx_word' id='word_1_511' title='bbox 1165 3083 1206 3134; x_wconf 69' lang='lat' dir='ltr'>ric</span> <span class='ocrx_word' id='word_1_512' title='bbox 1224 3083 1439 3136; x_wconf 42' lang='lat' dir='ltr'>tantimodum</span> <span class='ocrx_word' id='word_1_513' title='bbox 1452 3091 1492 3135; x_wconf 71' lang='lat'>0⁸⁶</span> <span class='ocrx_word' id='word_1_514' title='bbox 1512 3085 1548 3137; x_wconf 65' lang='lat' dir='ltr'>dt</span> <span class='ocrx_word' id='word_1_515' title='bbox 1560 3084 1669 3137; x_wconf 63' lang='lat' dir='ltr'>homine</span> <span class='ocrx_word' id='word_1_516' title='bbox 1680 3085 1765 3153; x_wconf 59' lang='lat' dir='ltr'>intio,</span> <span class='ocrx_word' id='word_1_517' title='bbox 1784 3087 1842 3139; x_wconf 62' lang='lat'>850⁶</span> <span class='ocrx_word' id='word_1_518' title='bbox 1855 3105 1919 3140; x_wconf 70' lang='lat' dir='ltr'>cvm</span> <span class='ocrx_word' id='word_1_519' title='bbox 1932 3108 2019 3150; x_wconf 76' lang='lat' dir='ltr'>11.ss</span> 
     </span>
     <span class='ocr_line' id='line_1_35' title="bbox 221 3169 1919 3243; baseline 0.004 -22"><span class='ocrx_word' id='word_1_520' title='bbox 221 3178 245 3238; x_wconf 80' lang='lat'>2,</span> <span class='ocrx_word' id='word_1_521' title='bbox 265 3191 289 3227; x_wconf 85' lang='lat' dir='ltr'>v,</span> <span class='ocrx_word' id='word_1_522' title='bbox 313 3178 352 3228; x_wconf 80' lang='grc'>23.</span> <span class='ocrx_word' id='word_1_523' title='bbox 389 3172 520 3237; x_wconf 79' lang='lat' dir='ltr'>Quamvis</span> <span class='ocrx_word' id='word_1_524' title='bbox 538 3190 605 3227; x_wconf 74' lang='lat' dir='ltr'>varo</span> <span class='ocrx_word' id='word_1_525' title='bbox 628 3175 737 3227; x_wconf 79' lang='lat' dir='ltr'>invidia</span> <span class='ocrx_word' id='word_1_526' title='bbox 759 3174 903 3227; x_wconf 71' lang='lat' dir='ltr'>Santonae</span> <span class='ocrx_word' id='word_1_527' title='bbox 921 3193 995 3228; x_wconf 78' lang='lat' dir='ltr'>mor-r</span> <span class='ocrx_word' id='word_1_528' title='bbox 1011 3175 1054 3226; x_wconf 80' lang='lat' dir='ltr'>t‘n-</span> <span class='ocrx_word' id='word_1_529' title='bbox 1079 3176 1246 3236; x_wconf 80' lang='lat' dir='ltr'>paupertate</span> <span class='ocrx_word' id='word_1_530' title='bbox 1263 3169 1447 3238; x_wconf 76' lang='lat' dir='ltr'>conflictatur,</span> <span class='ocrx_word' id='word_1_531' title='bbox 1473 3170 1530 3222; x_wconf 79' lang='lat' dir='ltr'>sive</span> <span class='ocrx_word' id='word_1_532' title='bbox 1549 3186 1612 3222; x_wconf 79' lang='lat' dir='ltr'>oum</span> <span class='ocrx_word' id='word_1_533' title='bbox 1633 3172 1744 3238; x_wconf 78' lang='lat' dir='ltr'>morbis,</span> <span class='ocrx_word' id='word_1_534' title='bbox 1764 3175 1821 3225; x_wconf 68' lang='lat' dir='ltr'>are</span> <span class='ocrx_word' id='word_1_535' title='bbox 1838 3173 1919 3243; x_wconf 79' lang='lat' dir='ltr'>aliia,</span> 
     </span>
     <span class='ocr_line' id='line_1_36' title="bbox 219 3255 1920 3328; baseline 0.005 -18"><span class='ocrx_word' id='word_1_536' title='bbox 219 3259 336 3311; x_wconf 76' lang='grc' dir='ltr'><strong><em>ιιοοοιιι</em></strong></span> <span class='ocrx_word' id='word_1_537' title='bbox 355 3259 385 3310; x_wconf 78' lang='grc' dir='ltr'>ιιι</span> <span class='ocrx_word' id='word_1_538' title='bbox 403 3262 545 3328; x_wconf 77' lang='lat' dir='ltr'>nondun,</span> <span class='ocrx_word' id='word_1_539' title='bbox 563 3264 656 3314; x_wconf 81' lang='lat' dir='ltr'>tamen</span> <span class='ocrx_word' id='word_1_540' title='bbox 672 3259 763 3315; x_wconf 83' lang='lat' dir='ltr'>noluit</span> <span class='ocrx_word' id='word_1_541' title='bbox 775 3259 860 3325; x_wconf 83' lang='lat' dir='ltr'>Deus,</span> <span class='ocrx_word' id='word_1_542' title='bbox 879 3259 961 3315; x_wconf 86' lang='lat' dir='ltr'>finem</span> <span class='ocrx_word' id='word_1_543' title='bbox 973 3261 1053 3314; x_wconf 82' lang='lat' dir='ltr'>illum</span> <span class='ocrx_word' id='word_1_544' title='bbox 1080 3271 1152 3323; x_wconf 77' lang='lat' dir='ltr'>quar</span> <span class='ocrx_word' id='word_1_545' title='bbox 1180 3255 1310 3308; x_wconf 73' lang='lat' dir='ltr'>videntur</span> <span class='ocrx_word' id='word_1_546' title='bbox 1335 3255 1426 3319; x_wconf 78' lang='lat' dir='ltr'>mala,</span> <span class='ocrx_word' id='word_1_547' title='bbox 1450 3259 1528 3324; x_wconf 76' lang='lat' dir='ltr'>ruod</span> <span class='ocrx_word' id='word_1_548' title='bbox 1554 3257 1625 3310; x_wconf 72' lang='lat' dir='ltr'>taen</span> <span class='ocrx_word' id='word_1_549' title='bbox 1656 3258 1723 3311; x_wconf 78' lang='lat' dir='ltr'>bont</span> <span class='ocrx_word' id='word_1_550' title='bbox 1750 3258 1867 3328; x_wconf 71' lang='lat' dir='ltr'>aliquid</span> <span class='ocrx_word' id='word_1_551' title='bbox 1891 3263 1920 3314; x_wconf 78' lang='lat' dir='ltr'>ri</span> 
     </span>
     <span class='ocr_line' id='line_1_37' title="bbox 220 3342 1919 3418; baseline 0.006 -20"><span class='ocrx_word' id='word_1_552' title='bbox 220 3344 366 3398; x_wconf 83' lang='lat' dir='ltr'>creationis</span> <span class='ocrx_word' id='word_1_553' title='bbox 381 3346 490 3415; x_wconf 81' lang='lat' dir='ltr'>penitus</span> <span class='ocrx_word' id='word_1_554' title='bbox 506 3346 657 3412; x_wconf 83' lang='lat' dir='ltr'>interverti,</span> <span class='ocrx_word' id='word_1_555' title='bbox 674 3346 737 3402; x_wconf 90' lang='lat' dir='ltr'>ideo</span> <span class='ocrx_word' id='word_1_556' title='bbox 751 3364 801 3418; x_wconf 89' lang='lat' dir='ltr'>per</span> <span class='ocrx_word' id='word_1_557' title='bbox 814 3346 953 3400; x_wconf 77' lang='lat' dir='ltr'>Christum</span> <span class='ocrx_word' id='word_1_558' title='bbox 968 3348 1053 3400; x_wconf 88' lang='lat' dir='ltr'>vitam</span> <span class='ocrx_word' id='word_1_559' title='bbox 1081 3342 1194 3394; x_wconf 75' lang='lat' dir='ltr'>landem</span> <span class='ocrx_word' id='word_1_560' title='bbox 1209 3342 1344 3411; x_wconf 55' lang='lat' dir='ltr'>potiora</span> <span class='ocrx_word' id='word_1_561' title='bbox 1355 3344 1420 3411; x_wconf 65' lang='lat' dir='ltr'>tini,</span> <span class='ocrx_word' id='word_1_562' title='bbox 1441 3345 1500 3397; x_wconf 64' lang='lat' dir='ltr'>rive</span> <span class='ocrx_word' id='word_1_563' title='bbox 1516 3345 1626 3408; x_wconf 61' lang='lat' dir='ltr'>viventi,</span> <span class='ocrx_word' id='word_1_564' title='bbox 1640 3347 1696 3399; x_wconf 69' lang='lat'>82&#39;2’0</span> <span class='ocrx_word' id='word_1_565' title='bbox 1714 3353 1831 3400; x_wconf 73' lang='lat' dir='ltr'>mOrttw·</span> <span class='ocrx_word' id='word_1_566' title='bbox 1851 3349 1919 3402; x_wconf 72' lang='lat' dir='ltr'>Non</span> 
     </span>
     <span class='ocr_line' id='line_1_38' title="bbox 219 3428 1917 3504; baseline 0.007 -20"><span class='ocrx_word' id='word_1_567' title='bbox 219 3431 359 3500; x_wconf 80' lang='lat' dir='ltr'>reparavit</span> <span class='ocrx_word' id='word_1_568' title='bbox 382 3437 410 3485; x_wconf 88' lang='lat' dir='ltr'>et</span> <span class='ocrx_word' id='word_1_569' title='bbox 434 3431 469 3485; x_wconf 86' lang='lat' dir='ltr'>sd</span> <span class='ocrx_word' id='word_1_570' title='bbox 489 3433 605 3500; x_wconf 87' lang='lat' dir='ltr'>primam</span> <span class='ocrx_word' id='word_1_571' title='bbox 627 3432 815 3504; x_wconf 88' lang='lat' dir='ltr'>integritatem</span> <span class='ocrx_word' id='word_1_572' title='bbox 839 3433 932 3487; x_wconf 90' lang='lat' dir='ltr'>omnia</span> <span class='ocrx_word' id='word_1_573' title='bbox 956 3435 1053 3488; x_wconf 87' lang='lat' dir='ltr'>iterum</span> <span class='ocrx_word' id='word_1_574' title='bbox 1080 3428 1154 3480; x_wconf 82' lang='lat' dir='ltr'>enirn</span> <span class='ocrx_word' id='word_1_575' title='bbox 1176 3445 1301 3497; x_wconf 72' lang='grc' dir='ltr'><strong><em>ιιιιοιιοιπ</em></strong></span> <span class='ocrx_word' id='word_1_576' title='bbox 1329 3429 1480 3498; x_wconf 71' lang='grc' dir='ltr'><strong><em>ιιοοιιοίινν</em></strong></span> <span class='ocrx_word' id='word_1_577' title='bbox 1510 3449 1528 3482; x_wconf 79' lang='grc' dir='ltr'><em>α</em></span> <span class='ocrx_word' id='word_1_578' title='bbox 1554 3433 1624 3496; x_wconf 63' lang='grc' dir='ltr'><strong><em>(ἶῖίδι</em></strong></span> <span class='ocrx_word' id='word_1_579' title='bbox 1658 3433 1708 3500; x_wconf 61' lang='grc' dir='ltr'><strong><em>ιιϋῑ</em></strong></span> <span class='ocrx_word' id='word_1_580' title='bbox 1737 3435 1917 3502; x_wconf 58' lang='lat' dir='ltr'>primmdum</span> 
     </span>
     <span class='ocr_line' id='line_1_39' title="bbox 219 3514 1916 3589; baseline 0.002 -20"><span class='ocrx_word' id='word_1_581' title='bbox 219 3517 335 3587; x_wconf 82' lang='lat' dir='ltr'>redegit.</span> <span class='ocrx_word' id='word_1_582' title='bbox 373 3515 475 3571; x_wconf 87' lang='lat' dir='ltr'>Confer</span> <span class='ocrx_word' id='word_1_583' title='bbox 498 3524 577 3581; x_wconf 83' lang='lat' dir='ltr'>tract</span> <span class='ocrx_word' id='word_1_584' title='bbox 602 3519 636 3574; x_wconf 89' lang='lat' dir='ltr'>de</span> <span class='ocrx_word' id='word_1_585' title='bbox 662 3525 805 3574; x_wconf 88' lang='lat' dir='ltr'>resurrect.</span> <span class='ocrx_word' id='word_1_586' title='bbox 829 3526 853 3586; x_wconf 58' lang='grc' dir='ltr'>ᾗ.</span> <span class='ocrx_word' id='word_1_587' title='bbox 878 3525 919 3575; x_wconf 81' lang='grc'>23,</span> <span class='ocrx_word' id='word_1_588' title='bbox 957 3522 983 3589; x_wconf 75' lang='grc' dir='ltr'>ι)</span> <span class='ocrx_word' id='word_1_589' title='bbox 1009 3520 1054 3573; x_wconf 79' lang='lat' dir='ltr'>Ab</span> <span class='ocrx_word' id='word_1_590' title='bbox 1080 3514 1161 3569; x_wconf 82' lang='lat' dir='ltr'>habet</span> <span class='ocrx_word' id='word_1_591' title='bbox 1183 3515 1257 3583; x_wconf 77' lang='lat' dir='ltr'>juata</span> <span class='ocrx_word' id='word_1_592' title='bbox 1279 3516 1394 3568; x_wconf 79' lang='lat' dir='ltr'>vivendi</span> <span class='ocrx_word' id='word_1_593' title='bbox 1417 3533 1451 3568; x_wconf 86' lang='lat' dir='ltr'>oc</span> <span class='ocrx_word' id='word_1_594' title='bbox 1471 3517 1600 3570; x_wconf 78' lang='lat' dir='ltr'>virtutem</span> <span class='ocrx_word' id='word_1_595' title='bbox 1626 3517 1754 3582; x_wconf 81' lang='lat' dir='ltr'>colende,</span> <span class='ocrx_word' id='word_1_596' title='bbox 1782 3528 1916 3586; x_wconf 71' lang='lat' dir='ltr'>errantum</span> 
     </span>
     <span class='ocr_line' id='line_1_40' title="bbox 220 3601 1916 3670; baseline 0.004 -14"><span class='ocrx_word' id='word_1_597' title='bbox 220 3604 331 3656; x_wconf 87' lang='lat' dir='ltr'>animae</span> <span class='ocrx_word' id='word_1_598' title='bbox 350 3612 454 3657; x_wconf 85' lang='lat' dir='ltr'>natura</span> <span class='ocrx_word' id='word_1_599' title='bbox 471 3613 497 3657; x_wconf 91' lang='lat' dir='ltr'>et</span> <span class='ocrx_word' id='word_1_600' title='bbox 516 3606 686 3662; x_wconf 82' lang='lat' dir='ltr'>conditione.</span> <span class='ocrx_word' id='word_1_601' title='bbox 721 3606 823 3660; x_wconf 85' lang='lat' dir='ltr'>Anima</span> <span class='ocrx_word' id='word_1_602' title='bbox 840 3604 959 3660; x_wconf 89' lang='lat' dir='ltr'>hominis</span> <span class='ocrx_word' id='word_1_603' title='bbox 979 3612 1056 3660; x_wconf 83' lang='lat' dir='ltr'>esta</span> <span class='ocrx_word' id='word_1_604' title='bbox 1079 3601 1185 3654; x_wconf 67' lang='lat' dir='ltr'>homini</span> <span class='ocrx_word' id='word_1_605' title='bbox 1198 3601 1335 3670; x_wconf 56' lang='lat' dir='ltr'>possible</span> <span class='ocrx_word' id='word_1_606' title='bbox 1355 3609 1403 3665; x_wconf 71' lang='lat' dir='ltr'>eti,</span> <span class='ocrx_word' id='word_1_607' title='bbox 1430 3605 1492 3656; x_wconf 77' lang='lat' dir='ltr'>Deo</span> <span class='ocrx_word' id='word_1_608' title='bbox 1511 3603 1613 3655; x_wconf 79' lang='lat' dir='ltr'>similia</span> <span class='ocrx_word' id='word_1_609' title='bbox 1631 3606 1776 3660; x_wconf 79' lang='lat' dir='ltr'>evadendi.</span> <span class='ocrx_word' id='word_1_610' title='bbox 1815 3605 1916 3662; x_wconf 85' lang='lat' dir='ltr'>Phere-</span> 
     </span>
     <span class='ocr_line' id='line_1_41' title="bbox 219 3687 1915 3763; baseline 0.001 -19"><span class='ocrx_word' id='word_1_611' title='bbox 219 3690 280 3744; x_wconf 88' lang='lat' dir='ltr'>Deo</span> <span class='ocrx_word' id='word_1_612' title='bbox 298 3690 410 3744; x_wconf 89' lang='lat' dir='ltr'>condita</span> <span class='ocrx_word' id='word_1_613' title='bbox 427 3689 597 3759; x_wconf 87' lang='lat' dir='ltr'>immortalis,</span> <span class='ocrx_word' id='word_1_614' title='bbox 618 3708 703 3762; x_wconf 89' lang='lat' dir='ltr'>quare</span> <span class='ocrx_word' id='word_1_615' title='bbox 722 3710 776 3746; x_wconf 91' lang='lat' dir='ltr'>non</span> <span class='ocrx_word' id='word_1_616' title='bbox 796 3692 981 3763; x_wconf 81' lang='lat' dir='ltr'>exstinguitur</span> <span class='ocrx_word' id='word_1_617' title='bbox 999 3711 1054 3748; x_wconf 92' lang='lat' dir='ltr'>una</span> <span class='ocrx_word' id='word_1_618' title='bbox 1080 3687 1166 3759; x_wconf 84' lang='lat' dir='ltr'>oydes</span> <span class='ocrx_word' id='word_1_619' title='bbox 1177 3687 1318 3758; x_wconf 78' lang='lat' dir='ltr'>Assyrius,</span> <span class='ocrx_word' id='word_1_620' title='bbox 1338 3705 1399 3742; x_wconf 92' lang='lat' dir='ltr'>cum</span> <span class='ocrx_word' id='word_1_621' title='bbox 1421 3687 1588 3759; x_wconf 86' lang='lat' dir='ltr'>disputasset</span> <span class='ocrx_word' id='word_1_622' title='bbox 1606 3690 1641 3744; x_wconf 86' lang='lat' dir='ltr'>de</span> <span class='ocrx_word' id='word_1_623' title='bbox 1660 3690 1719 3745; x_wconf 79' lang='lat' dir='ltr'>vita</span> <span class='ocrx_word' id='word_1_624' title='bbox 1726 3696 1915 3761; x_wconf 88' lang='lat' dir='ltr'>postmortem</span> 
     </span>
     <span class='ocr_line' id='line_1_42' title="bbox 219 3773 1915 3849; baseline 0.002 -18"><span class='ocrx_word' id='word_1_625' title='bbox 219 3793 283 3831; x_wconf 91' lang='lat' dir='ltr'>cum</span> <span class='ocrx_word' id='word_1_626' title='bbox 301 3793 425 3846; x_wconf 86' lang='lat' dir='ltr'>corpora,</span> <span class='ocrx_word' id='word_1_627' title='bbox 446 3778 493 3831; x_wconf 90' lang='lat' dir='ltr'>sed</span> <span class='ocrx_word' id='word_1_628' title='bbox 514 3796 530 3832; x_wconf 89' lang='lat' dir='ltr'>a</span> <span class='ocrx_word' id='word_1_629' title='bbox 548 3795 662 3848; x_wconf 87' lang='lat' dir='ltr'>corpore</span> <span class='ocrx_word' id='word_1_630' title='bbox 682 3784 811 3849; x_wconf 84' lang='lat' dir='ltr'>separata</span> <span class='ocrx_word' id='word_1_631' title='bbox 828 3779 918 3833; x_wconf 89' lang='lat' dir='ltr'>adhue</span> <span class='ocrx_word' id='word_1_632' title='bbox 941 3779 1008 3834; x_wconf 86' lang='lat' dir='ltr'>vivit</span> <span class='ocrx_word' id='word_1_633' title='bbox 1025 3781 1052 3833; x_wconf 92' lang='lat' dir='ltr'>in</span> <span class='ocrx_word' id='word_1_634' title='bbox 1080 3773 1182 3840; x_wconf 82' lang='lat' dir='ltr'>futura,</span> <span class='ocrx_word' id='word_1_635' title='bbox 1202 3773 1390 3844; x_wconf 72' lang='lat' dir='ltr'>Pythagoram</span> <span class='ocrx_word' id='word_1_636' title='bbox 1404 3790 1437 3826; x_wconf 79' lang='lat' dir='ltr'>ex</span> <span class='ocrx_word' id='word_1_637' title='bbox 1457 3774 1562 3829; x_wconf 79' lang='lat' dir='ltr'>athleta</span> <span class='ocrx_word' id='word_1_638' title='bbox 1574 3776 1602 3828; x_wconf 89' lang='lat' dir='ltr'>in</span> <span class='ocrx_word' id='word_1_639' title='bbox 1617 3775 1810 3847; x_wconf 86' lang='lat' dir='ltr'>philosophum</span> <span class='ocrx_word' id='word_1_640' title='bbox 1824 3781 1915 3835; x_wconf 84' lang='lat' dir='ltr'>vertit</span> 
     </span>
     <span class='ocr_line' id='line_1_43' title="bbox 220 3858 1915 3937; baseline 0.003 -20"><span class='ocrx_word' id='word_1_641' title='bbox 220 3864 309 3935; x_wconf 82' lang='lat' dir='ltr'>gloria</span> <span class='ocrx_word' id='word_1_642' title='bbox 329 3871 357 3918; x_wconf 89' lang='lat' dir='ltr'>et</span> <span class='ocrx_word' id='word_1_643' title='bbox 372 3864 479 3919; x_wconf 85' lang='lat' dir='ltr'>laetitia</span> <span class='ocrx_word' id='word_1_644' title='bbox 496 3881 559 3918; x_wconf 85' lang='lat' dir='ltr'>cum</span> <span class='ocrx_word' id='word_1_645' title='bbox 580 3865 653 3935; x_wconf 85' lang='lat' dir='ltr'>Deo,</span> <span class='ocrx_word' id='word_1_646' title='bbox 673 3866 695 3919; x_wconf 91' lang='lat' dir='ltr'>si</span> <span class='ocrx_word' id='word_1_647' title='bbox 713 3865 802 3919; x_wconf 84' lang='lat' dir='ltr'>tidelis</span> <span class='ocrx_word' id='word_1_648' title='bbox 821 3872 850 3921; x_wconf 91' lang='lat' dir='ltr'>et</span> <span class='ocrx_word' id='word_1_649' title='bbox 870 3867 917 3937; x_wconf 91' lang='lat' dir='ltr'>pia</span> <span class='ocrx_word' id='word_1_650' title='bbox 934 3865 1000 3932; x_wconf 85' lang='lat' dir='ltr'>fuit,</span> <span class='ocrx_word' id='word_1_651' title='bbox 1026 3867 1053 3920; x_wconf 91' lang='lat' dir='ltr'>in</span> <span class='ocrx_word' id='word_1_652' title='bbox 1080 3860 1253 3930; x_wconf 67' lang='lat' dir='ltr'>Augustinus</span> <span class='ocrx_word' id='word_1_653' title='bbox 1271 3860 1350 3928; x_wconf 61' lang='lat' dir='ltr'>epht-</span> <span class='ocrx_word' id='word_1_654' title='bbox 1372 3864 1395 3914; x_wconf 87' lang='lat'>3·</span> <span class='ocrx_word' id='word_1_655' title='bbox 1410 3858 1446 3912; x_wconf 68' lang='lat' dir='ltr'>td</span> <span class='ocrx_word' id='word_1_656' title='bbox 1460 3858 1650 3926; x_wconf 69' lang='lat' dir='ltr'>Volusianum.</span> <span class='ocrx_word' id='word_1_657' title='bbox 1670 3863 1719 3917; x_wconf 86' lang='lat' dir='ltr'>ubi</span> <span class='ocrx_word' id='word_1_658' title='bbox 1731 3864 1814 3918; x_wconf 71' lang='lat' dir='ltr'>otiam</span> <span class='ocrx_word' id='word_1_659' title='bbox 1827 3865 1915 3932; x_wconf 85' lang='lat' dir='ltr'>addit,</span> 
     </span>
     <span class='ocr_line' id='line_1_44' title="bbox 219 3946 1914 4023; baseline 0.002 -19"><span class='ocrx_word' id='word_1_660' title='bbox 219 3950 373 4022; x_wconf 84' lang='lat' dir='ltr'>ignominia</span> <span class='ocrx_word' id='word_1_661' title='bbox 391 3959 419 4004; x_wconf 91' lang='lat' dir='ltr'>et</span> <span class='ocrx_word' id='word_1_662' title='bbox 437 3967 527 4020; x_wconf 87' lang='lat' dir='ltr'>poena</span> <span class='ocrx_word' id='word_1_663' title='bbox 545 3968 606 4005; x_wconf 90' lang='lat' dir='ltr'>eum</span> <span class='ocrx_word' id='word_1_664' title='bbox 628 3951 751 4017; x_wconf 89' lang='lat' dir='ltr'>diabolo,</span> <span class='ocrx_word' id='word_1_665' title='bbox 775 3952 798 4007; x_wconf 92' lang='lat' dir='ltr'>si</span> <span class='ocrx_word' id='word_1_666' title='bbox 824 3951 944 4006; x_wconf 87' lang='lat' dir='ltr'>infidelis</span> <span class='ocrx_word' id='word_1_667' title='bbox 970 3958 1054 4023; x_wconf 87' lang='lat' dir='ltr'>atque</span> <span class='ocrx_word' id='word_1_668' title='bbox 1082 3946 1222 4000; x_wconf 64' lang='lat' dir='ltr'>Christum</span> <span class='ocrx_word' id='word_1_669' title='bbox 1252 3948 1292 3999; x_wconf 80' lang='lat' dir='ltr'>ad</span> <span class='ocrx_word' id='word_1_670' title='bbox 1323 3947 1525 4011; x_wconf 67' lang='lat' dir='ltr'>capessendam</span> <span class='ocrx_word' id='word_1_671' title='bbox 1562 3950 1761 4017; x_wconf 65' lang='lat' dir='ltr'>sempiternam</span> <span class='ocrx_word' id='word_1_672' title='bbox 1795 3953 1914 4005; x_wconf 71' lang='lat' dir='ltr'>saliatem</span> 
     </span>
     <span class='ocr_line' id='line_1_45' title="bbox 219 4032 1914 4106; baseline 0.007 -16"><span class='ocrx_word' id='word_1_673' title='bbox 219 4036 304 4106; x_wconf 87' lang='lat' dir='ltr'>impia</span> <span class='ocrx_word' id='word_1_674' title='bbox 322 4036 435 4092; x_wconf 82' lang='lat' dir='ltr'>exstitit.</span> <span class='ocrx_word' id='word_1_675' title='bbox 473 4042 499 4091; x_wconf 76' lang='grc'>31</span> <span class='ocrx_word' id='word_1_676' title='bbox 520 4040 547 4091; x_wconf 81' lang='grc' dir='ltr'><strong><em>Α</em></strong></span> <span class='ocrx_word' id='word_1_677' title='bbox 563 4040 677 4106; x_wconf 79' lang='lat' dir='ltr'>piorum</span> <span class='ocrx_word' id='word_1_678' title='bbox 703 4055 785 4091; x_wconf 85' lang='lat' dir='ltr'>eruce</span> <span class='ocrx_word' id='word_1_679' title='bbox 811 4057 846 4092; x_wconf 90' lang='lat' dir='ltr'>ac</span> <span class='ocrx_word' id='word_1_680' title='bbox 864 4040 1053 4094; x_wconf 83' lang='lat' dir='ltr'>tribulatione.</span> <span class='ocrx_word' id='word_1_681' title='bbox 1080 4035 1185 4086; x_wconf 66' lang='lat' dir='ltr'>vestim</span> <span class='ocrx_word' id='word_1_682' title='bbox 1209 4032 1366 4085; x_wconf 52' lang='lat' dir='ltr'>&#39;mmmm</span> <span class='ocrx_word' id='word_1_683' title='bbox 1390 4033 1419 4084; x_wconf 65' lang='lat' dir='ltr'>in</span> <span class='ocrx_word' id='word_1_684' title='bbox 1453 4034 1644 4101; x_wconf 57' lang='lat' dir='ltr'>madiiisst&#39;i&#39;um</span> <span class='ocrx_word' id='word_1_685' title='bbox 1673 4045 1698 4088; x_wconf 67' lang='lat'>³2</span> <span class='ocrx_word' id='word_1_686' title='bbox 1727 4038 1914 4106; x_wconf 52' lang='lat' dir='ltr'>adiumnti,</span> 
     </span>
     <span class='ocr_line' id='line_1_46' title="bbox 218 4119 1915 4194; baseline 0.002 -17"><span class='ocrx_word' id='word_1_687' title='bbox 218 4123 263 4177; x_wconf 88' lang='lat' dir='ltr'>Pii</span> <span class='ocrx_word' id='word_1_688' title='bbox 280 4141 348 4194; x_wconf 87' lang='lat' dir='ltr'>prae</span> <span class='ocrx_word' id='word_1_689' title='bbox 367 4124 480 4194; x_wconf 84' lang='lat' dir='ltr'>reliquis</span> <span class='ocrx_word' id='word_1_690' title='bbox 499 4123 655 4177; x_wconf 87' lang='lat' dir='ltr'>hominibus</span> <span class='ocrx_word' id='word_1_691' title='bbox 680 4125 709 4178; x_wconf 90' lang='lat' dir='ltr'>in</span> <span class='ocrx_word' id='word_1_692' title='bbox 733 4123 785 4179; x_wconf 89' lang='lat' dir='ltr'>hac</span> <span class='ocrx_word' id='word_1_693' title='bbox 808 4125 868 4180; x_wconf 82' lang='lat' dir='ltr'>vita</span> <span class='ocrx_word' id='word_1_694' title='bbox 892 4125 967 4181; x_wconf 90' lang='lat' dir='ltr'>cruci</span> <span class='ocrx_word' id='word_1_695' title='bbox 991 4133 1055 4178; x_wconf 88' lang='lat' dir='ltr'>sunt</span> <span class='ocrx_word' id='word_1_696' title='bbox 1081 4120 1273 4186; x_wconf 69' lang='lat' dir='ltr'>monisterium</span> <span class='ocrx_word' id='word_1_697' title='bbox 1295 4119 1421 4187; x_wconf 72' lang='lat' dir='ltr'>attidem,</span> <span class='ocrx_word' id='word_1_698' title='bbox 1449 4127 1547 4190; x_wconf 85' lang='lat' dir='ltr'>ntea,</span> <span class='ocrx_word' id='word_1_699' title='bbox 1572 4138 1643 4189; x_wconf 81' lang='lat' dir='ltr'>qnae</span> <span class='ocrx_word' id='word_1_700' title='bbox 1668 4131 1734 4176; x_wconf 90' lang='lat' dir='ltr'>ante</span> <span class='ocrx_word' id='word_1_701' title='bbox 1757 4125 1834 4178; x_wconf 71' lang='lat' dir='ltr'>dieta</span> <span class='ocrx_word' id='word_1_702' title='bbox 1851 4135 1915 4181; x_wconf 82' lang='grc' dir='ltr'><strong><em>ειιπι</em></strong></span> 
     </span>
     <span class='ocr_line' id='line_1_47' title="bbox 219 4206 1914 4284; baseline 0.003 -20"><span class='ocrx_word' id='word_1_703' title='bbox 219 4211 347 4280; x_wconf 83' lang='lat' dir='ltr'>subjecti.</span> <span class='ocrx_word' id='word_1_704' title='bbox 368 4210 503 4264; x_wconf 88' lang='lat' dir='ltr'>Herodias</span> <span class='ocrx_word' id='word_1_705' title='bbox 513 4211 649 4280; x_wconf 87' lang='lat' dir='ltr'>tripudiat</span> <span class='ocrx_word' id='word_1_706' title='bbox 662 4228 694 4266; x_wconf 87' lang='lat' dir='ltr'>ne</span> <span class='ocrx_word' id='word_1_707' title='bbox 704 4211 795 4280; x_wconf 86' lang='lat' dir='ltr'>saltat,</span> <span class='ocrx_word' id='word_1_708' title='bbox 810 4211 935 4266; x_wconf 86' lang='lat' dir='ltr'>Herodes</span> <span class='ocrx_word' id='word_1_709' title='bbox 948 4217 1053 4282; x_wconf 88' lang='lat' dir='ltr'>regnat,</span> <span class='ocrx_word' id='word_1_710' title='bbox 1080 4207 1189 4259; x_wconf 73' lang='lat' dir='ltr'>ntitim</span> <span class='ocrx_word' id='word_1_711' title='bbox 1206 4222 1288 4269; x_wconf 82' lang='lat' dir='ltr'>vora,</span> <span class='ocrx_word' id='word_1_712' title='bbox 1312 4224 1369 4258; x_wconf 63' lang='lat'>&#39;²07¹</span> <span class='ocrx_word' id='word_1_713' title='bbox 1387 4206 1479 4260; x_wconf 60' lang='lat' dir='ltr'>mlum</span> <span class='ocrx_word' id='word_1_714' title='bbox 1501 4209 1684 4279; x_wconf 67' lang='lat' dir='ltr'>“prophetie</span> <span class='ocrx_word' id='word_1_715' title='bbox 1702 4213 1821 4281; x_wconf 72' lang='lat' dir='ltr'>sanctis,</span> <span class='ocrx_word' id='word_1_716' title='bbox 1847 4215 1914 4284; x_wconf 76' lang='lat' dir='ltr'>qnia</span> 
     </span>
     <span class='ocr_line' id='line_1_48' title="bbox 219 4294 1914 4370; baseline 0.001 -19"><span class='ocrx_word' id='word_1_717' title='bbox 219 4295 364 4351; x_wconf 73' lang='lat' dir='ltr'>iohannes</span> <span class='ocrx_word' id='word_1_718' title='bbox 396 4297 522 4366; x_wconf 87' lang='lat' dir='ltr'>Baptista</span> <span class='ocrx_word' id='word_1_719' title='bbox 553 4296 725 4353; x_wconf 85' lang='lat' dir='ltr'>interficitur.</span> <span class='ocrx_word' id='word_1_720' title='bbox 760 4297 835 4367; x_wconf 84' lang='lat' dir='ltr'>Ergo</span> <span class='ocrx_word' id='word_1_721' title='bbox 862 4313 977 4352; x_wconf 87' lang='lat' dir='ltr'>neeesse</span> <span class='ocrx_word' id='word_1_722' title='bbox 1004 4304 1053 4364; x_wconf 87' lang='lat' dir='ltr'>est,</span> <span class='ocrx_word' id='word_1_723' title='bbox 1080 4294 1175 4348; x_wconf 86' lang='lat' dir='ltr'>emnia</span> <span class='ocrx_word' id='word_1_724' title='bbox 1204 4311 1272 4347; x_wconf 82' lang='lat' dir='ltr'>vera</span> <span class='ocrx_word' id='word_1_725' title='bbox 1297 4295 1441 4360; x_wconf 81' lang='grc' dir='ltr'><strong><em>ἀιίιιτιιιιι,</em></strong></span> <span class='ocrx_word' id='word_1_726' title='bbox 1469 4313 1564 4349; x_wconf 80' lang='lat' dir='ltr'>oerum</span> <span class='ocrx_word' id='word_1_727' title='bbox 1587 4298 1672 4350; x_wconf 84' lang='lat' dir='ltr'>etiam</span> <span class='ocrx_word' id='word_1_728' title='bbox 1696 4316 1716 4350; x_wconf 92' lang='lat' dir='ltr'>a</span> <span class='ocrx_word' id='word_1_729' title='bbox 1733 4299 1914 4370; x_wconf 69' lang='lat' dir='ltr'>philosophie</span> 
     </span>
     <span class='ocr_line' id='line_1_49' title="bbox 219 4380 1912 4454; baseline 0.002 -19"><span class='ocrx_word' id='word_1_730' title='bbox 219 4395 323 4436; x_wconf 86' lang='lat' dir='ltr'>restare</span> <span class='ocrx_word' id='word_1_731' title='bbox 340 4382 422 4437; x_wconf 89' lang='lat' dir='ltr'>aliam</span> <span class='ocrx_word' id='word_1_732' title='bbox 442 4383 542 4449; x_wconf 79' lang='lat' dir='ltr'>sitam,</span> <span class='ocrx_word' id='word_1_733' title='bbox 567 4382 595 4435; x_wconf 90' lang='lat' dir='ltr'>iu</span> <span class='ocrx_word' id='word_1_734' title='bbox 615 4399 672 4454; x_wconf 85' lang='lat' dir='ltr'>qua</span> <span class='ocrx_word' id='word_1_735' title='bbox 688 4382 739 4437; x_wconf 89' lang='lat' dir='ltr'>fiat</span> <span class='ocrx_word' id='word_1_736' title='bbox 757 4399 847 4436; x_wconf 86' lang='lat' dir='ltr'>rerum</span> <span class='ocrx_word' id='word_1_737' title='bbox 867 4382 1053 4440; x_wconf 81' lang='lat' dir='ltr'>commutatio.</span> <span class='ocrx_word' id='word_1_738' title='bbox 1080 4390 1163 4452; x_wconf 76' lang='lat' dir='ltr'>atque</span> <span class='ocrx_word' id='word_1_739' title='bbox 1184 4380 1256 4450; x_wconf 70' lang='lat' dir='ltr'>epeia</span> <span class='ocrx_word' id='word_1_740' title='bbox 1277 4381 1369 4449; x_wconf 70' lang='lat' dir='ltr'>poetis</span> <span class='ocrx_word' id='word_1_741' title='bbox 1392 4390 1418 4434; x_wconf 91' lang='grc' dir='ltr'>ιι</span> <span class='ocrx_word' id='word_1_742' title='bbox 1442 4381 1636 4449; x_wconf 72' lang='lat' dir='ltr'>hujuscemodi</span> <span class='ocrx_word' id='word_1_743' title='bbox 1664 4385 1825 4438; x_wconf 67' lang='lat' dir='ltr'>atteteritur</span> <span class='ocrx_word' id='word_1_744' title='bbox 1851 4387 1912 4441; x_wconf 79' lang='lat' dir='ltr'>iite-</span> 
     </span>
     <span class='ocr_line' id='line_1_50' title="bbox 221 4468 1911 4541; baseline 0.001 -17"><span class='ocrx_word' id='word_1_745' title='bbox 221 4475 243 4524; x_wconf 94' lang='grc'>1.</span> <span class='ocrx_word' id='word_1_746' title='bbox 260 4468 321 4524; x_wconf 90' lang='lat' dir='ltr'>Cor.</span> <span class='ocrx_word' id='word_1_747' title='bbox 342 4475 381 4538; x_wconf 88' lang='grc'>15,</span> <span class='ocrx_word' id='word_1_748' title='bbox 403 4488 427 4523; x_wconf 86' lang='lat' dir='ltr'>v.</span> <span class='ocrx_word' id='word_1_749' title='bbox 450 4474 495 4523; x_wconf 87' lang='lat'>19:</span> <span class='ocrx_word' id='word_1_750' title='bbox 521 4468 554 4522; x_wconf 80' lang='lat' dir='ltr'>Si</span> <span class='ocrx_word' id='word_1_751' title='bbox 570 4471 598 4521; x_wconf 86' lang='lat' dir='ltr'>in</span> <span class='ocrx_word' id='word_1_752' title='bbox 617 4470 670 4522; x_wconf 80' lang='lat' dir='ltr'>iac</span> <span class='ocrx_word' id='word_1_753' title='bbox 689 4471 748 4522; x_wconf 87' lang='lat' dir='ltr'>uita</span> <span class='ocrx_word' id='word_1_754' title='bbox 767 4477 874 4522; x_wconf 81' lang='lat' dir='ltr'>tanturn</span> <span class='ocrx_word' id='word_1_755' title='bbox 893 4470 923 4522; x_wconf 86' lang='lat' dir='ltr'>in</span> <span class='ocrx_word' id='word_1_756' title='bbox 942 4468 1053 4523; x_wconf 81' lang='lat' dir='ltr'>Chrr&#39;cto</span> <span class='ocrx_word' id='word_1_757' title='bbox 1078 4485 1193 4536; x_wconf 86' lang='lat' dir='ltr'>rarum,</span> <span class='ocrx_word' id='word_1_758' title='bbox 1214 4484 1284 4535; x_wconf 76' lang='lat' dir='ltr'>qnos</span> <span class='ocrx_word' id='word_1_759' title='bbox 1300 4468 1389 4520; x_wconf 85' lang='lat' dir='ltr'>multa</span> <span class='ocrx_word' id='word_1_760' title='bbox 1406 4485 1473 4522; x_wconf 79' lang='lat' dir='ltr'>vera</span> <span class='ocrx_word' id='word_1_761' title='bbox 1492 4469 1580 4532; x_wconf 73' lang='grc' dir='ltr'><strong><em>ιὀιείο</em></strong></span> <span class='ocrx_word' id='word_1_762' title='bbox 1603 4470 1746 4525; x_wconf 71' lang='lat' dir='ltr'>mamare</span> <span class='ocrx_word' id='word_1_763' title='bbox 1770 4473 1833 4541; x_wconf 77' lang='lat' dir='ltr'>qnia</span> <span class='ocrx_word' id='word_1_764' title='bbox 1856 4492 1911 4527; x_wconf 89' lang='lat' dir='ltr'>am·</span> 
     </span>
     <span class='ocr_line' id='line_1_51' title="bbox 220 4555 1913 4625; baseline 0.004 -18"><span class='ocrx_word' id='word_1_765' title='bbox 220 4574 375 4624; x_wconf 75' lang='lat' dir='ltr'>operamne,</span> <span class='ocrx_word' id='word_1_766' title='bbox 393 4557 547 4610; x_wconf 69' lang='lat' dir='ltr'>miserrimi</span> <span class='ocrx_word' id='word_1_767' title='bbox 563 4559 686 4609; x_wconf 82' lang='lat' dir='ltr'>omnium</span> <span class='ocrx_word' id='word_1_768' title='bbox 697 4575 798 4610; x_wconf 83' lang='grc' dir='ltr'><strong><em>ειιοιιιι.</em></strong></span> <span class='ocrx_word' id='word_1_769' title='bbox 818 4556 903 4610; x_wconf 89' lang='lat' dir='ltr'>Hebr.</span> <span class='ocrx_word' id='word_1_770' title='bbox 921 4561 959 4622; x_wconf 90' lang='grc'>11,</span> <span class='ocrx_word' id='word_1_771' title='bbox 978 4573 1004 4609; x_wconf 82' lang='lat' dir='ltr'>v.</span> <span class='ocrx_word' id='word_1_772' title='bbox 1021 4562 1051 4610; x_wconf 83' lang='lat'>9:</span> <span class='ocrx_word' id='word_1_773' title='bbox 1079 4556 1175 4623; x_wconf 74' lang='lat' dir='ltr'>bigat!</span> <span class='ocrx_word' id='word_1_774' title='bbox 1190 4555 1271 4608; x_wconf 78' lang='lat' dir='ltr'>iiiior</span> <span class='ocrx_word' id='word_1_775' title='bbox 1289 4555 1373 4608; x_wconf 85' lang='lat' dir='ltr'>etiam</span> <span class='ocrx_word' id='word_1_776' title='bbox 1391 4557 1422 4608; x_wconf 87' lang='lat' dir='ltr'>in</span> <span class='ocrx_word' id='word_1_777' title='bbox 1439 4573 1525 4609; x_wconf 81' lang='lat' dir='ltr'>earne</span> <span class='ocrx_word' id='word_1_778' title='bbox 1533 4566 1716 4625; x_wconf 79' lang='lat' dir='ltr'>praesentata</span> <span class='ocrx_word' id='word_1_779' title='bbox 1735 4562 1913 4624; x_wconf 70' lang='lat' dir='ltr'>confirmaret</span> 
     </span>
     <span class='ocr_line' id='line_1_52' title="bbox 220 4642 1913 4717; baseline 0.004 -23"><span class='ocrx_word' id='word_1_780' title='bbox 220 4642 294 4694; x_wconf 80' lang='lat' dir='ltr'>Fide</span> <span class='ocrx_word' id='word_1_781' title='bbox 315 4651 499 4696; x_wconf 80' lang='lat' dir='ltr'>commoratur</span> <span class='ocrx_word' id='word_1_782' title='bbox 519 4650 558 4695; x_wconf 82' lang='lat' dir='ltr'>ert</span> <span class='ocrx_word' id='word_1_783' title='bbox 577 4643 723 4696; x_wconf 81' lang='lat' dir='ltr'>Abraham</span> <span class='ocrx_word' id='word_1_784' title='bbox 743 4645 773 4696; x_wconf 90' lang='lat' dir='ltr'>in</span> <span class='ocrx_word' id='word_1_785' title='bbox 792 4652 869 4696; x_wconf 89' lang='lat' dir='ltr'>terra</span> <span class='ocrx_word' id='word_1_786' title='bbox 887 4644 1053 4713; x_wconf 70' lang='lat' dir='ltr'>promissio·</span> <span class='ocrx_word' id='word_1_787' title='bbox 1079 4642 1236 4695; x_wconf 84' lang='lat' dir='ltr'>auctoritas</span> <span class='ocrx_word' id='word_1_788' title='bbox 1255 4648 1373 4710; x_wconf 80' lang='lat' dir='ltr'>propter</span> <span class='ocrx_word' id='word_1_789' title='bbox 1393 4657 1447 4710; x_wconf 82' lang='grc' dir='ltr'><strong><em>ιοο,</em></strong></span> <span class='ocrx_word' id='word_1_790' title='bbox 1467 4643 1517 4710; x_wconf 73' lang='lat' dir='ltr'>qni</span> <span class='ocrx_word' id='word_1_791' title='bbox 1533 4643 1588 4695; x_wconf 84' lang='lat' dir='ltr'>iila</span> <span class='ocrx_word' id='word_1_792' title='bbox 1605 4662 1661 4696; x_wconf 91' lang='lat' dir='ltr'>non</span> <span class='ocrx_word' id='word_1_793' title='bbox 1672 4654 1786 4716; x_wconf 77' lang='lat' dir='ltr'>poscent</span> <span class='ocrx_word' id='word_1_794' title='bbox 1803 4647 1834 4699; x_wconf 88' lang='lat' dir='ltr'>in</span> <span class='ocrx_word' id='word_1_795' title='bbox 1848 4648 1913 4717; x_wconf 80' lang='lat' dir='ltr'>ipra</span> 
     </span>
     <span class='ocr_line' id='line_1_53' title="bbox 219 4728 1913 4799; baseline 0.004 -19"><span class='ocrx_word' id='word_1_796' title='bbox 219 4728 264 4780; x_wconf 83' lang='lat' dir='ltr'>nir</span> <span class='ocrx_word' id='word_1_797' title='bbox 285 4735 417 4796; x_wconf 77' lang='lat' dir='ltr'>tanquam</span> <span class='ocrx_word' id='word_1_798' title='bbox 438 4730 467 4780; x_wconf 86' lang='lat' dir='ltr'>in</span> <span class='ocrx_word' id='word_1_799' title='bbox 486 4729 591 4797; x_wconf 82' lang='lat' dir='ltr'>aliena,</span> <span class='ocrx_word' id='word_1_800' title='bbox 609 4746 635 4782; x_wconf 83' lang='lat' dir='ltr'>r.</span> <span class='ocrx_word' id='word_1_801' title='bbox 653 4735 692 4785; x_wconf 87' lang='grc'>10.</span> <span class='ocrx_word' id='word_1_802' title='bbox 711 4730 888 4798; x_wconf 80' lang='lat' dir='ltr'>eaapectabat</span> <span class='ocrx_word' id='word_1_803' title='bbox 904 4730 977 4783; x_wconf 89' lang='lat' dir='ltr'>enim</span> <span class='ocrx_word' id='word_1_804' title='bbox 988 4732 1053 4791; x_wconf 84' lang='lat' dir='ltr'>fun·</span> <span class='ocrx_word' id='word_1_805' title='bbox 1078 4728 1426 4782; x_wconf 80' lang='lat' dir='ltr'>intimaveritatecernere</span> <span class='ocrx_word' id='word_1_806' title='bbox 1440 4736 1522 4796; x_wconf 77' lang='lat' dir='ltr'>atque</span> <span class='ocrx_word' id='word_1_807' title='bbox 1539 4731 1705 4786; x_wconf 79' lang='lat' dir='ltr'>discernere.</span> <span class='ocrx_word' id='word_1_808' title='bbox 1725 4733 1913 4799; x_wconf 78' lang='lat' dir='ltr'>5)Eanaatra</span> 
     </span>
     <span class='ocr_line' id='line_1_54' title="bbox 220 4813 1912 4886; baseline 0.005 -20"><span class='ocrx_word' id='word_1_809' title='bbox 220 4815 353 4866; x_wconf 84' lang='lat' dir='ltr'>damenta</span> <span class='ocrx_word' id='word_1_810' title='bbox 372 4813 514 4866; x_wconf 79' lang='lat' dir='ltr'>habentem</span> <span class='ocrx_word' id='word_1_811' title='bbox 535 4815 682 4872; x_wconf 82' lang='lat' dir='ltr'>civitatem.</span> <span class='ocrx_word' id='word_1_812' title='bbox 714 4817 740 4881; x_wconf 81' lang='grc'>1)</span> <span class='ocrx_word' id='word_1_813' title='bbox 761 4815 787 4867; x_wconf 84' lang='grc' dir='ltr'><em>Α</em></span> <span class='ocrx_word' id='word_1_814' title='bbox 807 4815 994 4869; x_wconf 77' lang='grc' dir='ltr'><strong><em>οοιιοοίιιιιίοι</em></strong></span> <span class='ocrx_word' id='word_1_815' title='bbox 1011 4818 1052 4870; x_wconf 85' lang='lat' dir='ltr'>in·</span> <span class='ocrx_word' id='word_1_816' title='bbox 1078 4816 1299 4885; x_wconf 69' lang='lat' dir='ltr'>regeneratione,</span> <span class='ocrx_word' id='word_1_817' title='bbox 1325 4816 1552 4884; x_wconf 72' lang='lat' dir='ltr'>senetrfieatione¹</span> <span class='ocrx_word' id='word_1_818' title='bbox 1575 4826 1753 4886; x_wconf 83' lang='lat' dir='ltr'>peecatorum</span> <span class='ocrx_word' id='word_1_819' title='bbox 1770 4824 1912 4875; x_wconf 82' lang='lat' dir='ltr'>condona·</span> 
     </span>
     <span class='ocr_line' id='line_1_55' title="bbox 220 4899 1913 4971; baseline 0.006 -20"><span class='ocrx_word' id='word_1_820' title='bbox 220 4907 301 4951; x_wconf 84' lang='lat' dir='ltr'>terna</span> <span class='ocrx_word' id='word_1_821' title='bbox 320 4899 519 4962; x_wconf 74' lang='lat' dir='ltr'>testificatione.</span> <span class='ocrx_word' id='word_1_822' title='bbox 556 4900 685 4954; x_wconf 91' lang='lat' dir='ltr'>Omnium</span> <span class='ocrx_word' id='word_1_823' title='bbox 709 4900 838 4955; x_wconf 84' lang='lat' dir='ltr'>cordibus</span> <span class='ocrx_word' id='word_1_824' title='bbox 857 4918 907 4971; x_wconf 89' lang='lat' dir='ltr'>per</span> <span class='ocrx_word' id='word_1_825' title='bbox 926 4907 1052 4956; x_wconf 80' lang='lat' dir='ltr'>nanuum</span> <span class='ocrx_word' id='word_1_826' title='bbox 1079 4901 1161 4969; x_wconf 81' lang='lat' dir='ltr'>tione,</span> <span class='ocrx_word' id='word_1_827' title='bbox 1184 4900 1309 4969; x_wconf 75' lang='lat' dir='ltr'>Spiritus</span> <span class='ocrx_word' id='word_1_828' title='bbox 1328 4901 1463 4954; x_wconf 76' lang='lat' dir='ltr'>sanctita</span> <span class='ocrx_word' id='word_1_829' title='bbox 1480 4904 1611 4955; x_wconf 67' lang='lat' dir='ltr'>cardiles</span> <span class='ocrx_word' id='word_1_830' title='bbox 1625 4906 1913 4961; x_wconf 64' lang='lat' dir='ltr'>nominatissimae</span> 
     </span>
     <span class='ocr_line' id='line_1_56' title="bbox 220 4985 1912 5059; baseline 0.007 -23"><span class='ocrx_word' id='word_1_831' title='bbox 220 4985 382 5054; x_wconf 83' lang='lat' dir='ltr'>inscriptum</span> <span class='ocrx_word' id='word_1_832' title='bbox 401 4991 449 5050; x_wconf 85' lang='lat' dir='ltr'>est,</span> <span class='ocrx_word' id='word_1_833' title='bbox 475 4992 577 5040; x_wconf 86' lang='lat' dir='ltr'>restare</span> <span class='ocrx_word' id='word_1_834' title='bbox 597 4986 672 5039; x_wconf 89' lang='lat' dir='ltr'>aliud</span> <span class='ocrx_word' id='word_1_835' title='bbox 692 4987 823 5051; x_wconf 87' lang='lat' dir='ltr'>seculum,</span> <span class='ocrx_word' id='word_1_836' title='bbox 848 4988 877 5040; x_wconf 91' lang='lat' dir='ltr'>in</span> <span class='ocrx_word' id='word_1_837' title='bbox 898 5005 953 5058; x_wconf 89' lang='lat' dir='ltr'>quo</span> <span class='ocrx_word' id='word_1_838' title='bbox 973 4988 1053 5044; x_wconf 89' lang='lat' dir='ltr'>bonis</span> <span class='ocrx_word' id='word_1_839' title='bbox 1079 4993 1129 5042; x_wconf 77' lang='lat' dir='ltr'>ete.</span> <span class='ocrx_word' id='word_1_840' title='bbox 1151 4986 1229 5042; x_wconf 88' lang='lat' dir='ltr'>Haec</span> <span class='ocrx_word' id='word_1_841' title='bbox 1247 4987 1319 5041; x_wconf 89' lang='lat' dir='ltr'>enim</span> <span class='ocrx_word' id='word_1_842' title='bbox 1340 4985 1475 5041; x_wconf 84' lang='lat' dir='ltr'>beneficia</span> <span class='ocrx_word' id='word_1_843' title='bbox 1494 4989 1649 5059; x_wconf 80' lang='lat' dir='ltr'>spiritualia</span> <span class='ocrx_word' id='word_1_844' title='bbox 1660 4997 1690 5045; x_wconf 91' lang='lat' dir='ltr'>et</span> <span class='ocrx_word' id='word_1_845' title='bbox 1703 4992 1833 5049; x_wconf 84' lang='lat' dir='ltr'>eoelestia</span> <span class='ocrx_word' id='word_1_846' title='bbox 1845 5010 1912 5048; x_wconf 87' lang='lat' dir='ltr'>eon-</span> 
     </span>
     <span class='ocr_line' id='line_1_57' title="bbox 221 5069 1912 5147; baseline 0.008 -23"><span class='ocrx_word' id='word_1_847' title='bbox 221 5069 306 5134; x_wconf 89' lang='lat' dir='ltr'>hene,</span> <span class='ocrx_word' id='word_1_848' title='bbox 332 5072 411 5126; x_wconf 83' lang='lat' dir='ltr'>maiis</span> <span class='ocrx_word' id='word_1_849' title='bbox 428 5079 521 5124; x_wconf 89' lang='lat' dir='ltr'>autem</span> <span class='ocrx_word' id='word_1_850' title='bbox 546 5072 668 5124; x_wconf 87' lang='lat' dir='ltr'>futurum</span> <span class='ocrx_word' id='word_1_851' title='bbox 689 5071 726 5124; x_wconf 85' lang='lat' dir='ltr'>sit</span> <span class='ocrx_word' id='word_1_852' title='bbox 745 5072 828 5140; x_wconf 84' lang='lat' dir='ltr'>male,</span> <span class='ocrx_word' id='word_1_853' title='bbox 854 5072 920 5128; x_wconf 88' lang='lat' dir='ltr'>inde</span> <span class='ocrx_word' id='word_1_854' title='bbox 941 5076 1053 5144; x_wconf 89' lang='lat' dir='ltr'>tyranni</span> <span class='ocrx_word' id='word_1_855' title='bbox 1078 5073 1189 5129; x_wconf 87' lang='lat' dir='ltr'>firmant</span> <span class='ocrx_word' id='word_1_856' title='bbox 1205 5090 1255 5127; x_wconf 82' lang='lat' dir='ltr'>nos</span> <span class='ocrx_word' id='word_1_857' title='bbox 1269 5074 1303 5129; x_wconf 87' lang='lat' dir='ltr'>de</span> <span class='ocrx_word' id='word_1_858' title='bbox 1319 5080 1448 5128; x_wconf 87' lang='lat' dir='ltr'>secutura</span> <span class='ocrx_word' id='word_1_859' title='bbox 1461 5074 1659 5147; x_wconf 88' lang='lat' dir='ltr'>glorificatione</span> <span class='ocrx_word' id='word_1_860' title='bbox 1676 5078 1705 5131; x_wconf 89' lang='lat' dir='ltr'>in</span> <span class='ocrx_word' id='word_1_861' title='bbox 1718 5079 1778 5133; x_wconf 83' lang='lat' dir='ltr'>rita</span> <span class='ocrx_word' id='word_1_862' title='bbox 1790 5086 1912 5138; x_wconf 86' lang='lat' dir='ltr'>aeterna.</span> 
     </span>
     <span class='ocr_line' id='line_1_58' title="bbox 220 5156 1913 5237; baseline 0.008 -28"><span class='ocrx_word' id='word_1_863' title='bbox 220 5157 328 5211; x_wconf 87' lang='lat' dir='ltr'>etiamsi</span> <span class='ocrx_word' id='word_1_864' title='bbox 357 5157 384 5210; x_wconf 92' lang='lat' dir='ltr'>in</span> <span class='ocrx_word' id='word_1_865' title='bbox 415 5158 494 5211; x_wconf 88' lang='lat' dir='ltr'>terris</span> <span class='ocrx_word' id='word_1_866' title='bbox 526 5156 663 5210; x_wconf 89' lang='lat' dir='ltr'>neminem</span> <span class='ocrx_word' id='word_1_867' title='bbox 695 5159 863 5227; x_wconf 77' lang='lat' dir='ltr'>superiorem</span> <span class='ocrx_word' id='word_1_868' title='bbox 894 5168 1053 5231; x_wconf 79' lang='lat' dir='ltr'>agnoscant,</span> <span class='ocrx_word' id='word_1_869' title='bbox 1080 5161 1111 5213; x_wconf 87' lang='lat' dir='ltr'>In</span> <span class='ocrx_word' id='word_1_870' title='bbox 1129 5177 1207 5215; x_wconf 89' lang='lat' dir='ltr'>sacra</span> <span class='ocrx_word' id='word_1_871' title='bbox 1225 5175 1313 5215; x_wconf 82' lang='lat' dir='ltr'>coena</span> <span class='ocrx_word' id='word_1_872' title='bbox 1331 5177 1445 5232; x_wconf 89' lang='lat' dir='ltr'>corpore</span> <span class='ocrx_word' id='word_1_873' title='bbox 1464 5168 1491 5216; x_wconf 88' lang='lat' dir='ltr'>ot</span> <span class='ocrx_word' id='word_1_874' title='bbox 1511 5165 1644 5234; x_wconf 86' lang='lat' dir='ltr'>sangnine</span> <span class='ocrx_word' id='word_1_875' title='bbox 1656 5164 1758 5219; x_wconf 86' lang='lat' dir='ltr'>Christi</span> <span class='ocrx_word' id='word_1_876' title='bbox 1772 5173 1913 5237; x_wconf 85' lang='lat' dir='ltr'>pascimur</span> 
     </span>
     <span class='ocr_line' id='line_1_59' title="bbox 221 5243 1913 5324; baseline 0.008 -29"><span class='ocrx_word' id='word_1_877' title='bbox 221 5248 313 5296; x_wconf 85' lang='lat' dir='ltr'>tamen</span> <span class='ocrx_word' id='word_1_878' title='bbox 335 5243 371 5296; x_wconf 92' lang='lat' dir='ltr'>ob</span> <span class='ocrx_word' id='word_1_879' title='bbox 394 5243 516 5296; x_wconf 82' lang='lat' dir='ltr'>facinora</span> <span class='ocrx_word' id='word_1_880' title='bbox 541 5259 592 5295; x_wconf 85' lang='lat' dir='ltr'>sua</span> <span class='ocrx_word' id='word_1_881' title='bbox 619 5249 694 5297; x_wconf 88' lang='lat' dir='ltr'>metu</span> <span class='ocrx_word' id='word_1_882' title='bbox 720 5261 870 5314; x_wconf 78' lang='lat' dir='ltr'>poenarum</span> <span class='ocrx_word' id='word_1_883' title='bbox 898 5245 1053 5301; x_wconf 84' lang='lat' dir='ltr'>futurarum</span> <span class='ocrx_word' id='word_1_884' title='bbox 1079 5245 1217 5300; x_wconf 83' lang='lat' dir='ltr'>advitam</span> <span class='ocrx_word' id='word_1_885' title='bbox 1236 5254 1375 5302; x_wconf 84' lang='lat' dir='ltr'>aeternam</span> <span class='ocrx_word' id='word_1_886' title='bbox 1394 5248 1545 5319; x_wconf 61' lang='lat' dir='ltr'>Joh.=o,v.</span> <span class='ocrx_word' id='word_1_887' title='bbox 1566 5256 1606 5306; x_wconf 78' lang='lat'>54.</span> <span class='ocrx_word' id='word_1_888' title='bbox 1626 5257 1677 5306; x_wconf 84' lang='lat' dir='ltr'>etc.</span> <span class='ocrx_word' id='word_1_889' title='bbox 1701 5252 1767 5321; x_wconf 81' lang='lat' dir='ltr'>Ipse</span> <span class='ocrx_word' id='word_1_890' title='bbox 1787 5254 1913 5324; x_wconf 73' lang='lat' dir='ltr'>Spiritum</span> 
     </span>
     <span class='ocr_line' id='line_1_60' title="bbox 221 5328 1915 5409; baseline 0.008 -28"><span class='ocrx_word' id='word_1_891' title='bbox 221 5328 409 5398; x_wconf 78' lang='lat' dir='ltr'>exagitantur3</span> <span class='ocrx_word' id='word_1_892' title='bbox 430 5332 527 5382; x_wconf 88' lang='lat' dir='ltr'>contra</span> <span class='ocrx_word' id='word_1_893' title='bbox 547 5345 612 5383; x_wconf 79' lang='lat' dir='ltr'>vero</span> <span class='ocrx_word' id='word_1_894' title='bbox 632 5328 679 5400; x_wconf 90' lang='lat' dir='ltr'>qui</span> <span class='ocrx_word' id='word_1_895' title='bbox 698 5336 774 5387; x_wconf 86' lang='lat' dir='ltr'>recta</span> <span class='ocrx_word' id='word_1_896' title='bbox 791 5340 892 5404; x_wconf 86' lang='lat' dir='ltr'>agunt,</span> <span class='ocrx_word' id='word_1_897' title='bbox 911 5333 939 5386; x_wconf 92' lang='lat' dir='ltr'>in</span> <span class='ocrx_word' id='word_1_898' title='bbox 957 5333 1054 5389; x_wconf 85' lang='lat' dir='ltr'>mediis</span> <span class='ocrx_word' id='word_1_899' title='bbox 1078 5334 1174 5386; x_wconf 83' lang='lat' dir='ltr'>reddit</span> <span class='ocrx_word' id='word_1_900' title='bbox 1193 5334 1377 5389; x_wconf 80' lang='lat' dir='ltr'>testimoninm</span> <span class='ocrx_word' id='word_1_901' title='bbox 1395 5337 1512 5406; x_wconf 80' lang='lat' dir='ltr'>spiritui</span> <span class='ocrx_word' id='word_1_902' title='bbox 1527 5346 1632 5402; x_wconf 83' lang='lat' dir='ltr'>nostro,</span> <span class='ocrx_word' id='word_1_903' title='bbox 1657 5342 1735 5409; x_wconf 79' lang='lat' dir='ltr'>qnod</span> <span class='ocrx_word' id='word_1_904' title='bbox 1752 5341 1840 5395; x_wconf 77' lang='lat' dir='ltr'>aimus</span> <span class='ocrx_word' id='word_1_905' title='bbox 1857 5343 1915 5407; x_wconf 71' lang='lat' dir='ltr'>pilii</span> 
     </span>
     <span class='ocr_line' id='line_1_61' title="bbox 221 5413 1912 5499; baseline 0.01 -29"><span class='ocrx_word' id='word_1_906' title='bbox 221 5413 344 5470; x_wconf 75' lang='lat' dir='ltr'>advorsis</span> <span class='ocrx_word' id='word_1_907' title='bbox 362 5414 546 5470; x_wconf 85' lang='lat' dir='ltr'>conscientiae</span> <span class='ocrx_word' id='word_1_908' title='bbox 566 5414 690 5471; x_wconf 87' lang='lat' dir='ltr'>bonitate</span> <span class='ocrx_word' id='word_1_909' title='bbox 707 5424 736 5472; x_wconf 89' lang='lat' dir='ltr'>et</span> <span class='ocrx_word' id='word_1_910' title='bbox 748 5417 889 5473; x_wconf 84' lang='lat' dir='ltr'>alacritate</span> <span class='ocrx_word' id='word_1_911' title='bbox 901 5435 931 5473; x_wconf 84' lang='lat' dir='ltr'>se</span> <span class='ocrx_word' id='word_1_912' title='bbox 947 5427 1052 5475; x_wconf 88' lang='lat' dir='ltr'>susten·</span> <span class='ocrx_word' id='word_1_913' title='bbox 1080 5421 1140 5487; x_wconf 86' lang='lat' dir='ltr'>,Dei</span> <span class='ocrx_word' id='word_1_914' title='bbox 1165 5428 1190 5474; x_wconf 86' lang='grc' dir='ltr'>ιι</span> <span class='ocrx_word' id='word_1_915' title='bbox 1217 5422 1334 5476; x_wconf 69' lang='lat' dir='ltr'>haeder</span> <span class='ocrx_word' id='word_1_916' title='bbox 1361 5425 1435 5480; x_wconf 83' lang='lat' dir='ltr'>uitae</span> <span class='ocrx_word' id='word_1_917' title='bbox 1462 5432 1592 5480; x_wconf 77' lang='lat' dir='ltr'>aeternae</span> <span class='ocrx_word' id='word_1_918' title='bbox 1617 5428 1695 5482; x_wconf 85' lang='lat' dir='ltr'>Rom.</span> <span class='ocrx_word' id='word_1_919' title='bbox 1723 5433 1746 5499; x_wconf 72' lang='grc' dir='ltr'>β,</span> <span class='ocrx_word' id='word_1_920' title='bbox 1770 5446 1793 5483; x_wconf 91' lang='lat' dir='ltr'>v.</span> <span class='ocrx_word' id='word_1_921' title='bbox 1816 5436 1855 5485; x_wconf 83' lang='grc'>16.</span> <span class='ocrx_word' id='word_1_922' title='bbox 1879 5447 1912 5486; x_wconf 81' lang='lat' dir='ltr'>ao</span> 
     </span>
    </p>
   </div>
   <div class='ocr_carea' id='block_1_3' title="bbox 0 0 2030 6005">
    <p class='ocr_par' dir='ltr' id='par_1_3' title="bbox 0 0 2030 6005">
     <span class='ocr_line' id='line_1_62' title="bbox 0 0 2030 6005; baseline 0 0"><span class='ocrx_word' id='word_1_923' title='bbox 0 0 2030 6005; x_wconf 95' lang='lat' dir='ltr'> </span> 
     </span>
    </p>
   </div>
  </div>
 </body>
</html>
