4012 6022
712 253 764 308 DE
783 253 877 310 VITA
896 252 1089 310 AETERNA.
1696 264 1757 322 315

55 405 140 461 etiam
172 405 201 459 in
232 405 344 462 coelesti
376 406 466 478 gloria
496 415 561 464 sunt
585 408 700 464 stabiles
727 415 754 464 ct
777 409 890 465 immoti
917 416 1006 466 erunt.
1028 410 1086 467 aas
1106 409 1159 478 liuh
1172 409 1332 479 bethsaide
1345 408 1472 479 illulilltue
1485 408 1656 479 abbicoul’tu
1668 407 1758 466 arten

58 498 82 547 l.
101 492 257 545 Beatoruns
277 494 458 564 triumphalis
478 496 611 562 diprritaa.
632 495 745 551 Palmae
764 503 844 551 erant
862 496 891 549 in
918 494 960 552 bet
979 496 1099 564 urunt,
1118 497 1176 554 bort
1194 513 1236 552 out
1256 495 1382 566 beliildptu
1400 495 1545 565 ffitailbitd.
1581 495 1691 549 Plinius
1709 494 1757 553 lib.

57 577 186 632 manibus
201 595 295 633 eorum
313 578 460 650 insignum
471 581 610 649 victoriae,
628 598 711 652 quam
724 582 759 636 de
774 581 892 636 diabolis
919 586 944 637 2.
969 581 1064 636 histor.
1082 589 1174 636 natur.
1201 598 1263 652 cap.
1277 588 1301 636 t.
1322 580 1512 652 quaestionem
1526 580 1562 635 de
1577 582 1760 636 vitaaeterna

24 658 30 671 '
58 669 86 719 et
104 664 190 734 ipsius
209 665 329 735 organis,
348 667 571 734 persecutoribus
589 669 724 738 tyrannis,
742 667 894 722 seductori·
920 666 988 721 dicit
999 684 1059 722 esse
1073 685 1173 723 coecas
1182 667 1572 736 mortalitatisargumentum.
1594 671 1617 720 2.
1632 667 1760 720 attiniaci

59 749 111 804 bus
131 749 286 815 haereticis,
312 751 346 805 de
371 752 501 821 peccatis,
528 761 623 816 morte,
647 753 754 807 inferno
781 759 832 808 etc.
853 770 894 807 re·
921 754 1031 825 Balbus
1050 753 1205 808 Amoraeus
1230 753 1305 807 circa
1327 769 1431 806 annum
1450 750 1553 807 Christi
1576 757 1636 809 820.
1656 770 1759 806 uanam

58 840 213 906 portarunt.
250 835 402 908 Gregorius
419 838 513 892 homil
537 844 575 896 17.
593 839 622 893 in
641 839 757 895 Erech:
775 841 896 894 Palmae
921 839 1062 895 statuebat
1074 856 1136 895 esse
1156 841 1316 894 doctrinam
1328 841 1362 892 de
1376 839 1455 892 bonae
1472 840 1604 903 aeternio,
1624 838 1760 894 referente

57 924 88 976 in
105 924 233 976 manitas
247 931 388 978 rannessa
405 926 753 994 victoriasinoperatione
768 929 894 989 tenuisse,
921 926 1028 981 Zonara
1051 926 1080 981 in
1098 927 1151 981 hoc
1171 926 1318 982 Michaela.
1354 929 1381 978 3.
1402 925 1552 988 Barbara,
1582 925 1760 992 Siqismandi

58 1009 141 1077 ruisse
165 1011 338 1079 operationis
359 1011 460 1079 palma
488 1013 529 1064 idi
552 1013 735 1077 retribuatur,
761 1013 810 1066 oti
829 1015 894 1082 jam
922 1013 1101 1082 imperatoris
1127 1013 1262 1080 conjunc,
1289 1011 1393 1066 animas
1418 1028 1481 1067 curn
1504 1010 1665 1081 corporibus
1691 1011 1758 1064 mori

58 1098 118 1149 eine
137 1097 286 1151 certamine
312 1098 453 1166 paudehit.
491 1105 514 1154 5.
537 1097 658 1152 Gloriae
682 1100 809 1153 conlutis
831 1118 894 1154 con·
921 1105 949 1152 et
972 1103 1036 1168 post
1062 1098 1134 1152 hauc
1159 1098 1254 1166 vitam,
1281 1115 1364 1170 quam
1382 1097 1509 1165 vivimus,
1539 1096 1646 1151 nullam
1674 1097 1759 1150 aliam

58 1183 180 1236 tinuatio
198 1200 233 1236 ac
247 1184 435 1271 perpepetue.
473 1183 545 1238 Sunt
564 1191 630 1239 ante
649 1184 779 1240 thronum
797 1186 851 1239 Dei
869 1194 894 1238 et
920 1183 1041 1239 futuram
1059 1200 1119 1238 esse
1138 1183 1257 1254 dicebat,
1283 1182 1419 1238 referente
1437 1182 1607 1252 Cuspiniano
1624 1182 1654 1236 in
1673 1181 1759 1252 Sigis-

58 1270 183 1323 seroiunt
202 1271 229 1322 ei
248 1270 295 1323 die
317 1287 351 1322 ac
370 1279 456 1340 nocte,
475 1270 521 1325 ubi
540 1288 590 1342 per
611 1271 753 1326 ver-badio
769 1280 894 1325 aenocte
922 1270 1024 1324 mundo
1042 1277 1071 1325 et
1095 1271 1191 1324 Aenea
1210 1268 1304 1339 Sylvio
1328 1269 1407 1339 epist.
1436 1274 1492 1324 130.
1528 1275 1552 1323 t.
1578 1270 1760 1323 decentiores

59 1371 114 1408 non
134 1353 320 1425 significatur,
349 1355 408 1410 l‘ore
433 1356 461 1410 in
486 1357 563 1411 coelo
587 1357 694 1411 dierum
720 1375 754 1413 ao
771 1356 893 1412 noctium
921 1357 1031 1410 Iudaei
1046 1356 1181 1410 bonorum
1194 1372 1310 1426 operum
1325 1356 1480 1410 mercedem
1494 1357 1524 1410 in
1537 1354 1676 1425 praesenti
1689 1355 1758 1409 dun·

59 1440 288 1506 vicissitudinem,
311 1442 384 1510 ‚qnia
413 1442 494 1496 arilia
523 1444 564 1497 ibi
586 1462 641 1498 noc
667 1446 721 1498 erit
743 1445 832 1514 Apoo.
853 1451 893 1510 21,
921 1449 998 1498 taxat
1017 1443 1074 1496 vita
1092 1460 1121 1496 se
1141 1447 1304 1512 accepturos
1324 1448 1352 1496 et
1370 1447 1484 1512 sperant
1510 1449 1538 1497 et
1558 1447 1693 1510 asserunt,
1717 1457 1759 1495 re·

59 1545 84 1581 v.
100 1531 140 1583 25.
159 1527 208 1582 sed
228 1526 365 1582 idiotismo
377 1527 491 1599 linguae
508 1537 622 1585 sanctae
637 1535 725 1584 status
740 1527 893 1585 beatissimi
920 1530 1026 1584 ferente
1046 1528 1175 1584 Galatino
1195 1528 1242 1583 lib.
1261 1534 1299 1584 12.
1318 1529 1353 1583 de
1372 1545 1465 1582 arcan
1485 1528 1584 1583 cathol.
1600 1528 1677 1582 verit
1696 1544 1758 1598 cap.

59 1614 230 1668 continuatio
248 1629 280 1668 ac
299 1615 470 1685 perpetuitas
486 1616 640 1685 denotatur,
659 1632 749 1687 neque
762 1625 894 1672 verotam
922 1620 946 1670 6.
974 1613 1020 1669 ubi
1044 1614 1182 1685 quaedam
1209 1631 1242 1668 ex
1267 1614 1465 1669 vetustioribus
1481 1613 1605 1670 rabbinis
1625 1614 1689 1669 huic
1710 1615 1759 1668 irn-

60 1699 192 1753 diutuma
209 1699 270 1753 Deo
296 1699 442 1755 assistendi
472 1710 500 1756 et
525 1701 664 1756 serviendi
689 1702 894 1757 continuatione
923 1700 1018 1771 pietati
1028 1703 1151 1771 opponit.
1179 1707 1201 1756 5.
1221 1699 1368 1771 Georgius.
1382 1700 1601 1771 Daoidnegavit
1616 1705 1758 1756 aeternam

59 1785 135 1841 beati
153 1785 346 1857 fatigabuntur
365 1793 478 1857 propter
503 1804 650 1855 summam,
675 1804 759 1859 quam
785 1805 818 1843 cx
843 1789 896 1843 hoc
923 1787 1065 1841 beatorum
1086 1787 1114 1841 in
1133 1786 1210 1842 coelo
1227 1786 1322 1850 vitam,
1341 1787 1364 1840 si
1382 1785 1451 1842 fides
1471 1786 1601 1840 habenda
1619 1786 1758 1842 Cochlaeo

59 1871 172 1926 servitio
190 1871 356 1941 percipiunt,
374 1873 546 1943 voluptatem
560 1879 613 1928 etc.
633 1879 656 1930 6.
677 1874 895 1929 Summobeato-
922 1873 950 1925 in
969 1872 1039 1927 libro
1060 1872 1094 1925 dc
1111 1879 1165 1927 aot.
1185 1878 1214 1927 et
1233 1873 1329 1943 script.
1351 1871 1437 1930 Luth.
1463 1889 1536 1927 anno
1560 1877 1633 1928 1549.
1669 1879 1694 1929 6.
1714 1877 1760 1928 De

59 1976 123 2012 rum
141 1958 278 2023 felicitas.
299 1957 482 2028 eomparatur
500 1959 573 2013 enirn
593 1975 687 2014 eorum
707 1965 796 2015 status
815 1960 895 2016 uber·
921 1960 1054 2012 Iohanne
1074 1959 1195 2015 XXIII.
1216 1959 1363 2013 concilium
1382 1958 1538 2034 basilianae
1562 1975 1629 2013 sess.
1650 1965 1689 2016 11.
1707 1961 1760 2015 sub

60 2044 136 2099 rimis
140 2044 266 2112 paeonis.
289 2043 397 2112 Annus,
417 2046 467 2113 qui
479 2046 508 2098 in
519 2046 611 2099 mortio
625 2046 721 2101 tirreni
735 2054 783 2115 est,
799 2056 896 2116 pascet
923 2044 1006 2099 finem
1032 2051 1179 2113 memorat,
1206 2047 1284 2115 quod
1309 2061 1393 2113 saepe
1418 2052 1446 2097 et
1469 2045 1583 2113 saepias
1604 2064 1698 2101 coram
1716 2048 1759 2100 di·

60 2131 127 2185 utos
145 2148 180 2184 ac
200 2131 319 2184 deducet
338 2148 385 2185 eos
403 2132 444 2184 ad
456 2132 532 2186 oinos
548 2136 644 2198 fontes
661 2149 801 2201 aquarum
819 2135 897 2205 (ergo
923 2132 1009 2185 enses
1023 2131 1168 2200 praelatis
1187 2140 1211 2184 et
1228 2132 1296 2184 aliis
1313 2131 1437 2185 iconentis
1452 2147 1486 2184 ae
1501 2131 1600 2200 probis
1615 2133 1684 2185 uiris
1694 2151 1760 2202 per·

61 2232 113 2271 nec
132 2215 220 2284 cibus,
238 2232 290 2270 nec
307 2222 400 2286 potus,
417 2233 507 2289 nequo
527 2218 680 2289 quidquam
700 2219 789 2274 beatis
810 2221 898 2275 deerit
924 2219 1054 2272 tinaciter
1084 2218 1199 2272 diabolo
1228 2219 1364 2271 suadente
1397 2218 1515 2282 dicerit,
1546 2220 1701 2273 ossauent
1735 2227 1760 2273 et

62 2303 163 2357 Psalm.
179 2308 219 2369 23,
233 2321 258 2356 v.
275 2306 316 2370 1.),
337 2312 363 2358 et
377 2305 515 2375 aheterpet
532 2308 613 2359 Deras
627 2308 897 2374 omnemlaerymam
925 2304 1268 2373 manutenementum
1287 2311 1427 2357 octauam
1449 2322 1504 2358 non
1524 2321 1583 2358 esse
1602 2321 1652 2358 nec
1672 2307 1760 2360 alsam

62 2391 98 2444 ab
115 2391 206 2444 oculis
221 2408 317 2444 eorum
341 2391 398 2454 tubi
422 2393 586 2462 proponitur
610 2392 762 2447 similitudo
779 2392 898 2448 ductaa
923 2398 987 2460 post
1005 2391 1085 2444 lianc

62 2475 205 2542 matribus,
231 2492 303 2547 quae
325 2478 456 2547 parvulos
481 2478 622 2548 plorantes
645 2477 735 2534 solent
760 2480 898 2551 amplecti,
959 2482 1000 2532 tt).
1022 2482 1045 2531 a.
1066 2477 1234 2530 Photiniani
1244 2483 1355 2548 negant,
1369 2475 1423 2547 piis
1436 2476 1762 2532 invetereTestamento

62 2562 195 2629 malari,
229 2561 372 2616 blanditiis
406 2563 537 2633 delinire,
573 2566 710 2635 lacrymas
739 2565 899 2637 abstergere
926 2563 1088 2636 promissam
1111 2561 1196 2617 fuisse
1221 2564 1306 2617 vitam
1329 2568 1479 2618 aeternam.
1515 2561 1632 2617 Socinus
1657 2563 1686 2617 in
1713 2563 1761 2619 lib.

62 2649 216 2720 iisdemque
246 2647 333 2704 ubera
366 2650 523 2721 porrigere3
561 2649 601 2704 sic
633 2657 744 2704 sanctos
781 2668 814 2705 ex
846 2651 899 2707 hac
926 2651 1001 2723 quod
1022 2667 1120 2719 evang.
1145 2667 1174 2704 se
1200 2648 1375 2703 Photinianis
1396 2651 1564 2720 conjungere
1586 2648 1708 2704 debeant
1732 2666 1760 2719 p.

63 2736 235 2791 miseriarum
254 2742 283 2790 et
300 2734 485 2807 lacrymarum
503 2737 575 2791 valle
585 2737 620 2791 ad
631 2754 660 2792 se
670 2738 811 2792 venientes
823 2738 898 2792 Deus
927 2742 972 2793 63:
996 2737 1119 2790 Oreduru
1129 2735 1369 2804 &angelicorum
1380 2735 1510 2803 miniani,
1522 2735 1608 2789 citam
1619 2743 1761 2788 aeternam

59 2822 87 2876 in
106 2822 170 2876 sinu
188 2821 291 2888 gloriae
303 2821 403 2878 beatae
418 2823 522 2894 excipit
534 2840 567 2878 ac
578 2824 665 2879 instar
678 2825 773 2879 matris
788 2824 896 2880 eosdem
927 2842 982 2876 non
997 2823 1121 2891 panum
1139 2839 1173 2874 ac
1191 2822 1301 2874 demum
1319 2822 1349 2873 in
1366 2837 1436 2874 nono
1453 2822 1580 2886 foedere,
1606 2823 1658 2875 sed
1675 2829 1761 2875 antea

59 2908 237 2976 consolatur).
926 2926 1033 2978 quoque
1056 2910 1086 2961 in
1109 2916 1200 2962 vetere
1223 2907 1315 2970 funes
1328 2906 1500 2976 promissam
1524 2914 1550 2961 et
1569 2924 1601 2961 ec
1621 2907 1683 2980 ipso
1704 2907 1763 2961 Dei

923 2994 1064 3066 promim
1083 3012 1101 3047 o
1121 2993 1250 3060 fidelibus
1267 2994 1329 3062 ejna
1347 2993 1481 3063 temporis
1495 3000 1691 3065 exspectatam,
1707 3013 1761 3063 quo

10 3069 46 3149 ⁵²·
62 3045 898 3188 ..itt..trittt.tutt..t⁰t2¹.i.¹„tir
988 3080 1144 3179 n...
1552 3080 1762 3178 Μ

10 3162 49 3204 M·-
681 3171 687 3184 '
927 3168 1052 3223 oraculis
1060 3184 1150 3236 mopso
1161 3175 1343 3219 contrariam.
1364 3164 1567 3220 Srmrlrahabet
1577 3165 1761 3221 Sehmaltarus

63 3226 220 3282 aeternnm
246 3218 403 3271 Nicacnum
428 3217 525 3272 eodem
549 3217 631 3271 modo
654 3216 728 3272 finit:
760 3222 898 3290 Exspecto
927 3255 954 3308 in
975 3254 1024 3309 lib·
1044 3253 1080 3308 de
1099 3251 1205 3307 divinit·
1225 3251 1329 3306 Christi
1345 3268 1368 3305 θ’
1389 3257 1412 3306 7.
1444 3251 1626 3322 Argumentis
1645 3258 1762 3307 utuntur

62 3304 295 3359 resurrectionem
317 3312 490 3359 mortuorum
514 3312 540 3357 et
560 3305 646 3358 uitam
664 3305 777 3359 venturi
793 3307 897 3375 seculi,·
927 3342 1043 3395 duorum
1059 3355 1200 3410 generum·
1219 3337 1311 3391 Primo
1326 3338 1399 3391 enim
1414 3344 1550 3406 mmm,
1565 3346 1761 3393 mmmm

64 3391 294 3445 Athanaaiannm
311 3390 412 3461 repetit
431 3389 535 3446 dictum
547 3390 649 3446 Christi
668 3390 768 3447 dohan.
780 3397 803 3460 t,
816 3411 841 3449 v.
853 3398 899 3448 29:
928 3429 1043 3483 ,mmm
1062 3442 1120 3479 mo
1144 3422 1291 3499 ἄγραφον,
1315 3442 1378 3478 cum
1401 3426 1475 3479 vim
1503 3433 1635 3478 ammae
1659 3445 1678 3479 a
1697 3427 1762 3481 Deo

67 3477 124 3541 Qui
135 3477 208 3530 bona
220 3484 344 3546 eperunt,
362 3477 441 3530 ibunt
451 3476 479 3529 in
489 3477 575 3530 uitam
585 3485 735 3533 aeternam.
770 3478 899 3532 Irenaeus
927 3513 1083 3569 hominnm
1112 3512 1223 3583 ipsique
1251 3512 1360 3581 populo
1396 3529 1447 3566 wo
1471 3512 1630 3582 promae
1651 3530 1707 3582 pro
1730 3530 1762 3567 w

65 3738 168 3806 credit,
198 3735 340 3790 Christum
370 3739 411 3790 ad
433 3737 578 3806 judicium
604 3740 762 3791 rediturum
786 3745 838 3792 etc.
870 3746 899 3791 ut
923 3686 1216 3840 Ξζέῃᾝαθᾘῖἕ
1225 3683 1764 3840 ΐίτὲἵὲῐῗῗξῖἑῖἓΐὲρξὲἓῐᾟὶῒ

59 3824 309 3979 iiiiii?
312 3823 854 3979 ..111ἶί1ἷὲἀ“ἑῗ..·ἱ1.’ἵ..”.ἷ“ζ.ῗὲἒῖ.”
864 3824 900 3963 t
928 3857 1001 3958 „a
1019 3857 1119 3957 uu..
1139 3855 1215 3909 diu>
1233 3854 1384 3954 suo...
1399 3854 1468 3955 .·¹⁰.¹¹·
1487 3862 1513 3956 δι
1529 3874 1557 3956 ’ς
1573 3861 1621 3956 ³t=
1640 3856 1765 3957 sn...

66 3997 157 4064 initio,
177 3996 345 4064 quibusdam
361 4002 453 4047 autem
471 3949 508 4047 ec’
522 3997 790 4065 poenitentiarium
809 3999 900 4060 (tonet,
928 3943 1198 4086 Zssnicfflzg'e
1209 3950 1764 4100 11311-ἕῇθῖᾜιαὲἷαὲᾟέἑοῗξῖζ

66 4081 428 4181 incorraqm’hilemstatuno
448 4081 589 4151 largiatur
610 4085 738 4180 atridam
758 4091 900 4138 aeternam
924 4118 1072 4187 permen,
1092 4118 1128 4169 de
1145 4070 1208 4181 me:
1228 4120 1257 4169 e,
1279 4117 1395 4186 apostoli
1414 4072 1496 4170 pgufi
1514 4123 1537 4171 2
1556 4115 1675 4171 Timo&
1697 4121 1721 4184 3,
1738 4133 1764 4169 v·

66 4172 180 4223 tribnat.
199 4166 389 4222 Tertullianus
408 4166 454 4221 lrb.
475 4167 510 4221 de
529 4175 692 4238 praescript.
712 4170 775 4224 adv.
795 4168 900 4224 haeres.
931 4211 976 4260 ,53
994 4203 1040 4256 Ab
1061 4203 1411 4267 infamiammmem
1425 4203 1507 4266 nom,
1529 4207 1764 4271 mmmm,

66 4273 125 4326 ⁰⁸9¹
147 4247 185 4312 13'
202 4272 228 4327 p·
243 4260 305 4312 ¹¹⁰²
326 4254 437 4320 Reium
455 4261 547 4308 amem
559 4256 633 4324 fidei
647 4263 695 4321 ‘³⁸⁸'
713 4264 743 4309 “³
759 4256 820 4324 jam
836 4256 901 4309 M'w
928 4288 1057 4355 erudire,
1082 4291 1214 4361 σοφίσαι,
1239 4287 1393 4356 sapientem
1416 4289 1550 4353 reddere,
1575 4291 1618 4341 ad
1635 4287 1765 4344 salutern,

66 4343 137 4411 quid
156 4342 312 4439 m‘fmm’
327 4341 514 4409 mmmmm
532 4346 583 4396 etc*
601 4349 746 4395 ‘’⁶²²²qu
760 4342 900 4396 ominum
930 4376 958 4432 Si
979 4376 1008 4430 in
1028 4374 1172 4444 Scriptura
1188 4373 1296 4428 Veteris
1315 4372 1486 4427 Testamenti
1506 4372 1624 4427 habetur
1642 4373 1701 4427 vita
1719 4389 1764 4427 ae·

67 4446 126 4482 cum
144 4428 278 4481 claritate
290 4429 331 4480 ad
344 4429 493 4480 sumendos
506 4435 618 4481 sanctos
632 4428 662 4480 in
673 4428 748 4481 uitae
769 4436 901 4483 aeternae

66 4522 90 4567 et
107 4513 315 4582 promissorum
333 4512 492 4567 coelestium
511 4514 636 4575 fructum
656 4520 682 4568 et
701 4515 742 4566 ad
756 4516 901 4583 profonas
929 4550 935 4562 ·

928 4470 1008 4518 terna
1025 4477 1058 4515 ac
1068 4474 1163 4514 sacrae
1169 4457 1278 4513 Veteris
1291 4457 1462 4512 Testamenti
1477 4458 1575 4512 literae
1586 4464 1702 4529 possmu
1714 4474 1764 4512 nos

59 4600 234 4668 judicaudm
254 4599 315 4666 ,W
343 4607 494 4668 pemmo,
517 4602 605 4669 facta
633 4600 780 4668 utrimque
805 4603 900 4670 parm
928 4555 1063 4603 instruere
1082 4545 1118 4601 ad
1138 4544 1273 4610 salutem,
1292 4543 1389 4615 utique
1409 4543 1437 4598 in
1455 4543 1508 4597 illis
1527 4546 1585 4598 vita
1606 4552 1720 4600 aeterna
1737 4553 1765 4600 et

64 4686 275 4741 ,mcgtapone
294 4689 340 4739 0„
929 4635 1027 4689 modus
1047 4633 1084 4686 ad
1102 4647 1162 4687 eam
1175 4628 1356 4701 perveniendi
1373 4628 1511 4684 revelatus
1529 4636 1584 4697 ssu
1602 4630 1652 4686 sed
1669 4649 1763 4686 verum

928 4721 1022 4792 prius,
1056 4720 1122 4791 quia
1142 4717 1320 4773 manifestum
1349 4722 1399 4783 est,
1432 4716 1466 4772 de
1485 4716 1629 4788 Scriptura
1654 4718 1765 4774 Veteris

10 4827 51 4870 nte
98 4813 139 4863 19.
175 4805 339 4861 Antithesis.
377 4811 400 4861 1.
434 4807 586 4875 Epicurei,
615 4806 782 4860 Sadducaei
805 4814 830 4860 et
849 4824 901 4860 em·
929 4807 1099 4862 Testamenti
1110 4805 1251 4860 Christum
1269 4810 1297 4860 et
1313 4802 1467 4874 apostolum
1486 4805 1576 4876 loqui;
1596 4822 1663 4876 ergo
1682 4806 1765 4860 etiam

61 4902 195 4966 porciae,
221 4898 278 4947 tarn
303 4893 377 4947 intra
406 4909 489 4962 quam
516 4897 594 4947 extra
620 4891 737 4947 visibilis
767 4893 901 4948 ecclesiae
930 4893 1075 4967 posterius.
1106 4892 1255 4948 Pueriliter
1275 4890 1378 4961 excipit
1394 4890 1579 4946 Sohmaltsius
1603 4898 1676 4949 cont.
1694 4892 1765 4963 disp.

64 4980 219 5051 pomoeria,
243 4979 330 5034 vitam
355 4985 497 5033 aeternam
523 4994 583 5033 esse
608 4984 722 5050 negant.
762 4979 802 5036 Ut
829 4980 900 5034 enim
929 4982 964 5039 D.
983 4981 1094 5034 Fracta.
1113 4997 1173 5051 pag.
1195 4983 1253 5034 222.
1272 4979 1402 5032 Iudaeos
1420 4979 1532 5048 quidem
1548 4985 1673 5048 pucras,
1690 4982 1767 5049 quod

10 5086 50 5128 sao.
63 5068 172 5122 animae
180 5065 424 5131 immortalitatem,
432 5066 901 5136 corporumresurrectionem,futu-
930 5069 960 5120 in
977 5068 1101 5136 antiquis
1123 5067 1281 5136 Scrsptnria
1302 5066 1389 5119 vitam
1408 5066 1570 5133 hadouint,
1599 5083 1655 5119 non
1674 5074 1766 5120 autera

66 5170 125 5207 rum
141 5152 295 5223 judicium,
320 5152 584 5207 consummationem
610 5153 697 5208 seculi
722 5159 750 5207 et
776 5160 902 5209 aeternos
930 5171 1030 5209 reuera
1048 5153 1184 5208 habuisse.
1209 5151 1283 5207 Nam
1298 5152 1413 5208 verbum
1432 5154 1525 5208 doxain
1543 5152 1589 5205 hic
1607 5168 1662 5206 non
1681 5152 1765 5222 signi·

67 5239 213 5310 impiorum
231 5239 370 5293 cruciatus
388 5256 437 5310 pro
461 5237 562 5293 fabulis
587 5237 703 5306 habent,
727 5238 767 5293 ita
793 5256 904 5310 quoque
931 5240 996 5295 ficet
1007 5240 1117 5294 inanem
1127 5256 1160 5294 ac
1172 5238 1270 5295 falsam
1279 5238 1419 5310 quandam
1430 5237 1597 5308 opinionem,
1613 5237 1662 5292 sed
1672 5255 1766 5292 verum

65 5331 206 5381 scurnum
226 5325 335 5395 piorum
355 5325 383 5379 in
404 5325 487 5380 coelis
505 5324 667 5379 felicitatem
685 5323 751 5393 risu,
771 5326 820 5379 sed
841 5342 904 5380 rere
927 5326 1073 5399 judiciam,
1093 5325 1138 5380 cui
1159 5341 1202 5380 res
1217 5325 1279 5395 ipsa
1296 5325 1325 5380 in
1338 5324 1455 5380 veritate
1469 5323 1628 5393 respondet,
1648 5324 1676 5378 id
1692 5325 1765 5396 quod

66 5412 201 5467 Sardonio
225 5411 382 5483 excipiunt,
412 5428 472 5467 sero
499 5411 573 5466 enim
596 5410 624 5465 in
648 5426 752 5482 poenas
776 5417 903 5467 aeternas
930 5418 990 5466 tum
1006 5412 1159 5465 collatione
1179 5412 1302 5465 aliorum
1324 5410 1491 5482 Scripturas
1509 5411 1643 5475 locorum,
1660 5409 1688 5464 in
1707 5409 1767 5481 qui·

65 5499 177 5555 tandem
196 5498 324 5565 credent,
350 5498 399 5573 qui
418 5498 505 5555 vitam
524 5502 666 5555 aeternam
685 5499 798 5554 credam
824 5500 902 5555 nolu·
933 5501 987 5557 bos
1002 5497 1116 5555 verbum
1136 5498 1229 5554 δοκεῖν
1254 5502 1405 5569 usurpatur
1423 5496 1520 5553 Matth
1542 5502 1582 5562 17,
1600 5514 1624 5553 v.
1643 5501 1685 5554 tt.
1703 5513 1766 5568 cap.
