4050 6014
757 235 1132 295 armassemus.
1726 247 1787 307 ³37

90 390 258 460 intelledus,
270 397 298 445 et
310 405 360 459 per
371 393 481 454 firmam
493 391 691 446 aanmuvnem
705 411 741 446 ac
752 394 927 460 fruitionem,
956 391 1037 446 Haec
1056 411 1075 445 a
1092 409 1135 446 me
1151 409 1209 445 non
1228 391 1369 458 dicamur,
1388 409 1442 461 quo
1452 402 1575 462 prorsus
1587 408 1683 463 neqem
1694 393 1790 461 buius·

91 493 165 547 quae
183 484 225 533 est
242 475 399 532 voluntatis
434 475 580 531 Videbunt
594 477 685 532 Deum
705 495 723 533 a
740 478 812 533 facie
832 478 868 532 ad
887 477 929 532 ia·
955 478 1034 531 modi
1042 479 1239 546 praemiorum
1252 477 1437 547 differentias,
1450 479 1503 531 sed
1520 479 1553 531 id
1566 485 1675 533 tantum
1688 481 1790 533 doecre

90 563 172 629 eiam,
192 578 226 616 ex
244 578 301 633 qua
319 562 426 616 visione
444 569 574 617 nuectru·
593 562 718 633 perfecta
734 564 854 629 dileetio,
873 579 930 635 qua
955 563 1040 629 volui,
1061 565 1139 632 quod
1156 580 1188 617 es·
1202 562 1363 632 Scriptus-is
1381 564 1488 616 sanctu
1505 565 1637 617 concludi
1654 582 1710 617 non
1726 582 1790 634 pos·

90 664 147 703 non
174 649 265 702 minus
292 664 376 719 quani
404 648 466 718 ipsa
491 648 597 703 risione
622 649 714 704 Deum
737 650 929 720 possidebunt,
954 648 1018 705 sint.
1047 647 1180 718 Martyris
1191 647 1317 718 vestigiis
1330 646 1433 701 insistit
1444 646 1559 703 Tilenus
1571 655 1642 719 part
1658 655 1681 705 t.
1695 650 1789 719 dispu-

91 733 157 788 inde
175 733 319 803 Scriptura
344 734 372 788 in
391 732 570 789 beatitudinis
596 734 756 790 definitione
781 743 929 804 utrumque
955 736 1004 791 ne
1028 733 1111 788 tbeol.
1136 734 1237 803 disput.
1263 737 1305 788 ee.
1331 730 1371 785 tb.
1396 737 1437 787 33.
1465 733 1506 787 sic
1527 734 1665 789 scribens:
1699 735 1790 797 Quae·

91 819 248 890 coniungit.
282 819 383 875 Psalm.
398 824 440 883 36,
458 837 483 874 v.
497 826 541 876 lb:
560 822 652 888 Apud
667 830 695 875 te
710 829 751 875 est
766 823 835 887 sarrs
854 825 928 875 vitas
954 821 1073 872 ationem
1094 821 1129 872 ds
1149 818 1289 889 prodibat
1305 819 1488 871 beatitudinis
1507 827 1534 871 el
1559 820 1708 888 inaequali
1728 821 1791 889 ejus

91 913 118 959 st
134 907 165 957 in
184 906 290 959 lumine
310 911 357 959 tuo
378 906 534 959 videbimus
551 906 654 960 lumen.
687 907 786 963 Psalm.
799 911 840 971 34,
860 924 885 960 r.
898 912 928 960 9:
953 905 1174 976 particspatione
1199 904 1229 956 in
1255 905 1348 957 medio
1369 903 1568 972 relinquimus,
1593 913 1619 959 et
1635 906 1791 975 inaequali-

95 990 214 1045 Gustate
242 1000 267 1044 et
286 991 393 1053 vidue,
425 1008 510 1060 quarn
525 992 620 1044 mavis
643 993 681 1044 sit
697 994 848 1047 Dominus.
864 992 928 1045 Eas.
955 997 1039 1043 tatem
1055 991 1128 1044 banc
1141 999 1170 1043 ut
1188 1007 1400 1058 nonneqamus,
1417 992 1459 1044 sic
1470 993 1699 1059 fundamentum,
1714 995 1792 1061 quod

92 1081 134 1145 bb,
154 1093 182 1133 r.
200 1083 247 1132 rt:
275 1077 427 1143 Videbitis,
455 1085 480 1130 et
502 1078 637 1144 qaudebit
660 1095 710 1131 eor
733 1087 854 1131 vestrum
878 1085 929 1133 ete.
955 1077 1102 1138 Pontificii
1120 1077 1148 1129 ei
1164 1077 1351 1141 mistas-nunt,
1368 1083 1441 1145 puta
1459 1077 1692 1146 inaequalitatem
1709 1079 1791 1132 meri·

91 1162 162 1218 aas
177 1161 359 1217 beatitudinis
379 1162 505 1216 consistit
516 1163 545 1216 in
564 1162 689 1232 perfecta
702 1164 803 1219 unione
821 1165 929 1219 animae
955 1169 1054 1224 torum,
1073 1162 1145 1216 alibi
1156 1163 1312 1218 evertimus.
1330 1160 1401 1215 thee.
1414 1167 1461 1220 tt:
1477 1164 1514 1215 In
1529 1162 1679 1239 §mptum
1698 1171 1791 1217 tamen

92 1265 157 1305 eum
178 1246 248 1304 Deo.
287 1247 365 1302 Haec
384 1255 476 1301 autem
496 1247 563 1303 unio
582 1247 700 1302 includit
718 1250 827 1304 animae
847 1249 929 1303 unio-
955 1247 1062 1299 nutum
1079 1248 1150 1300 satir
1168 1248 1299 1300 idoneam
1316 1247 1402 1315 bajus
1413 1248 1590 1302 diversitatis
1605 1250 1791 1302 testimoniam

92 1350 156 1389 nem
174 1351 239 1388 cnm
258 1332 319 1389 Deo
339 1333 492 1387 amandum
512 1349 622 1387 omnem
643 1335 686 1388 sui
706 1337 868 1405 potentiam,
888 1353 930 1391 se·
955 1334 1120 1401 reperimus.
1165 1333 1269 1388 Eadem
1297 1339 1339 1387 est
1359 1334 1497 1388 sententia
1506 1333 1612 1390 Veratii
1629 1335 1659 1389 in
1676 1340 1792 1389 msera-

93 1422 217 1476 euudum
233 1436 317 1490 quam
337 1418 451 1474 unibilis
477 1424 520 1473 est
537 1436 600 1473 eum
618 1435 652 1474 eo
671 1421 836 1477 immediate.
876 1421 930 1477 Po·
956 1417 1062 1473 decade
1082 1419 1303 1488 antipistoriana.
1342 1419 1484 1474 audacior
1508 1425 1551 1474 ert
1571 1421 1792 1487 Schoenieldias,

92 1505 183 1561 tentia
201 1513 295 1560 autem
315 1506 423 1559 animae
444 1505 587 1559 rationalia
601 1521 656 1558 non
672 1511 779 1560 tantum
793 1512 836 1561 est
851 1506 930 1560 intel·
957 1504 1004 1574 qui
1024 1505 1053 1558 in
1077 1505 1209 1575 disputat.
1229 1506 1264 1560 de
1287 1505 1345 1559 rita
1365 1513 1478 1560 aeterna
1497 1505 1612 1560 Ceseliie
1633 1522 1696 1560 ann.
1718 1511 1790 1564 1604.

93 1592 192 1660 lectus,
209 1591 260 1646 aed
277 1591 362 1646 etiam
381 1592 520 1659 voluntas,
538 1598 566 1645 et
582 1608 632 1661 per
650 1591 802 1662 quamlibet
820 1592 929 1646 illarum
956 1589 1096 1655 instituta,
1128 1591 1205 1644 illam
1235 1598 1392 1646 sanctorum
1424 1591 1651 1662 inaequalitatem
1679 1609 1792 1662 prorsus

93 1676 209 1732 unibilis
226 1684 269 1731 est
282 1693 345 1730 cum
364 1676 426 1730 Deo
444 1677 611 1733 immediate.
649 1676 807 1747 Chytraeus
826 1677 873 1733 lib.
895 1678 930 1732 de
956 1681 1042 1745 negat
1060 1675 1130 1729 thes.
1145 1681 1190 1730 ta:
1211 1677 1381 1743 Diapontius
1394 1677 1576 1730 beatitudinis
1590 1677 1621 1729 in
1632 1678 1713 1731 nulla
1730 1679 1792 1747 ejus

92 1763 152 1817 rita
175 1767 204 1817 et
222 1768 310 1816 morte
327 1780 356 1832 p.
383 1766 445 1818 127:
472 1764 600 1830 Optimae
623 1771 649 1816 et
668 1779 816 1832 supremae
838 1765 930 1830 sacul-
953 1770 1040 1830 parte
1059 1778 1074 1815 e
1094 1761 1253 1831 seripturis
1272 1762 1384 1815 ostendi
1395 1768 1490 1830 potest
1508 1779 1559 1815 nec
1573 1764 1603 1816 in
1615 1762 1718 1816 unione
1730 1779 1793 1816 cum

92 1849 161 1903 tatis
181 1848 211 1900 in
230 1848 340 1902 bomine
357 1848 512 1902 rationalis
533 1849 640 1917 optima
661 1857 687 1901 et
706 1866 840 1918 semema
855 1851 930 1904 aetio
957 1847 1029 1911 Deo,
1049 1863 1101 1899 nec
1119 1847 1150 1900 in
1168 1846 1275 1900 vuione
1294 1848 1360 1914 Dei,
1381 1864 1431 1899 nec
1449 1847 1480 1899 in
1498 1848 1664 1915 dilectione,
1679 1849 1792 1916 justitia

90 1950 208 1988 cusanc
232 1935 312 1987 eirea
335 1949 497 2002 supremum
516 1941 542 1986 et
559 1934 763 1987 nobilsesimum
784 1935 930 2003 objectum,
957 1940 983 1985 et
1000 1932 1125 2000 laedtia,
1150 1949 1200 1985 nec
1219 1934 1248 1985 in
1266 1932 1472 1999 clarificatione
1492 1950 1656 2004 corporum,
1684 1950 1735 1987 nec
1763 1935 1792 1985 in

90 2018 222 2074 videlieet
236 2022 318 2074 Deus
330 2021 402 2086 finis
416 2020 477 2088 ejus
495 2029 521 2073 et
537 2021 597 2073 vita
609 2021 731 2074 bominis
747 2029 863 2075 asem
880 2032 929 2085 ese,
958 2019 1117 2085 ‹lomicilio‚
1141 2035 1191 2072 nec
1214 2027 1377 2072 sanctorum
1396 2019 1552 2082 consortio,
1580 2035 1670 2087 neque
1688 2019 1793 2086 qloria,

92 2106 225 2160 videlicet
250 2107 360 2175 aqnitr'o
389 2106 449 2159 Dei
475 2112 501 2159 et
528 2106 707 2160 Iisdemtaris
740 2109 834 2161 nostre·
859 2109 931 2163 Jesu
957 2102 1040 2156 nulla
1064 2103 1152 2171 iqitur
1175 2105 1231 2157 erit
1250 2104 1451 2172 inaequalitas.
1484 2106 1642 2174 Antequam
1661 2121 1727 2160 vero
1745 2121 1793 2160 no·

40 2205 81 2250 iet.
95 2190 204 2246 birristi
227 2192 309 2244 nobis
322 2191 439 2261 placati
456 2199 483 2245 et
496 2192 622 2261 propitii
639 2199 666 2245 et
684 2209 737 2247 sua
756 2192 833 2262 luce,
852 2197 930 2264 sapi·
958 2194 1043 2242 stram
1061 2189 1227 2244 sententiam
1240 2196 1403 2244 novatorum
1423 2189 1545 2258 opinioni
1557 2191 1714 2260 oppositam
1731 2208 1794 2262 pro·

94 2276 181 2340 entia,
193 2277 321 2345 justitia,
339 2278 399 2330 vita
416 2284 442 2330 et
454 2277 566 2331 laetdia
578 2284 697 2331 adarna
715 2295 767 2331 nos
780 2278 931 2350 implentis,
958 2274 1069 2341 Murus,
1088 2283 1216 2331 notamus
1235 2276 1381 2346 sequentia
1400 2275 1539 2330 mambra:
1565 2277 1592 2344 t)
1613 2277 1795 2349 Distinguen-

94 2379 180 2432 quans
198 2362 313 2416 dilectio
332 2362 390 2416 Dei
406 2364 552 2417 ardenset
571 2364 682 2418 laetida
700 2364 730 2416 in
744 2367 807 2418 Deo
821 2368 931 2435 aequie-
958 2360 1024 2415 dum
1044 2368 1086 2417 est
1101 2363 1174 2415 inter
1193 2362 1393 2415 beatitudinem
1410 2362 1575 2430 objectivam
1594 2370 1620 2416 et
1636 2365 1794 2425 funalem.

93 2464 175 2502 mens
188 2463 303 2516 eumque
317 2454 402 2515 prata
415 2455 505 2502 mente
519 2457 545 2501 et
559 2465 623 2502 voce
638 2450 781 2504 relabens
791 2460 931 2520 perpetuo
960 2448 1020 2501 Hoc
1046 2447 1108 2502 loco
1133 2465 1189 2502 non
1217 2448 1360 2518 quaeritur
1388 2447 1423 2501 de
1448 2446 1622 2503 beatitudine
1648 2449 1795 2517 objectiva,

94 2535 254 2591 comitatur.
300 2534 415 2600 Quoties
434 2538 510 2598 ivero
538 2534 582 2588 rel
608 2532 753 2605 Scriptura
780 2554 860 2592 sacra
889 2538 933 2593 rel
959 2549 1031 2604 quae
1050 2533 1127 2588 Deus
1147 2540 1198 2600 est,
1215 2549 1352 2586 summum
1366 2532 1550 2587 illudbonum
1563 2535 1691 2589 omnibus
1705 2535 1795 2590 beatis

95 2619 278 2675 aeclesiastici
298 2621 445 2689 scriptores
470 2619 500 2674 in
521 2619 575 2674 Dei
598 2620 704 2675 visione
721 2637 755 2676 ae
773 2623 933 2695 cognitione
959 2636 1112 2682 wmmune,
1133 2619 1182 2675 scd
1202 2620 1237 2673 de
1256 2619 1429 2675 beatitudine
1445 2620 1574 2684 formali.
1613 2621 1640 2687 2)
1660 2622 1796 2677 Formalis

95 2705 297 2760 beatitudinem
323 2711 468 2773 statuunt,
503 2722 559 2760 non
589 2712 704 2761 notatur
734 2708 825 2762 nudus
852 2714 932 2764 aetna
960 2706 1008 2760 illa
1025 2705 1169 2761 beatitudo
1184 2704 1378 2776 complectitur
1394 2712 1454 2760 tum
1471 2707 1619 2761 essentiale
1627 2710 1796 2780 praemium,

94 2793 266 2856 intellectus,
290 2792 340 2847 sed
357 2799 525 2847 connotatnr
546 2808 657 2863 quoque
676 2801 756 2848 aetus
774 2794 932 2862 voluntatis,
960 2791 1035 2863 quod
1054 2799 1096 2847 est
1112 2791 1166 2846 Dei
1184 2791 1252 2845 visio
1272 2808 1305 2845 ae
1323 2791 1436 2857 fruitio,
1457 2799 1516 2847 tum
1535 2795 1693 2847 accessoria
1709 2812 1797 2863 prae·

94 2879 222 2950 deoque
234 2878 318 2949 plena
333 2877 409 2932 illins
421 2878 522 2932 summi
535 2877 601 2933 boni
614 2880 751 2948 perseam
767 2885 795 2934 et
808 2881 931 2950 adeptio,
960 2880 1033 2945 msa,
1070 2894 1141 2948 quae
1178 2877 1359 2932 beatitudinis
1395 2879 1542 2933 essentiam
1578 2886 1795 2950 consequuntur.

95 2980 169 3035 quae
194 2980 245 3034 per
270 2963 459 3034 cognitionem
486 2970 514 3019 et
539 2980 659 3019 amorem
686 2964 716 3018 in
744 2965 802 3019 rita
820 2973 933 3021 aeterna
960 2963 1078 3019 Ratione
1094 2963 1193 3033 prioris
1210 2963 1343 3018 tribuitur
1361 2963 1455 3018 electis
1468 2965 1611 3018 tenuem
1627 2966 1795 3036 essentialis,
1808 2982 1852 3025 xx.
1865 2983 1912 3025 ua

95 3049 225 3120 obtingit.
272 3047 351 3104 Sicut
383 3048 562 3103 usitatissime
587 3051 673 3104 verba
706 3051 823 3104 notitiae
852 3054 934 3120 apud
960 3049 1067 3103 ratione
1089 3049 1248 3119 posterioria
1273 3049 1415 3103 beatitudo
1442 3050 1640 3117 accidentalis,
1670 3067 1741 3120 quae
1766 3052 1794 3105 in

96 3126 387 3206 Hebraeos'affectus
411 3143 438 3189 et
460 3137 572 3205 effeetus
598 3143 743 3204 sequentes
772 3146 933 3205 connotant,
960 3135 1043 3189 variis
1055 3135 1164 3189 animae
1179 3141 1208 3191 et
1223 3135 1345 3205 corporis
1355 3135 1523 3188 ornamentis
1533 3135 1607 3189 ultra
1620 3136 1794 3190 essentialem

96 3237 153 3292 qus
172 3221 207 3275 de
220 3237 251 3275 re
268 3222 308 3275 rie
328 3220 440 3276 durent
452 3221 650 3275 Beneventum
669 3221 695 3276 d.
714 3220 747 3280 l.r
771 3224 840 3275 Tres
854 3233 934 3278 aetus
960 3221 1161 3277 beatitudinem
1173 3221 1271 3276 electis
1282 3221 1311 3275 in
1330 3220 1388 3274 vita
1407 3225 1520 3276 aeterna
1537 3220 1712 3276 conserendis
1731 3239 1796 3277 con·

94 3307 218 3375 qlorrbsi
239 3323 289 3359 seu
307 3306 443 3374 beatiJici,
463 3306 598 3375 perfecta
617 3309 676 3361 Dei
696 3309 784 3376 visio,
801 3311 933 3377 perfecta
960 3308 1047 3373 sistit;
1067 3323 1122 3360 non
1140 3307 1169 3360 in
1187 3305 1244 3375 illa,
1260 3306 1310 3360 sed
1331 3306 1360 3359 in
1381 3306 1433 3360 bae
1453 3306 1590 3361 duntaxat
1608 3306 1795 3378 inaequalitas

96 3393 213 3446 diludia
237 3399 263 3444 et
283 3394 417 3459 perfecta
437 3392 542 3456 fruitio
562 3401 626 3445 runt
648 3393 723 3446 inter
739 3409 770 3447 ae
790 3396 936 3464 conjuncti
960 3392 1099 3447 statuitur.
1130 3395 1156 3458 3)
1171 3391 1277 3456 Quodsi
1289 3390 1333 3445 vel
1347 3391 1464 3444 maxime
1476 3409 1531 3446 non
1543 3408 1686 3462 possemus
1699 3401 1797 3448 exacte

97 3486 125 3533 et
142 3479 273 3544 conveni,
297 3477 362 3530 ideo
384 3493 439 3546 per
463 3485 488 3531 et
505 3485 626 3547 propter
646 3479 720 3532 bane
738 3482 934 3535 conneeivnem
960 3485 989 3533 et
1000 3476 1124 3547 praecise
1142 3476 1332 3541 determinare,
1352 3476 1381 3529 in
1400 3477 1503 3546 quibus
1517 3475 1597 3531 bonis
1616 3494 1650 3532 ae
1667 3479 1796 3548 praemiis

97 3564 232 3617 mdiu·
251 3563 311 3630 uni,
330 3563 409 3631 quod
421 3570 461 3614 est
474 3564 605 3632 omnium,
624 3565 716 3632 maqis
728 3572 820 3618 aedem
831 3568 935 3620 visioni
960 3563 1107 3621 diversitas
1132 3562 1277 3617 beatorum
1296 3562 1333 3616 sit
1351 3561 1461 3626 futura,
1487 3570 1579 3616 tamen
1599 3563 1688 3633 ipsam
1706 3565 1795 3619 direr-

97 3649 231 3702 tribuitur
242 3655 395 3717 propterea
408 3650 486 3717 quod
494 3647 639 3704 invisione
650 3651 934 3719 distinpuiturstatus
960 3648 1071 3703 sitatem
1089 3666 1145 3703 non
1165 3647 1298 3702 debemus
1313 3663 1415 3718 negare
1432 3646 1469 3701 ob
1484 3647 1624 3702 evidentia
1636 3649 1797 3720 Scripturas

93 3735 210 3806 patriae
227 3752 247 3786 a
265 3740 342 3786 statu
364 3734 442 3802 vioe,
470 3752 525 3787 non
551 3735 593 3788 sie
619 3735 649 3789 in
674 3735 838 3803 dilectione,
865 3740 933 3806 quia
961 3734 1044 3799 dicta,
1071 3749 1143 3803 quae
1161 3749 1221 3787 eam
1240 3738 1375 3787 asserunt.
1419 3735 1445 3799 4)
1469 3732 1704 3804 Distinguendum
1723 3734 1796 3788 enim

97 3820 244 3888 utrobique
264 3827 305 3873 est
323 3819 449 3873 dilectio.
960 3821 1033 3874 inter
1052 3837 1110 3873 rem
1126 3836 1160 3871 ac
1180 3819 1224 3871 rei
1239 3820 1368 3885 modum
1392 3832 1437 3871 rea
1455 3819 1524 3888 ipsa,
1543 3819 1671 3874 videlicet
1690 3819 1797 3890 gloriae

960 3905 1106 3960 diversitas
1124 3911 1153 3959 et
1171 3904 1355 3974 praemiorum
1376 3903 1570 3974 inaequalitas,
1590 3921 1623 3959 cx
1644 3904 1796 3975 Scripturis

40 4005 71 4045 a·
133 3997 189 4048 tte.
223 3998 248 4047 5.
275 3991 323 4044 An
342 3991 442 4057 saturi
464 3992 520 4044 sint
542 3993 653 4060 qradus
676 3994 868 4061 praemiorum
899 4011 933 4047 ac
959 3997 1038 4046 certa
1059 3997 1116 4058 est,
1137 3990 1264 4061 quamvis
1290 3990 1400 4043 medum
1428 3990 1469 4044 rei
1491 3998 1588 4045 exacte
1609 3990 1723 4045 definire
1741 4008 1797 4046 non

40 4062 82 4156 {fg
95 4079 207 4146 ploriae
217 4077 248 4130 in
261 4077 433 4130 beatitudine
446 4078 584 4131 aeternat
607 4074 845 4132 EcclesiaChristi
860 4097 933 4134 com·
959 4078 1110 4148 possimus,
1129 4076 1195 4147 quia
1216 4076 1313 4129 oculus
1332 4093 1389 4129 non
1405 4077 1491 4143 vidit,
1510 4093 1560 4130 nec
1578 4077 1659 4130 auris
1679 4077 1796 4144 audivit

40 4158 84 4250 [Ν
96 4165 173 4219 muni
192 4172 221 4220 et
239 4162 379 4217 constanti
397 4162 533 4232 suffragio
552 4162 686 4216 haetenus
706 4162 864 4233 affirmarit,
883 4165 933 4220 sed
960 4182 1009 4218 nee
1030 4164 1060 4217 in
1086 4180 1136 4217 cor
1154 4162 1274 4215 bominis
1298 4164 1461 4230 adscendit,
1486 4163 1557 4230 quid
1579 4165 1797 4231 praeparaverit

98 4251 197 4305 Petrus
212 4248 321 4318 biartyr
345 4247 374 4302 in
391 4247 444 4305 loc.
462 4265 601 4303 commun.
622 4247 702 4302 elasa.
724 4254 748 4304 b.
764 4266 788 4305 c.
809 4257 847 4307 tt.
865 4255 888 4316 5.
909 4256 932 4306 8.
961 4251 1041 4304 Deus
1058 4266 1088 4303 se
1109 4248 1292 4315 dsliqentibus
1312 4246 1376 4301 Esa.
1396 4253 1438 4313 bt,
1457 4265 1482 4300 r.
1500 4253 1524 4302 4.
1568 4246 1715 4314 1.Cor.t,
1736 4253 1796 4304 r.9.

97 4335 202 4405 primus
228 4333 363 4405 superiori
386 4333 481 4387 seculo
506 4332 542 4386 ab
567 4331 620 4387 boe
639 4348 776 4388 consensu
798 4335 933 4402 discessit,
960 4334 1121 4399 bicarium
1141 4339 1190 4402 eet,
1208 4330 1352 4386 beatorum
1371 4333 1493 4386 omnium
1511 4330 1672 4386 felicitatem
1691 4341 1719 4386 et
1737 4334 1797 4404 glo·

96 4419 194 4475 timide
211 4426 305 4475 tamen
318 4435 351 4474 ae
363 4417 525 4472 titubanter.
563 4418 715 4488 Postquam
734 4419 807 4473 enim
821 4421 933 4475 demen-
959 4422 1030 4476 riam
1041 4435 1125 4474 unam
1142 4418 1202 4473 iore
1213 4418 1355 4486 objectiva,
1375 4416 1441 4486 quia
1459 4416 1640 4471 beatitudinis
1655 4419 1796 4490 objectum

96 4511 187 4562 strare
207 4509 322 4561 condus
342 4512 410 4567 erat,
434 4521 468 4559 ex
490 4510 511 4561 l.
530 4504 592 4559 Cor.
613 4510 653 4571 15,
672 4521 697 4560 v,
716 4510 757 4559 41.
779 4522 833 4560 non
852 4524 934 4575 possa
960 4505 1088 4561 omnibus
1105 4504 1195 4559 beatis
1213 4518 1358 4557 commune
1369 4509 1412 4556 est
1431 4502 1522 4571 Deus;
1542 4519 1626 4557 unam
1637 4505 1797 4573 subjective,

95 4592 283 4666 praemiorum
295 4589 483 4644 diversitatem
497 4589 527 4642 in
545 4589 604 4643 vita
620 4596 733 4643 aeterna
746 4589 850 4661 colligi,
868 4591 933 4646 sub·
959 4587 1797 4664 quiaomnesanimaepotentieeetomniacorporismembra

93 4678 191 4754 jungit
206 4693 271 4748 pag.
290 4681 355 4730 ¹134:
383 4676 463 4729 Haec
491 4693 509 4727 a
534 4693 576 4729 me
600 4692 657 4728 non
683 4676 830 4744 ἀίοιιπιιιν,
856 4680 935 4747 quod
959 4679 988 4732 in
1002 4674 1253 4733 omnibusomnino
1270 4673 1360 4727 beatis
1378 4673 1491 4728 coelesti
1505 4673 1594 4745 gloria
1611 4676 1796 4743 ornabuntur:

95 4767 220 4836 probare
243 4762 340 4825 uelim,
366 4762 406 4814 ibi
429 4777 489 4814 esse
511 4777 631 4830 prorem
649 4761 862 4829 aequalitatern,
882 4766 935 4817 sed
960 4781 1043 4818 unam
1060 4763 1171 4816 ratione
1190 4759 1337 4813 continuae
1352 4767 1378 4812 et
1392 4767 1526 4814 aeternae
1540 4764 1710 4832 decretionis,
1730 4763 1798 4834 quia

96 4866 208 4918 msere,
234 4855 364 4902 neutrum
387 4866 420 4902 ee
442 4847 534 4900 saum
555 4847 647 4899 literis
663 4848 829 4909 confirmari
843 4865 933 4916 posse.
960 4850 1084 4905 omnium
1103 4846 1249 4902 beatorum
1268 4844 1387 4899 felicitas
1410 4846 1463 4900 erit
1487 4847 1633 4916 continua,
1653 4865 1797 4919 nunquam

96 4934 263 4992 Probabilis
283 4941 323 4987 est
338 4941 459 5002 utraque
477 4933 629 4996 sententia,
647 4949 735 5002 neque
754 4934 933 4988 adsalutem
959 4931 1184 5002 inunumpends
1212 4936 1240 4985 et
1271 4931 1451 4999 sempiterna,
1480 4934 1627 5001 {nunquam
1660 4932 1796 5003 finienda;

95 5021 286 5078 neoessarium
305 5037 364 5073 esse
384 5021 458 5073 duco
478 5019 560 5086 scire,
587 5026 681 5072 utrum
701 5020 820 5073 istorum
838 5038 933 5075 vuum
959 5035 1043 5075 unam
1063 5019 1175 5071 ratione
1191 5017 1367 5082 semmuro,
1393 5016 1457 5088 quia
1483 5034 1577 5071 omnes
1601 5018 1677 5072 beati
1696 5034 1797 5089 aequa·

95 5111 144 5164 sit.
188 5106 343 5161 Probabile
363 5110 471 5174 forsan
497 5113 552 5172 est,
579 5113 609 5158 ut
634 5104 664 5158 in
689 5105 795 5158 sanetis
819 5107 934 5176 aliquid
958 5106 1022 5161 liter
1039 5110 1121 5160 erunt
1141 5104 1223 5169 certi,
1242 5102 1348 5156 nullum
1374 5102 1519 5156 amittendi
1544 5101 1617 5157 bane
1634 5101 1797 5158 felicitatem

96 5193 278 5259 discriminis,
295 5194 347 5246 sed
359 5192 412 5246 boc
426 5208 459 5245 ee
475 5189 838 5259 Scripturisnoneaistimo
848 5209 934 5260 posse
960 5198 988 5247 et
1011 5190 1129 5261 gloriam
1153 5187 1205 5242 sibi
1230 5187 1373 5243 imminere
1390 5188 1558 5258 perieulum3
1585 5205 1669 5243 unam
1685 5192 1797 5245 ratione

97 5278 298 5336 demcndrari.
317 5295 382 5349 pag.
399 5284 457 5334 tet.
477 5275 643 5347 respondere
657 5283 775 5330 conatur
792 5277 934 5332 adomnia
959 5276 1107 5345 satietatis,
1129 5273 1196 5345 quia
1215 5290 1310 5329 omnes
1331 5274 1406 5328 beati
1426 5272 1585 5343 plenissime
1608 5282 1636 5329 et
1653 5275 1796 5344 perfectis·

96 5366 258 5437 Scripturae
278 5363 354 5420 dicta
371 5371 400 5420 et
418 5369 597 5435 argumerdm
616 5378 687 5434 quae
703 5380 753 5433 pro
772 5362 934 5418 diversitate
959 5362 1029 5417 sime
1048 5359 1225 5415 satiabuntur
1243 5358 1290 5413 illa
1301 5359 1399 5429 gioria,
1418 5374 1490 5428 quac
1509 5359 1660 5430 unicuique
1671 5378 1703 5415 cx
1719 5361 1798 5417 fonte

96 5452 282 5523 praemiorum
302 5450 488 5517 adducuntur,
507 5456 535 5505 et
546 5449 660 5505 tandem
673 5448 814 5504 concludit
825 5466 855 5519 p.
867 5453 932 5504 tae:
960 5446 1072 5504 divinae
1086 5445 1265 5516 benignitatis
1278 5443 1417 5515 obtinget;
1438 5460 1521 5498 unam
1541 5445 1651 5560 rap'one
1668 5447 1797 5500 immuni·

1530 5535 1563 5585 25
