4050 6014
163 241 225 300 sse
698 190 701 195 ’
825 228 1053 289 uueeussus
1070 229 1219 290 sexsus

161 390 232 442 tudo
256 388 319 442 siae
341 387 511 443 calamitate.
550 388 603 442 Ubi
625 387 721 441 omnia
738 386 813 441 bona
829 386 860 439 in
877 386 1000 440 emitote
1029 395 1119 441 moues
1143 395 1170 440 et
1189 404 1263 440 unus
1286 387 1409 441 omniurn
1431 385 1551 456 spiritm
1569 386 1605 439 de
1627 384 1867 456 mnunpmttose

48 460 53 470 ¹
161 476 307 545 perfecta,
331 475 383 528 ubi
407 475 514 544 species
539 480 565 527 et
586 473 658 526 cisio
684 491 703 525 a
724 473 809 543 facie
827 473 1001 542 adfaciem,
1030 474 1088 528 Dei
1101 473 1150 528 sui
1169 490 1205 528 ae
1226 476 1262 528 de
1281 490 1335 526 sua
1356 489 1419 527 cum
1437 473 1490 527 illo
1510 472 1714 541 permansione
1730 487 1867 538 stourssse

162 559 212 612 ubi
232 561 323 630 plena
347 560 466 613 seientia
495 560 525 611 in
547 560 673 612 omnibus
698 566 724 613 et
742 575 799 627 per
817 559 926 625 omnia,
953 557 1003 612 ubi
1028 560 1078 613 ubi
1093 561 1159 630 ipsa
1177 558 1292 628 cuias,
1316 573 1389 627 quae
1412 566 1452 611 est
1474 558 1640 626 anpclorum
1658 565 1821 612 mutorum
1838 567 1867 612 et

159 664 271 701 summa
287 647 347 701 Dei
368 646 477 700 bandus
495 646 619 700 cernuur
641 654 667 698 et
685 645 779 699 lumen
797 644 964 699 illummans
982 662 1002 698 a
1027 643 1460 712 hominumconprepatiobeata,
1479 643 1770 713 meritisfulqentibus
1780 644 1867 699 micat

159 733 269 788 sanetis
286 733 472 800 plurificatur,
493 732 543 785 ubi
552 747 689 801 praesens
702 731 839 799 majestas
858 731 918 785 Dei
936 747 1001 784 con·
1028 739 1054 785 et
1071 737 1188 785 utana
1205 730 1286 784 salus
1303 729 1449 796 eauberat,
1473 730 1581 783 cauas
1599 735 1718 799 repeat,-
1742 729 1794 783 ubi
1814 747 1866 785 neo

160 819 283 886 spicimr
303 819 396 871 etheo
413 818 488 871 uitae
507 817 568 871 cibo
587 818 650 871 sine
670 818 784 881 defectu
801 833 879 870 mens
894 816 1001 870 ιἠωοη·
1026 818 1110 884 fallit
1134 818 1264 888 quisque,
1289 833 1341 870 nec
1360 817 1493 881 follitsu,
1519 818 1596 869 unde
1622 815 1721 868 nulius
1748 816 1867 885 ejicitur

159 903 232 957 tium
255 905 446 957 demderatur.
495 903 597 956 Vident
623 919 732 971 seneper
757 911 784 955 et
807 903 905 956 cidere
928 903 1001 956 desi·
1028 905 1138 971 bsatus,
1164 920 1218 972 quo
1245 902 1341 956 nullus
1364 902 1449 957 miser
1469 902 1637 955 admittitur.
1656 917 1717 973 cap.
1738 908 1769 960 t:
1797 903 1866 958 Erit

160 991 279 1055 derum,
306 989 367 1043 sine
392 989 534 1043 ansietate
562 988 724 1043 didderant
751 997 779 1042 et
796 990 856 1042 sisu
871 988 1001 1056 fastidio
1027 989 1184 1043 intellretus
1201 989 1262 1043 sine
1279 1003 1391 1053 arere,
1409 987 1547 1041 memoria
1562 988 1625 1041 sine
1641 987 1794 1053 allisione,
1818 1005 1865 1043 co·

160 1076 314 1129 satiantur.
361 1074 414 1128 Ubi
433 1091 515 1128 caus
538 1074 582 1128 sol
607 1073 737 1141 iustitiae
761 1074 836 1129 mira
853 1089 922 1127 suae
938 1073 1001 1142 pul·
1027 1075 1128 1144 pitatio
1148 1075 1208 1128 sine
1222 1073 1441 1144 perauqatioae,
1465 1075 1574 1126 caritas
1594 1073 1655 1127 sine
1672 1073 1867 1141 uastauere,

160 1160 334 1215 chn'tudinis
352 1160 459 1214 ruiana
474 1163 569 1214 ahuses
580 1160 671 1224 reficit
686 1168 713 1213 et
724 1159 767 1214 ita
781 1159 926 1213 uniuersos
938 1173 1000 1211 cae·
1026 1178 1124 1215 sensus
1146 1161 1208 1213 siue
1226 1159 1395 1229 offensione,
1418 1159 1600 1213 incolumitas
1624 1159 1685 1214 sine
1699 1159 1866 1226 ''debilitate,

159 1247 240 1301 lestis
259 1246 374 1316 patriae
390 1246 464 1300 csues
483 1246 639 1314 illuminat,
665 1253 696 1299 ut
719 1245 813 1298 luceat
837 1245 877 1298 ibi
900 1245 1001 1310 lumea,
1027 1246 1107 1300 salus
1118 1246 1180 1300 sine
1196 1245 1304 1312 dolore,
1320 1245 1381 1297 nita
1400 1245 1461 1299 nne
1473 1252 1570 1310 morte,
1587 1245 1721 1309 facilites
1739 1246 1801 1300 sine
1813 1247 1866 1300 im·

159 1331 293 1387 uidelicet
312 1331 503 1385 illuminatum
512 1331 706 1400 perdiuinum
724 1332 816 1386 lumen
834 1331 1001 1386 illuntinans
1024 1332 1198 1400 pedimenta,
1219 1330 1359 1384 saturitas
1381 1330 1442 1383 sine
1466 1330 1590 1395 fastidio
1617 1339 1644 1384 et
1666 1334 1727 1385 tota
1753 1333 1866 1386 sandes

158 1417 239 1471 ultra
257 1433 366 1471 omnem
386 1417 457 1470 solis
476 1419 572 1471 nostri
588 1416 770 1485 splendorem
787 1424 872 1486 atque
888 1425 1001 1471 cuncta·
1027 1418 1089 1470 eine
1115 1416 1213 1470 morbo
1240 1421 1291 1470 etc.
1335 1414 1483 1470 Caesarius
1505 1414 1578 1474 hom.
1596 1420 1643 1471 26:
1677 1417 1756 1471 Vitae
1782 1419 1866 1472 illius

159 1521 225 1558 rum
251 1503 399 1558 meliorum
425 1503 600 1568 claritatem,
633 1503 789 1557 immortali
814 1503 1001 1556 adhaerentes
1027 1517 1127 1555 cursus
1139 1501 1193 1555 erit
1206 1501 1268 1554 sine
1281 1501 1410 1570 termino,
1428 1518 1497 1554 usus
1514 1502 1575 1554 sine
1593 1502 1726 1571 fastidio,
1744 1505 1866 1572 refectio

163 1589 277 1644 Deitati
285 1604 320 1640 ac
327 1605 384 1657 per
392 1589 443 1642 hoc
455 1589 629 1643 immortales
641 1597 669 1644 et
682 1587 911 1658 incorruptibiles
918 1589 1000 1655 faeti.
1026 1588 1087 1641 sine
1098 1586 1168 1651 cibo,
1184 1588 1362 1656 adjutorium
1373 1588 1434 1641 sine
1447 1589 1569 1653 defectu,
1581 1589 1694 1658 requies
1705 1589 1767 1642 sine
1774 1599 1866 1657 node,

159 1691 185 1732 e.
207 1679 253 1730 17:
282 1673 359 1737 Quid
377 1675 431 1727 hac
446 1674 505 1727 uita
525 1675 646 1737 beatius,
670 1674 722 1728 ubi
741 1691 798 1727 non
821 1681 860 1728 est
873 1649 1321 1751 pauper-iotioss‘taesinesenio,
1342 1673 1866 1736 indeficienssubnutuDeicaritaset

159 1761 229 1815 talis
242 1768 339 1829 metus,
358 1778 414 1814 uon
434 1760 625 1830 aeqrs'tudinis
645 1761 848 1813 imbecillitas!
864 1760 905 1813 ibi
920 1776 999 1813 nemo
1026 1760 1076 1814 sub
1094 1759 1219 1829 antiquis
1237 1760 1439 1832 perpetuisque
1459 1761 1577 1828 qaudiis
1598 1777 1709 1830 seusper
1724 1778 1801 1817 noua
1814 1763 1866 1832 ju·

157 1847 304 1915 laeditur,
331 1863 410 1900 nemo
427 1847 578 1914 irascitur,
603 1863 683 1900 nemo
706 1845 828 1911 inridet,
855 1846 1000 1913 cupiditas
1026 1846 1159 1898 cuntibus
1185 1854 1212 1899 et
1235 1847 1297 1900 sine
1320 1845 1382 1899 ullo
1407 1844 1559 1899 amittendi
1574 1847 1707 1914 periculo
1727 1848 1865 1911 suscitas.

161 1933 244 1988 nulla
261 1933 429 2001 exardescit,
447 1933 556 1986 nullum
573 1932 632 1985 cibi
649 1933 831 2000 desiderium,
854 1931 935 1985 nulla
951 1932 999 1986 ha·
1025 1931 1192 2003 Fulgentius
1211 1931 1291 2002 epist.
1312 1938 1337 1987 4.
1354 1948 1415 2002 esp.
1434 1937 1462 1988 es
1481 1932 1531 1985 Ibi
1548 1949 1600 1986 nec
1618 1934 1711 1988 minor
1728 1935 1784 1988 erit
1801 1935 1866 1989 lass·

156 2019 240 2074 noris
260 2026 310 2071 aut
322 2018 472 2087 potestatis
487 2018 586 2087 pulsat
602 2017 733 2086 ambitio,
754 2018 851 2071 nullus
869 2018 911 2070 ibi
935 2017 999 2070 dia·
1025 2018 1141 2070 datiam
1160 2024 1258 2071 nostra
1278 2017 1401 2081 dilectio,
1421 2035 1472 2071 neo
1490 2018 1616 2088 inferior
1632 2019 1782 2073 dilectione
1802 2019 1866 2074 lau·

157 2104 221 2159 boli
235 2112 332 2167 metue,
345 2104 472 2157 insidiae
486 2106 653 2158 damonum
666 2104 771 2168 nullae,
790 2111 884 2156 terror
901 2103 999 2172 ychen·
1025 2103 1115 2160 datio.
1148 2103 1217 2156 Erit
1236 2102 1310 2157 enim
1325 2102 1416 2172 plena
1434 2111 1535 2156 nostra
1554 2103 1694 2169 medalio,
1711 2107 1779 2174 quia
1798 2113 1865 2159 tunc

159 2206 216 2246 nae
227 2190 344 2260 ‘procul
362 2207 439 2245 mors
455 2206 544 2258 neque
558 2190 688 2259 corporis
706 2205 796 2258 neque
809 2189 930 2258 animae,
947 2192 1000 2242 sed
1024 2190 1055 2242 in
1062 2189 1144 2241 nohis
1159 2189 1214 2241 erit
1224 2189 1284 2241 Dei
1294 2188 1476 2257 proximique
1487 2190 1622 2257 perfecta
1637 2189 1761 2244 dilectio.
1784 2191 1864 2246 Tunc

159 2276 385 2332 immortalitatis
393 2292 507 2330 munere
517 2276 719 2344 jucundavita,
739 2276 822 2330 nulla
836 2282 918 2329 erunt
934 2283 999 2329 ωηο
1023 2273 1207 2327 laudabimus
1226 2281 1253 2327 et
1271 2273 1446 2340 habebimus,
1472 2281 1538 2327 tuac
1556 2274 1718 2328 babebimus
1738 2284 1765 2329 et
1784 2294 1864 2332 ama·

161 2363 249 2427 mala,
268 2380 407 2432 nmquam
415 2363 571 2429 discordia,
590 2364 643 2416 sed
651 2369 999 2428 cunctacansona,cuncta
1024 2359 1124 2422 bimus,
1141 2367 1207 2412 tunc
1226 2358 1395 2412 satiahiausr
1414 2375 1477 2412 cum
1495 2359 1682 2414 delectatione
1700 2368 1725 2415 et
1739 2363 1864 2418 delecta·

158 2447 361 2515 oonrenieutia,
379 2448 448 2516 quia
466 2449 587 2502 omnium
605 2455 768 2502 sanctarum
784 2465 843 2500 una
860 2448 916 2501 erit
933 2463 998 2501 con·
1024 2445 1117 2498 bimur
1133 2462 1196 2498 cum
1212 2445 1348 2498 satietate
1370 2444 1451 2515 epist.
1470 2450 1495 2500 e.
1512 2462 1536 2500 a.
1551 2451 1581 2500 l:
1604 2445 1689 2500 Nihil
1706 2447 1749 2501 ibi
1774 2451 1862 2519 deest,

158 2535 277 2602 cordia,
294 2551 356 2603 pau
378 2542 481 2588 cuncta
502 2542 528 2588 et
548 2534 662 2589 laetitia
679 2535 815 2601 continet,
840 2534 999 2603 uunquilla
1025 2532 1094 2600 quio
1109 2538 1198 2585 totum
1217 2531 1248 2584 in
1264 2531 1317 2585 illo
1335 2538 1391 2597 est,⁸
1410 2531 1484 2584 nihil
1496 2531 1538 2584 ibi
1547 2541 1683 2602 superest,
1701 2535 1770 2602 quia
1788 2536 1864 2591 nihil

158 2629 226 2675 sunt
238 2621 335 2674 omnia
350 2629 376 2676 et
391 2621 494 2690 quieta,
508 2621 592 2690 jupis
608 2621 753 2690 splendor,
768 2637 826 2674 non
841 2628 873 2674 ut
889 2628 930 2675 est
940 2620 998 2689 s'lle,
1021 2624 1138 2686 praeter
1154 2617 1236 2671 illum
1254 2623 1295 2670 est
1312 2622 1365 2670 ete.
1396 2617 1434 2671 In
1446 2617 1509 2686 ipso
1530 2618 1608 2671 beati
1623 2627 1706 2672 erunt
1720 2621 1811 2688 pleni,
1831 2622 1864 2675 in

157 2707 211 2777 qui
226 2724 300 2760 nunc
319 2715 360 2760 est
376 2707 434 2775 sol,
458 2709 512 2761 sed
527 2713 605 2760 tanto
624 2706 742 2774 clarior,
761 2713 865 2775 qssaato
881 2704 999 2773 felicior
1024 2720 1079 2772 quo
1096 2703 1169 2756 nihil
1185 2702 1344 2770 induetur,-
1361 2701 1392 2754 in
1411 2717 1444 2754 eo
1462 2702 1580 2785 securi,
1593 2704 1622 2756 in
1640 2721 1695 2773 quo
1714 2704 1789 2759 uihsl
1808 2723 1862 2760 me-

158 2796 214 2848 etc.
249 2793 315 2846 Noc
331 2792 373 2845 ihi
390 2792 486 2856 nullo,
505 2792 634 2846 tenebrae
648 2792 760 2856 nullae,
779 2808 931 2846 concursus
947 2810 998 2845 nu·
1024 2789 1129 2857 enitar,-
1154 2789 1183 2841 in
1202 2805 1235 2842 eo
1256 2803 1322 2841 esre
1341 2803 1504 2857 semperque
1527 2789 1661 2858 ploriosi,
1687 2791 1771 2861 cujus
1793 2809 1862 2847 cera

158 2879 234 2933 bium
253 2879 365 2946 nullus,
389 2896 440 2932 uec
461 2877 585 2945 friqoris
603 2879 754 2932 ardorisve
768 2879 911 2946 asperitas
926 2877 997 2943 ulla,
1024 2882 1052 2928 et
1064 2875 1236 2943 sempiterna
1248 2874 1344 2943 qlore'ts
1355 2890 1406 2927 uec
1426 2876 1569 2942 aufertur,
1585 2891 1636 2930 neo
1652 2877 1800 2942 minuitur,
1811 2895 1863 2932 nee

157 2967 212 3020 sed
236 2966 304 3019 talis
329 2964 385 3017 erit
407 2979 503 3016 rerum
529 2965 689 3033 temperies,
714 2980 799 3032 quam
824 2979 876 3017 nee
899 2964 997 3018 oculus
1024 2969 1151 3028 auquur.
1182 2958 1334 3029 Gregorius
1344 2958 1418 3014 hom.
1434 2963 1477 3015 et.
1494 2959 1651 3031 inevungA
1672 2963 1749 3026 Quae
1761 2964 1861 3035 linqua

159 3052 244 3119 sitiit,
275 3067 326 3104 nee
348 3050 430 3103 auris
454 3049 566 3103 audiuit
593 3054 646 3106 etc.
694 3050 796 3104 Verum
819 3066 905 3119 saper
928 3051 997 3104 haec
1024 3046 1119 3101 dicere
1132 3045 1176 3100 ael
1194 3045 1258 3115 quis
1269 3045 1427 3098 intellectus
1440 3048 1669 3114 caperesufficit,
1688 3050 1743 3103 illa
1759 3069 1861 3122 super·

157 3138 255 3192 amnia
279 3144 320 3189 est
342 3135 504 3190 comooiari
523 3135 620 3190 choris
642 3135 808 3204 anqelorum
828 3142 854 3189 et
878 3136 997 3189 archan-
1023 3149 1078 3186 nae
1095 3130 1220 3186 ciuitatis
1239 3138 1347 3200 quanta
1366 3131 1425 3185 siut
1442 3133 1560 3198 paedia,
1581 3135 1747 3202 capelorum
1766 3137 1861 3194 choris

158 3222 288 3292 pelorum
307 3228 391 3290 utque
408 3220 532 3274 manium
549 3219 709 3275 coeleuium
726 3222 867 3290 uirtutum,
891 3220 999 3275 intueri
1023 3219 1172 3284 irueresse,
1197 3234 1262 3270 cum
1280 3215 1450 3270 heatimimis
1466 3217 1615 3285 spiritibm
1634 3221 1746 3288 plamae
1757 3226 1862 3279 ,cendi-

156 3308 343 3378 patriarchas
370 3316 396 3361 et
417 3309 588 3377 propbetas,
615 3307 712 3361 eidem
741 3308 885 3373 apostolos
911 3315 996 3376 utque
1023 3305 1095 3359 toris
1113 3305 1262 3374 assistere,
1278 3311 1456 3373 prementem
1474 3305 1536 3357 Dei
1549 3305 1655 3359 suanm
1672 3324 1793 3375 cernae,
1820 3313 1862 3366 in·

161 3410 256 3446 amnes
274 3401 396 3457 sanctos,
414 3393 511 3446 uidere
531 3393 616 3445 etiam
629 3400 763 3461 parentes
777 3401 896 3447 nostroe.
928 3391 996 3446 Glo-
1022 3391 1265 3462 circumscriptam
1289 3391 1381 3445 lumen
1401 3391 1515 3457 uidere,
1552 3392 1633 3446 nullo
1660 3396 1759 3450 morus
1786 3407 1862 3454 mssa

157 3482 241 3535 riosa
254 3481 407 3548 haecsunt,
424 3481 477 3534 sed
494 3479 581 3533 multo
597 3479 804 3548 pluriosiusest
817 3487 996 3548 praesentem
1022 3476 1119 3545 affici,
1157 3475 1379 3545 incorruptionis
1405 3483 1560 3545 perpetuae
1589 3495 1704 3534 munere
1732 3482 1862 3540 maurit

161 3567 222 3621 Dei
244 3566 351 3620 οηῑωη
378 3581 508 3632 cernere,
537 3564 810 3633 incircumscriptum
836 3565 928 3618 lumen
956 3565 996 3616 si·
1024 3563 1178 3617 Audoenus
1200 3563 1230 3616 in
1248 3561 1307 3617 rite
1324 3560 1411 3631 litigii
1435 3559 1484 3615 lib.
1504 3567 1528 3617 2.
1549 3579 1575 3618 c.
1594 3569 1640 3618 tt:
1662 3565 1800 3623 Amarda
1819 3580 1861 3625 est

159 3653 235 3706 dere.
270 3650 503 3721 Supereecellens
520 3649 616 3719 pluria
634 3649 701 3715 erit,
725 3666 788 3703 oum
808 3652 901 3704 Deum
919 3651 995 3704 aide·
1022 3650 1077 3704 illa
1094 3651 1167 3714 rita,
1192 3648 1242 3701 ubi
1263 3648 1361 3701 nullus
1379 3648 1462 3702 lahor
1476 3655 1531 3718 est,
1557 3648 1607 3702 ubi
1625 3667 1734 3706 summa
1751 3672 1862 3728 semper

160 3738 252 3790 bimus
269 3737 300 3790 in
321 3753 350 3788 se
368 3735 445 3805 epse,
463 3735 619 3788 aidebirm
637 3742 663 3788 et
681 3735 843 3790 habebimus
860 3736 890 3789 in
908 3736 995 3803 nobis,
1022 3736 1169 3804 securitas,
1186 3751 1286 3788 scaeua
1295 3733 1435 3802 felicitas,
1455 3734 1667 3801 felialibertas,
1687 3739 1779 3795 libera
1799 3743 1862 3799 bea·

161 3823 239 3892 quod
261 3837 374 3874 cernere
393 3820 465 3888 finis
487 3837 544 3874 non
562 3821 624 3876 erit.
662 3819 770 3875 Auctor
787 3820 851 3875 libri
875 3821 910 3875 de
929 3823 995 3893 spir.
1023 3824 1125 3888 titudo,
1145 3820 1201 3886 ubi,
1227 3821 1300 3873 sicut
1319 3820 1460 3873 Dominus
1480 3822 1530 3889 ait,
1554 3823 1659 3877 erimus
1676 3826 1783 3882 similes
1810 3848 1860 3884 an·

159 3914 190 3963 ot
209 3907 292 3964 euim.
309 3906 369 3978 (qui
388 3911 479 3961 exstat
496 3913 562 3960 tenu
582 3911 607 3962 3.
625 3923 700 3977 oper.
720 3907 886 3978 Augustini)
905 3925 928 3962 c.
948 3915 995 3968 36:
1022 3910 1095 3979 pelis
1119 3915 1145 3963 et
1171 3905 1245 3975 iusti
1263 3905 1411 3973 fulpehunt
1434 3908 1508 3961 sicta
1530 3908 1583 3965 sol.
1623 3911 1718 3966 Nulla
1741 3914 1785 3968 iti
1805 3919 1861 3971 era

162 3995 242 4049 Sicut
267 3992 391 4046 exterior
414 3992 496 4045 homo
515 3993 595 4045 circa
612 3993 666 4045 ista
686 3994 858 4063 temporalia
877 3996 996 4064 pinque
1023 3994 1151 4057 tristitia,
1168 3992 1266 4046 nullus
1278 3991 1370 4058 labor,
1387 3992 1484 4046 nullus
1496 3994 1587 4063 umor,
1607 4012 1683 4050 mors
1700 3999 1791 4064 nulla,
1809 4005 1861 4057 sed

156 4080 267 4152 partito
285 4095 369 4130 sensu
387 4078 530 4146 afficitur,
554 4077 573 4131 i.
593 4094 616 4131 s.
633 4080 710 4148 auu,
730 4080 847 4144 auduu,
867 4087 952 4149 pastu
971 4088 997 4134 et
1021 4088 1161 4153 perpetua
1180 4074 1299 4134 sanitas.
1330 4078 1423 4132 Nulla
1442 4079 1504 4132 ills'e
1516 4081 1628 4135 emutat
1644 4084 1765 4153 malma,
1776 4090 1861 4144 natta

158 4163 276 4230 oderis,-
292 4164 334 4216 sic
350 4163 471 4218 interior
491 4163 572 4216 homo
592 4164 622 4216 in
640 4164 721 4218 beata
741 4165 800 4218 cita
818 4167 896 4219 circa
916 4166 996 4234 quia-
1024 4167 1121 4222 carnis
1146 4164 1276 4230 miseria,
1301 4163 1384 4218 nulla
1409 4166 1576 4235 aspritudo,
1599 4171 1751 4226 necessitas
1769 4175 1859 4242 nulla,

160 4266 213 4321 que
230 4249 390 4318 ineffabilia
409 4249 469 4301 Dei
485 4249 627 4319 ineffabili
642 4267 737 4304 amare
753 4252 890 4319 afficitur.
927 4249 996 4304 aaa
1023 4272 1079 4307 non
1097 4253 1203 4318 farsos,
1224 4267 1280 4304 ηοη
1296 4249 1375 4317 sitis,
1393 4266 1450 4303 non
1468 4251 1577 4319 frique,
1600 4270 1658 4308 non
1674 4264 1783 4328 aestus,
1803 4277 1860 4317 non

160 4334 235 4387 enim
254 4336 350 4386 Dema
375 4352 457 4387 seeum
485 4335 606 4403 amabit,
625 4337 879 4404 quandamlucem,
908 4352 995 4404 quean-
1023 4339 1173 4403 lassitudo,
1199 4353 1256 4389 non
1269 4335 1332 4388 ullu
1348 4336 1459 4389 inimici
1483 4337 1616 4407 tentatio,
1643 4359 1700 4396 ηοη
1717 4350 1862 4414 peccandi

160 4421 229 4473 elam
246 4435 353 4487 rocem,
374 4421 513 4487 quendam
533 4423 660 4485 odorem,
690 4424 831 4490 quendam
853 4422 945 4475 cibum
970 4431 996 4475 et
1022 4424 1122 4489 libido,
1142 4424 1198 4476 imo
1217 4421 1354 4476 necmale
1368 4423 1474 4490 aqendi
1485 4424 1634 4495 faculas,-
1652 4430 1706 4482 sed
1721 4433 1860 4499 pandiae·

160 4506 300 4573 qumdam
329 4505 488 4573 ampleaum
513 4507 674 4561 imeriorem
702 4506 825 4574 amabit5
855 4506 898 4560 ibi
923 4506 994 4560 enim
1023 4520 1048 4566 et
1074 4509 1187 4564 laethia
1206 4508 1302 4561 omnia
1326 4509 1473 4576 occupabit
1491 4509 1670 4581 hominesque
1688 4518 1798 4584 anqelis
1816 4536 1860 4575 so-

158 4591 260 4658 t‘ulqet,
279 4591 357 4658 quod
370 4607 429 4643 nan
446 4593 525 4661 capit
540 4593 635 4660 loeus,·
653 4593 695 4646 ibi
711 4600 815 4672 sonat,
833 4593 910 4660 quod
939 4608 996 4647 non
1022 4597 1091 4652 sinti
1108 4597 1169 4650 sine
1188 4595 1250 4649 ulla
1267 4595 1365 4648 earnis
1379 4594 1544 4658 infirmitate
1556 4607 1694 4668 perpenso
1711 4603 1859 4668 ponem,

159 4676 238 4746 rapit
259 4683 381 4745 tenpue-
406 4676 449 4731 ibi
471 4677 541 4742 olet,
564 4680 642 4746 quud
665 4696 720 4733 noa
744 4677 857 4746 sparqit
881 4686 994 4749 οοηωος
1023 4685 1090 4737 Erit
1109 4682 1171 4737 illic
1185 4681 1298 4736 laetstia
1314 4689 1401 4746 certa,
1427 4680 1540 4749 requies
1556 4700 1672 4753 secura,
1696 4705 1758 4756 pau
1780 4706 1858 4759 nera,

159 4763 200 4815 ibi
216 4762 309 4831 sapit,
334 4763 413 4831 quod
437 4781 495 4816 non
516 4764 618 4817 minuit
644 4764 789 4826 adscitam
820 4762 863 4816 ibi
889 4763 995 4830 haeret,
1015 4769 1185 4839 jucunditas
1200 4768 1322 4831 infinita.
1356 4766 1403 4820 Ihi
1423 4768 1565 4836 quidquid
1582 4772 1668 4825 semel
1685 4775 1788 4846 adepti
1805 4779 1859 4831 eri·

159 4847 237 4917 quoe
245 4862 301 4901 non
312 4849 425 4904 divellit
440 4851 566 4914 satietas,
584 4849 626 4903 ibi
635 4850 776 4918 siquidem
791 4848 995 4905 videturesse·
1021 4872 1096 4924 mus,
1117 4869 1261 4923 nunquam
1286 4853 1452 4906 amitteres.
1494 4855 1577 4909 Nihil
1597 4856 1660 4912 loco
1677 4859 1732 4913 ulo
1749 4864 1858 4932 mapni·
1880 4900 1887 4911 .

40 4955 86 4998 xx,
99 4954 146 4999 tu,
159 4933 220 4988 sinc
237 4934 458 5003 intermissione,
478 4937 655 5003 capnosoitur
676 4935 737 4990 sine
758 4953 863 5007 emere,
882 4945 996 4992 anatur
1021 4941 1157 5007 ficentius,
1179 4938 1252 4992 nihil
1271 4938 1435 5008 pluriosius,
1454 4938 1527 4993 nitu
1539 4940 1691 5010 illustriss,
1710 4946 1783 5003 nshil
1792 4949 1858 5017 pul·

157 5020 220 5074 sine
237 5020 405 5090 offensione,
421 5023 561 5075 laudatur
580 5022 641 5074 sine
652 5023 838 5090 satipatione.
875 5023 995 5094 Prosper
1021 5027 1132 5093 ehrius,
1150 5025 1223 5079 nihil
1241 5025 1349 5094 auius,
1366 5024 1439 5079 nuel
1457 5025 1677 5098 enunifioentiue,
1703 5031 1780 5085 nihil·
1803 5033 1859 5089 illa

157 5103 206 5160 lib.
228 5111 250 5162 1.
272 5108 306 5161 de
320 5106 380 5161 vitu
398 5105 547 5176 contempl.
565 5122 589 5161 c.
610 5111 640 5161 2:
664 5107 776 5161 littura
793 5109 852 5162 rita
870 5111 996 5164 creditur
1022 5112 1146 5166 bonitate
1161 5112 1313 5175 sincerius,
1341 5111 1415 5166 ns'lsil
1438 5112 1493 5168 illa
1518 5113 1696 5168 abundantia
1716 5118 1859 5186 copiosius

160 5191 238 5246 beate
251 5194 422 5262 seuspiterna
441 5202 467 5246 et
485 5192 651 5260 sempiterne
671 5193 765 5264 heato,
788 5195 838 5248 ubi
855 5202 898 5250 est
917 5205 996 5250 oerta
1022 5201 1076 5253 ete.
1105 5195 1238 5253 Rebunus
1258 5198 1509 5256 instetutus.
1528 5216 1552 5254 c.
1566 5205 1612 5256 12:
1633 5201 1709 5264 Qsts'd
1725 5204 1785 5258 uita
1803 5205 1859 5260 illa

159 5279 336 5332 securitaset
353 5293 455 5331 maura
467 5277 665 5347 tranquillitas
682 5288 708 5334 et
719 5282 880 5351 tranquilla
888 5283 996 5351 jucun·
1022 5283 1150 5337 beatius!
1173 5283 1223 5337 ubi
1242 5302 1300 5339 non
1319 5293 1360 5338 est
1373 5286 1557 5355 paupertatis
1574 5294 1669 5356 metus,
1686 5305 1745 5343 non
1763 5292 1859 5359 aspri·

160 5364 253 5433 ditas,
280 5364 355 5429 felic
379 5364 545 5430 aeternitas,
571 5372 688 5420 aeterna
704 5366 850 5437 felicitas,·
878 5369 928 5422 ubi
956 5377 997 5422 est
1022 5371 1108 5439 tudo,·
1129 5387 1209 5425 nemo
1233 5371 1326 5426 laedit
1345 5374 1448 5443 injuste
1466 5379 1515 5426 aut
1529 5372 1671 5441 laeditur,
1695 5391 1775 5430 nemo
1800 5377 1859 5431 ira·

159 5465 242 5503 amor
256 5450 412 5519 perfectus,
428 5449 526 5504 nullus
542 5450 634 5519 uma,
652 5452 714 5507 dies
731 5460 872 5519 aeternus,
898 5455 996 5512 alacer
1023 5455 1127 5521 scitur,
1152 5474 1231 5513 nemo
1256 5460 1377 5527 invidet,
1409 5458 1490 5514 nulla
1518 5458 1665 5527 cupiditas
1692 5464 1860 5529 esordescit,
1932 5520 1936 5527 ,
