4050 6014
247 254 307 316 282
767 238 769 243 ’
850 270 853 281 ’
891 242 1121 304 maturus
1139 243 1309 312 QUINTUS

246 403 407 458 Hebraeum
429 411 479 457 aut
499 402 572 458 nibil
599 402 684 457 addit
706 401 927 472 praepositioni,
955 402 1002 456 eui
1028 404 1079 455 ad·
1108 401 1265 456 voluntarie
1282 406 1311 455 et
1328 417 1361 455 er
1380 399 1483 455 affectu
1501 399 1679 470 reverentiae,
1701 405 1794 456 tamen
1819 400 1947 456 involun-

246 490 383 559 junpitur,
399 497 451 543 aut
466 496 539 542 certe
557 489 672 558 aliquid
688 488 772 542 aliud
788 488 877 557 calet,
901 505 985 558 qaam
1003 490 1081 558 puroet
1108 488 1178 543 taric
1192 494 1221 542 et
1241 504 1273 541 er
1294 503 1377 542 sensu
1395 488 1535 557 potentiae
1547 487 1657 544 Christo
1675 486 1900 561 genuatlectere,
1917 487 1947 542 id

241 577 361 646 proprie
379 576 486 629 dr'citur
504 577 642 642 medium,
672 576 705 629 id
733 583 773 629 est
796 577 873 644 qnod
897 575 932 628 ab
951 574 1080 629 eatrsmis
1108 579 1151 627 est
1176 572 1321 643 imperium
1346 574 1405 643 ejus
1430 590 1596 646 agnoscere,
1626 579 1769 646 coguntur.
1810 572 1887 645 Ergo
1903 572 1947 628 illi

245 662 404 733 asprsoliter
432 662 527 716 distat.
571 665 595 716 6.
619 661 687 716 Luc.
710 666 749 730 16,
773 679 798 715 v.
824 665 866 721 te.
890 677 941 731 per
966 663 1079 715 clasma
1107 658 1274 714 habitabunt
1293 658 1322 713 in
1340 659 1408 714 locis
1424 660 1620 729 subterraneis,
1648 666 1676 714 et
1691 677 1741 730 per
1761 676 1946 731 consequens,

246 749 394 803 distinctus
423 748 500 800 locus
528 747 625 800 dicitis
648 765 667 800 a
685 748 747 801 loco
768 747 902 802 Abrabae
920 750 1077 802 denotatur.
1107 744 1212 799 inillis
1230 745 1283 800 erit
1300 745 1433 802 infernus.
1458 744 1683 815 Respondemus:
1701 744 1844 800 Vocantur
1859 746 1946 800 οτίττττ

244 834 470 905 Respondemus:
495 831 552 888 πού
572 832 765 887 damnatorum
782 849 812 887 re
830 848 896 887 vera
919 833 1080 888 distinctum
1108 829 1328 907 κοσμοκράτορες
1341 836 1392 886 τοῦ
1413 829 1530 894 σκότους
1546 834 1596 888 τοῦ
1611 836 1712 894 αἰῶνος
1727 827 1945 903 roirooEphes.

245 937 304 977 esse
323 938 341 975 a
358 916 415 976 πού
435 919 579 974 beatorum
602 924 687 990 atque
706 918 742 973 ab
764 935 797 974 eo
818 919 977 991 longissimo
997 920 1079 974 iuter·
1107 924 1131 984 6,
1149 934 1174 973 r.
1197 923 1235 974 12.
1260 919 1335 990 quod
1353 934 1419 989 ergo
1440 919 1569 974 dicuntur
1590 915 1782 992 καταχθόνιοι,
1808 918 1878 973 illud
1900 934 1945 972 se-

244 1009 317 1063 sallo
335 1011 493 1078 separatum
508 1003 624 1059 libenter
639 1004 824 1071 concedimus,
843 1005 891 1061 sed
910 1005 992 1060 situm
1005 1006 1080 1061 illius
1106 1002 1227 1059 cundum
1251 1004 1392 1077 quandam
1420 1003 1588 1077 ἀναλογίαν,
1612 1022 1664 1060 uec
1687 1013 1719 1060 ut
1744 1005 1870 1077 proprie,
1895 1005 1945 1059 sed

244 1090 301 1152 noi
321 1093 441 1148 libenter
457 1090 625 1163 ignoramus.
667 1089 697 1146 Si
721 1090 845 1145 infernus
868 1099 911 1146 est
936 1092 965 1145 in
985 1098 1079 1148 centro
1105 1090 1293 1161 metaphorice
1321 1091 1425 1146 dictum
1455 1091 1655 1161 accipiendum.
1704 1090 1946 1155 Quemadmodum

175 1234 176 1239 ,
244 1187 343 1247 terrae,
362 1183 483 1251 quantus
496 1193 600 1248 quaeso
611 1181 773 1247 prospectus
787 1176 847 1242 erit,
865 1178 912 1248 qui
931 1195 965 1232 ex
984 1177 1077 1233 infima
1106 1177 1178 1231 enirn
1197 1178 1324 1233 coelestis
1338 1177 1482 1233 beatitudo
1495 1194 1559 1232 cum
1576 1177 1704 1248 paradiso
1715 1194 1749 1232 ac
1763 1177 1846 1232 rebus
1858 1194 1946 1248 super

214 1287 216 1290 ’
243 1273 333 1322 terrae
353 1271 446 1320 centro
467 1262 610 1334 usquead
635 1276 770 1317 summum
792 1262 898 1317 coelum
924 1263 1079 1336 pertingit?
1105 1262 1206 1318 terrem
1238 1263 1359 1318 amoenis
1381 1269 1410 1318 et
1434 1263 1566 1334 jucundis
1588 1263 1740 1330 confertum
1765 1264 1804 1317 its
1831 1279 1946 1335 qnoque

244 1351 334 1414 Adde,
358 1350 432 1422 quod
451 1347 590 1404 Pontificii
610 1348 732 1402 nondum
749 1348 933 1415 consentiant,
953 1366 987 1404 an
1001 1350 1079 1404 dives
1104 1349 1241 1420 supplicia
1266 1350 1413 1406 infernalia
1437 1368 1469 1406 ex
1494 1350 1610 1404 adverso
1635 1366 1698 1404 cum
1724 1349 1808 1403 rebus
1831 1348 1943 1404 subter·

244 1438 291 1498 ille
310 1437 442 1492 fueritin
462 1438 641 1506 infernmum
659 1451 724 1488 vero
742 1436 772 1488 in
781 1435 956 1503 pur-potorio.
974 1435 1021 1490 Ad
1035 1436 1076 1490 iu·
1104 1435 1208 1501 raneis,
1244 1436 1274 1490 in
1307 1435 1407 1507 quibus
1436 1434 1580 1490 horribiles
1609 1435 1753 1504 tenebrae,
1786 1434 1945 1506 profundae

242 1525 316 1580 feros
333 1541 396 1579 eum
416 1523 531 1596 ablegat
550 1521 733 1577 Bellarminus
751 1522 777 1575 d.
798 1520 815 1575 l.
833 1521 877 1576 cui
902 1521 1079 1577 corrsentiunt
1105 1522 1201 1576 foreas
1223 1537 1257 1576 ac
1281 1529 1376 1576 rutae
1398 1521 1552 1592 voragines,
1577 1527 1784 1591 comparantur,
1810 1521 1878 1593 quia
1906 1522 1945 1576 de

243 1610 421 1682 Stapletonue
449 1610 478 1665 in
516 1614 634 1680 prompt.
667 1607 766 1662 cathol.
801 1607 850 1663 fer.
882 1615 905 1664 t.
941 1606 1022 1664 hebd.
1053 1613 1076 1664 2.
1103 1608 1187 1663 rebus
1214 1607 1406 1678 spiritualibus
1437 1613 1465 1662 et
1497 1606 1682 1662 invisibilibus
1708 1624 1764 1662 nou
1793 1623 1944 1678 possumus

243 1697 375 1770 quadrag.
395 1704 423 1751 et
439 1696 496 1762 alii,
518 1711 634 1767 quorum
645 1694 784 1749 sententis
802 1699 844 1748 est
856 1693 1007 1759 verissima,
1028 1694 1076 1748 sed
1103 1694 1182 1749 aliter
1196 1692 1337 1749 informari
1355 1711 1440 1765 quam
1461 1710 1512 1764 per
1529 1710 1610 1749 voces
1631 1711 1722 1750 rerum
1737 1693 1888 1748 visibilium
1907 1710 1944 1750 ac

242 1783 429 1852 Hieronymus
452 1781 582 1837 Emserus
602 1781 632 1834 in
655 1785 779 1837 annotat.
805 1778 875 1836 Nou.
893 1779 1015 1835 Teutam.
1039 1780 1076 1834 sd
1104 1796 1304 1851 corporearum.
1342 1785 1365 1836 9.
1391 1780 1504 1850 Apocsl.
1529 1787 1553 1849 5,
1579 1799 1605 1835 v.
1633 1784 1657 1835 3.
1681 1781 1890 1837 et1³.mentio
1909 1782 1943 1843 fit

241 1884 302 1938 cap.
330 1874 367 1925 16.
394 1869 459 1923 Isuc.
484 1866 525 1922 sic
552 1864 661 1921 scribit:
694 1867 741 1919 Eu
767 1882 813 1931 eo,
842 1868 919 1935 pssod
950 1866 1078 1921 Gmecus
1103 1873 1298 1920 meatus-arum
1323 1867 1372 1920 sub
1398 1875 1490 1936 terra,
1516 1884 1588 1936 gnae
1605 1885 1661 1921 non
1679 1868 1820 1938 potuerint
1837 1867 1944 1921 librans

241 1963 330 2010 temus
342 1954 507 2009 sententiam
519 1952 580 2016 finit
594 1961 620 2006 et
632 1952 757 2021 sepultus
773 1959 821 2013 esi,
836 1970 893 2006 non
906 1959 999 2007 autem
1011 1951 1079 2022 lepit
1103 1954 1217 2022 aperire
1234 1952 1279 2007 ael
1296 1955 1387 2008 Deum
1398 1954 1528 2007 laudare.
1564 1954 1643 2022 Erpa
1664 1954 1863 2023 intelliptastur
1882 1955 1943 2023 spi·

240 2049 271 2095 ut
286 2041 400 2109 latina,
417 2039 543 2108 sepultus
557 2046 597 2092 est
609 2038 640 2091 in
651 2039 775 2107 inferno,
791 2039 886 2093 Faber
902 2037 1079 2108 stapulensis
1103 2040 1176 2093 ritus
1193 2039 1377 2102 subterranei,
1401 2040 1434 2092 id
1450 2047 1490 2094 est
1512 2039 1543 2093 in
1566 2041 1680 2101 inferno
1699 2041 1851 2094 constituti.
1886 2040 1943 2096 Re-

239 2128 349 2195 insigne
368 2126 590 2196 fundamentum
616 2124 764 2193 eastrueit,
796 2124 941 2194 epulonem
964 2125 1077 2178 ιττόίτιτη
1104 2124 1215 2196 sponsio
1232 2129 1310 2196 patet
1327 2123 1472 2192 ardictio,
1490 2143 1515 2179 v.
1535 2131 1574 2182 1³.
1592 2124 1942 2196 mentioetiamfitmaris,

239 2231 296 2269 non
320 2213 350 2265 in
374 2213 489 2281 inferno
514 2212 567 2265 sed
588 2212 619 2264 in
640 2211 810 2281 purgatorio
831 2211 936 2277 fumes,
960 2210 1078 2281 ideoque
1104 2228 1170 2266 num
1196 2227 1261 2266 vcro
1282 2210 1418 2276 dicemus,
1446 2210 1529 2265 etiam
1552 2211 1581 2264 in
1606 2211 1674 2267 mari
1697 2211 1802 2266 versari
1826 2212 1942 2282 spiritus

240 2298 400 2354 necessario
427 2297 631 2366 pur-potorium
656 2298 748 2366 ipnem
777 2312 836 2351 esse
865 2299 1077 2352 cmseedendum.
1103 2295 1247 2352 fidelium?
1264 2295 1368 2351 Confer
1386 2313 1427 2363 ea,
1446 2314 1518 2367 quas
1539 2297 1566 2352 iu
1586 2302 1665 2354 tract.
1686 2298 1721 2353 de
1738 2305 1826 2354 morte
1842 2304 1865 2365 ξ.
1879 2304 1941 2356 tlt.

240 2393 265 2444 τ.
282 2384 383 2457 Ephes.
405 2389 429 2451 4,
454 2402 478 2437 v.
503 2389 532 2441 9:
562 2384 717 2438 Descendit
736 2389 776 2445 είς
793 2381 827 2438 τὰ
845 2381 984 2458 κατώτερα
1007 2390 1077 2460 μίρη
1103 2390 1200 2438 contra
1217 2382 1408 2454 purgatorium
1428 2383 1614 2440 disseruimus.

240 2476 288 2542 τῆς
307 2476 365 2542 γῆς,
382 2470 410 2524 id
430 2476 472 2525 est
484 2473 526 2524 ad
542 2470 694 2537 infernum.
715 2469 938 2540 Respondemus:
957 2469 1076 2534 Quidam
1138 2473 1180 2525 86.
1217 2473 1240 2523 i.
1263 2470 1309 2521 Ea
1326 2469 1496 2524 rosionibus.
1518 2471 1544 2534 l)
1565 2470 1612 2522 Ea
1629 2470 1831 2539 appellatione.
1848 2470 1945 2525 Locus

240 2559 294 2614 hoc
311 2556 454 2628 accipiunt
470 2557 505 2611 de
523 2555 686 2610 formatione
704 2555 762 2610 sire
782 2555 963 2626 conceptione
975 2554 1078 2612 Christi
1101 2563 1304 2610 tormentorum
1324 2555 1513 2624 infernalium
1530 2565 1646 2609 uocatur
1661 2557 1791 2627 infernus
1804 2565 1830 2610 et
1844 2558 1943 2625 inferi,

242 2643 272 2699 iu
289 2648 368 2699 utero
386 2641 483 2698 matris
498 2641 621 2713 virginis,
645 2658 700 2712 quo
718 2657 801 2696 sensu
822 2641 967 2709 inferiora
984 2651 1077 2698 imae
1102 2645 1179 2713 prad
1204 2649 1245 2694 est
1270 2642 1306 2694 ab
1331 2640 1426 2709 infra,·
1460 2642 1524 2696 item
1552 2643 1675 2711 alpem
1713 2641 1940 2713 Respondemus:

240 2735 410 2801 usurpantur
433 2727 536 2788 Psalm.
565 2732 621 2796 139,
639 2746 664 2783 r.
687 2732 724 2784 lb.
765 2727 885 2792 Quidam
908 2730 1077 2800 generaliter
1102 2730 1210 2785 Nomen
1230 2728 1391 2790 inferorum
1414 2745 1469 2782 non
1489 2745 1521 2781 er
1539 2733 1619 2783 textu
1639 2727 1800 2799 Scripturas
1820 2729 1941 2785 authen-

238 2821 380 2888 expcnunt
406 2815 440 2871 de
463 2815 561 2878 infima
586 2814 781 2868 humiliatione
804 2829 837 2869 ac
862 2814 1077 2885 profundissima
1101 2815 1164 2882 tica,
1188 2813 1238 2868 sed
1264 2831 1298 2868 ex
1315 2812 1459 2884 gentilium
1485 2816 1692 2871 nomenclatura
1711 2822 1755 2871 est
1772 2817 1940 2885 daramium,

237 2902 436 2966 exinanitione,
474 2900 520 2954 cui
550 2899 722 2972 subsequens
757 2900 890 2956 exaltatio
919 2902 1074 2972 opponitur.
1102 2917 1153 2956 nec
1172 2908 1229 2956 tam
1252 2900 1287 2955 ob
1316 2900 1369 2955 loci
1396 2900 1612 2972 profunditatem
1637 2889 1719 2975 quam
1743 2903 1779 2958 ob
1803 2903 1886 2958 flatus
1911 2910 1940 2960 et

238 2988 343 3055 Quodsi
361 2988 407 3043 rel
426 2987 542 3042 maxime
558 2986 595 3040 ad
612 2986 730 3052 realem,
751 2986 902 3058 gloriosum
924 3004 957 3042 ac
975 2987 1074 3042 trium·
1102 2986 1268 3042 conditionis
1288 2985 1474 3042 humilitatem
1492 2987 1684 3046 damnatorum
1712 2990 1772 3045 sedi
1795 2989 1939 3046 tribuitur.

237 3073 348 3147 phalem
362 3072 464 3129 Christi
483 3073 518 3126 ad
538 3070 641 3126 inferos
653 3072 814 3127 descensum
824 3073 988 3144 applicetur,
1006 3090 1073 3129 non·
1101 3070 1253 3144 Gregorius
1272 3071 1416 3143 Nyssenus
1433 3073 1494 3128 libr.
1509 3074 1543 3129 de
1556 3075 1649 3131 anima
1667 3080 1697 3130 et
1710 3080 1854 3131 resurrect
1871 3093 1940 3150 pag.

239 3160 304 3215 dum
328 3167 421 3215 tumen
447 3159 569 3213 evictum
588 3157 685 3224 tuerit,
711 3156 814 3213 inferos
840 3174 900 3215 esse
923 3159 952 3214 in
978 3167 1074 3217 antro
1102 3164 1165 3215 tes:
1184 3158 1493 3214 Nonvs'deturds'cs'nns
1508 3162 1653 3230 apostolus
1668 3162 1776 3231 Pldsp.
1788 3164 1814 3216 2.
1825 3163 1939 3218 radone

236 3251 327 3304 terrae
340 3245 510 3314 statuendos,
537 3244 604 3316 quis
619 3243 764 3315 Scriptura
778 3245 870 3301 verbis
890 3245 973 3317 hujus
987 3248 1072 3304 seculi
1099 3243 1157 3299 loci
1175 3251 1308 3299 naturam
1336 3253 1425 3298 mente
1451 3254 1535 3313 atque
1559 3247 1747 3316 intellipentia
1771 3249 1937 3318 praeditam

118 3358 162 3402 u
179 3357 223 3400 m
238 3332 372 3388 describit
389 3349 433 3387 res
450 3330 537 3386 futuri
554 3331 640 3386 seculi
660 3347 694 3386 ac
715 3330 859 3386 vocabulis
877 3331 968 3387 locum
989 3333 1073 3406 signi-
1097 3330 1261 3386 discernem
1280 3340 1364 3402 atque
1385 3333 1557 3402 diatinpuens
1576 3333 1661 3387 aliud
1679 3335 1791 3403 quidem
1811 3336 1938 3403 eoeleste,

235 3418 384 3476 ficantibus
406 3422 509 3473 statum
528 3423 558 3472 et
573 3416 759 3473 conditionem
783 3418 824 3472 rei
850 3417 985 3486 declarat,
1006 3421 1073 3491 quia
1099 3417 1183 3470 aliud
1192 3424 1332 3486 terrestre,
1352 3418 1438 3472 aliud
1455 3421 1521 3473 item
1539 3421 1751 3475 nsbterraneum
1768 3422 1939 3492 nominasse,

236 3505 349 3578 gloriosi
375 3511 404 3559 et
421 3503 548 3558 honorsh’
573 3504 635 3558 loco
658 3501 780 3569 sublimi,
804 3505 935 3560 contemti
957 3521 1023 3562 vero
1044 3514 1073 3562 ct
1097 3504 1150 3556 scd
1172 3504 1306 3572 qnoniam
1329 3512 1450 3558 naturm
1474 3506 1584 3560 ratione
1597 3507 1751 3574 praeditae
1771 3515 1828 3561 tres
1845 3516 1939 3564 τιαττιτ

234 3590 339 3662 abjecti
357 3591 417 3645 loco
435 3589 530 3645 infimo
554 3590 644 3645 solent
666 3589 760 3647 statui.
796 3594 820 3646 8.
839 3589 911 3646 Phil
930 3595 955 3659 2,
978 3609 1004 3646 r.
1025 3599 1071 3650 1⁰:
1097 3596 1180 3658 duest
1199 3590 1373 3643 conditiones
1392 3599 1470 3656 sunt,
1490 3610 1549 3645 ana
1571 3593 1698 3662 cuidem,
1724 3593 1772 3647 eui
1792 3595 1830 3647 ab
1852 3595 1938 3649 initio

235 3681 417 3750 ἐπουρανίοις
443 3681 490 3732 καὶ
515 3679 651 3747 ἐπιγείοις
682 3676 889 3745 conjunguntur
921 3676 956 3733 sci
987 3699 1071 3734 saro·
1096 3675 1155 3729 cita
1171 3676 1287 3743 coadpit
1312 3677 1494 3746 incorporea,
1520 3695 1605 3748 quam
1627 3679 1784 3747 anpelicam
1807 3680 1936 3735 nomina·

231 3760 354 3838 χθόνια,
382 3763 431 3817 ubi
446 3780 499 3817 rou
523 3768 721 3833 καταχθονίων
740 3762 812 3815 nibil
830 3763 914 3816 alind
929 3764 1071 3834 significat
1097 3779 1173 3829 mus,·
1191 3760 1284 3815 altera
1301 3777 1367 3815 ocra
1386 3780 1448 3817 cum
1468 3772 1788 3834 carneconsertaatqae
1801 3783 1937 3836 oannem,

234 3867 320 3922 pesam
340 3849 457 3918 spirituas
468 3849 671 3916 ιτιὸταονατιοοι,
690 3850 741 3917 gui
756 3850 787 3902 s‘n
800 3849 868 3903 lacis
881 3850 1071 3906 subterraneis
1097 3863 1181 3915 guam
1203 3847 1354 3901 humanam
1381 3849 1517 3913 dicimus,·
1547 3850 1609 3903 alia
1635 3860 1725 3906 eatan
1745 3869 1801 3922 per
1818 3863 1936 3908 monem

235 3939 347 4006 depunt.
366 3934 593 4006 Respondemus:
610 3952 660 4005 per
677 3935 711 3990 τὰ
724 3932 900 4008 saraptim
912 3936 1070 4010 intelligun-
1096 3951 1116 3986 a
1133 3934 1268 3988 carnibus
1287 3935 1426 4004 absoluo,
1445 3952 1517 4005 guae
1535 3938 1630 3991 resin
1642 3938 1791 3992 animabus
1803 3941 1936 3994 animad-
1948 3938 2021 3982 ΧΗ

233 4029 280 4079 tur
294 4028 437 4078 creaturae
455 4020 652 4077 subterraneae
670 4038 686 4075 a
706 4021 872 4077 coelestibus
887 4039 920 4076 ac
933 4025 1068 4080 terrestri·
1095 4021 1232 4086 vertitur,·
1260 4020 1313 4074 bae
1326 4021 1435 4090 opinor,
1462 4023 1612 4078 altitudine
1624 4025 1780 4093 sapientiae
1796 4026 1937 4080 uidentem

232 4109 285 4166 bus
303 4108 457 4177 distinctae,
477 4108 549 4163 sicut
568 4107 636 4163 alies
654 4124 704 4178 per
724 4108 838 4174 coelum,
857 4117 971 4178 terram,
991 4129 1069 4166 mare
1098 4107 1264 4178 apostolum,
1285 4121 1354 4171 tum,
1374 4107 1599 4176 quintigenam
1612 4112 1732 4179 futurus
1752 4119 1800 4177 eet,
1823 4113 1936 4168 ardoen-

232 4201 261 4252 et
282 4194 389 4265 omnia,
417 4210 489 4266 quae
516 4194 633 4249 suntin
659 4195 713 4260 eis,
740 4199 828 4249 totum
855 4194 1012 4252 universum
1036 4214 1069 4252 ac
1097 4210 1146 4247 sae
1171 4193 1282 4247 ratione
1301 4193 1457 4261 praeditae
1482 4203 1603 4248 naturae
1625 4195 1654 4249 in
1678 4195 1748 4251 bono
1774 4215 1935 4252 consensum

233 4298 328 4336 omnes
348 4287 491 4335 creaturae
503 4279 702 4352 intelliguntur.
722 4278 825 4335 Senem
840 4281 912 4335 enim
924 4287 973 4351 est,
994 4285 1068 4354 quod
1094 4279 1273 4346 sipnifioare,
1296 4296 1331 4332 ae
1350 4279 1470 4333 coeleste
1488 4280 1599 4349 quidem
1617 4298 1716 4336 cacare
1734 4284 1892 4350 angelicum
1912 4293 1937 4340 et

232 4368 325 4425 omnia
336 4365 446 4422 Christo
464 4368 520 4420 sint
536 4365 820 4438 subjectaipsumque
836 4375 972 4438 cogantur
983 4385 1068 4441 agno·
1095 4364 1301 4433 incorporeum,
1319 4372 1450 4418 terrestre
1469 4383 1534 4420 aero
1551 4368 1718 4437 implicitum
1736 4377 1761 4422 et
1776 4379 1930 4424 consertum

233 4468 310 4507 scere
328 4452 469 4506 domiuum
490 4457 519 4505 et
531 4466 633 4522 regem,
654 4449 754 4505 Psahn.
775 4456 801 4520 8,
819 4470 843 4505 v.
862 4456 887 4509 8.
907 4453 1005 4508 Matth.
1026 4461 1068 4526 28,
1093 4467 1155 4504 eum
1178 4466 1305 4518 corpore,
1330 4451 1538 4505 subterraneum
1564 4455 1715 4519 autemid,
1742 4459 1822 4524 quod
1835 4457 1896 4525 jam
1914 4477 1932 4513 a

229 4556 256 4593 r.
278 4542 317 4594 18.
334 4537 437 4609 Ephes.
459 4542 482 4604 1,
500 4556 526 4590 v.
540 4543 582 4593 21.
598 4536 709 4591 Puerile
728 4543 780 4605 est,
797 4538 872 4608 quod
886 4538 1067 4597 Bellarmtnue
1094 4553 1212 4607 corpore
1234 4545 1395 4606 reparatum
1419 4544 1503 4606 atque
1523 4540 1695 4608 disjunctum
1713 4543 1750 4595 sit
1766 4549 1818 4597 etc.
1855 4543 1932 4607 Quae

230 4629 313 4695 urget
330 4623 442 4692 phrasin
461 4623 676 4693 penusteeionis,
703 4629 736 4678 ut
759 4623 883 4692 educat,
908 4642 963 4680 nou
986 4644 1068 4698 posse
1093 4641 1155 4678 cum
1174 4623 1216 4676 ita
1233 4623 1298 4688 sint,
1321 4639 1473 4676 aemonae
1498 4627 1619 4695 coeperit
1636 4628 1881 4683 adterraneornm
1906 4637 1932 4682 et

232 4709 351 4781 intelligi
362 4715 504 4763 creaturas
518 4709 692 4764 irrationales
704 4707 905 4776 subterraneas,
924 4712 973 4766 sed
988 4714 1067 4784 epiri·
1093 4710 1269 4780 infernorum
1290 4710 1401 4764 nomine
1419 4710 1630 4767 subterraneam
1652 4713 1810 4782 intelligere
1831 4716 1930 4771 locum.

233 4801 278 4850 tus
296 4794 324 4849 in
344 4794 412 4851 locis
438 4793 623 4851 subterraneis
646 4793 792 4865 degentes,
816 4794 845 4849 id
870 4795 921 4864 ist,
945 4805 978 4852 ut
1000 4799 1066 4855 alibi
1094 4795 1268 4866 Augustinus
1289 4794 1362 4849 libro
1386 4801 1424 4851 ll.
1442 4797 1590 4852 deGenes.
1609 4798 1645 4852 ad
1665 4798 1841 4870 liberauit:
1859 4801 1930 4855 Ideo

231 4887 440 4936 mentemsuam
449 4881 570 4951 exponit,
584 4880 736 4934 animasin
744 4883 1066 4955 purgatoriamsdantes,
1092 4882 1142 4935 sub
1170 4882 1255 4934 terris
1289 4882 1422 4936 elimentur
1453 4885 1557 4952 inseri,
1586 4885 1652 4954 guia
1686 4894 1872 4953 conaremur
1900 4887 1930 4941 τίτ

231 4984 294 5023 uam
312 4985 364 5023 uec
381 4966 422 5021 illi
437 4967 547 5039 proprie
560 4965 701 5037 loquendo
717 4970 1066 5039 possuntgenuaflectere.
1092 4968 1196 5037 spiritu
1216 4985 1271 5036 per
1295 4968 1365 5022 illae
1388 4970 1582 5039 corporalium
1609 4988 1704 5025 rerum
1730 4971 1930 5029 similitudines

231 5052 400 5124 Intelligitnr
417 5059 510 5108 sutem
528 5051 638 5108 nomine
654 5060 854 5127 γονυκαμψίας
869 5061 1066 5132 μετωνομικῶς
1093 5054 1266 5119 eabibeatur,
1296 5057 1375 5123 quad
1404 5057 1462 5125 ipsi
1486 5057 1569 5111 carni
1590 5058 1697 5111 mortui
1712 5059 1798 5127 solet,
1825 5068 1856 5112 ut
1879 5062 1930 5116 aab

232 5139 295 5211 ipsa
310 5139 457 5210 subjectio,
474 5139 555 5209 cujus
572 5139 682 5209 signum
700 5143 842 5195 externum
859 5141 932 5196 solct
946 5158 1006 5198 esse
1017 5142 1066 5198 illa
1092 5148 1197 5196 terram
1217 5143 1399 5196 recondatur.
1436 5143 1566 5211 Denique
1585 5143 1678 5209 inferi
1694 5160 1735 5212 ea,
1753 5147 1831 5214 guod
1847 5147 1930 5214 intra

230 5225 393 5281 mcurvatio.
412 5225 514 5281 Confer
527 5224 675 5295 Origenem
695 5225 766 5281 libro
782 5231 806 5282 9.
816 5226 931 5282 Roman.
951 5244 1011 5299 cap.
1026 5234 1065 5287 lt.
1092 5230 1163 5295 sint,
1195 5228 1296 5282 Latine
1327 5229 1524 5297 appellantia,
1556 5229 1628 5282 eierat
1653 5238 1747 5284 autem
1778 5235 1931 5288 seeundrsm

233 5313 280 5375 At,
297 5312 398 5384 inquis,
416 5329 466 5383 per
486 5317 695 5382 καταχθονίους
711 5311 904 5383 intelliguntur
915 5312 967 5385 ipsi
982 5315 1065 5370 etiam
1091 5331 1202 5384 corpus,
1228 5314 1255 5366 ei
1268 5315 1407 5387 ponderis
1425 5316 1470 5367 sai
1494 5316 1622 5370 ordinem
1647 5322 1765 5384 teneant,
1787 5318 1932 5388 inferiora

232 5396 389 5462 daemones,
407 5395 678 5467 utTheophylactus
697 5397 726 5452 in
744 5404 888 5454 comment.
906 5399 1066 5456 et'l'homas
1091 5411 1154 5456 assat
1183 5402 1279 5456 omnia
1305 5403 1455 5469 praviora,
1483 5402 1525 5454 ita
1550 5404 1703 5457 amandum
1729 5403 1862 5474 spiritum
1889 5408 1932 5461 in·

232 5481 295 5536 leot
313 5485 337 5536 3.
355 5498 438 5552 super
455 5484 528 5537 huuc
550 5481 641 5537 locum
657 5488 733 5539 recte
750 5489 872 5554 monent,
882 5484 950 5557 quia
969 5485 1065 5542 sinon
1091 5488 1205 5552 seriora
1223 5495 1287 5541 sunt
1307 5487 1401 5541 omnia
1420 5487 1558 5542 nemora.
1596 5487 1719 5545 Isidorus
1742 5488 1773 5543 in
1790 5488 1851 5546 libr.
1869 5497 1932 5563 sty-
