4050 6014
730 208 782 270 nn
800 215 985 272 nxruuno
1009 211 1170 275 mulcro.
1736 219 1794 290 itt
1860 192 1863 199 ⁵

392 419 413 479 0
427 419 572 479 APUT
602 419 632 480 x
878 395 882 403 ·
964 387 1065 438 ponere
1089 372 1224 426 minaria
1250 372 1342 427 diuini
1363 373 1468 442 iudicii
1488 375 1570 429 nobis
1594 376 1745 431 inserenda
1770 384 1798 430 et

633 464 639 476 ·
965 458 1134 511 continenda
1152 467 1200 527 est,
1217 467 1247 511 ut
1265 477 1327 512 cum
1346 461 1459 530 aliquid
1476 462 1593 530 opimus,
1612 463 1752 516 residente
1766 464 1797 516 in

320 559 372 614 DE
391 558 466 617 USU
486 557 609 618 HUJUS
628 559 724 616 L001·
964 546 1044 598 nobis
1059 546 1170 613 judicii
1189 548 1325 600 memoria
1344 548 1388 601 nel
1407 563 1550 616 nunqnam
1567 550 1662 618 potius
1681 550 1797 602 abamte

960 633 1123 702 praeceptis
1146 633 1207 684 Dei
1231 649 1319 701 opero
1349 640 1447 686 nostra
1469 633 1652 696 famulentur.
1687 635 1796 688 Beatus

10 733 41 763 u.
143 720 199 771 119.
239 715 310 767 Usus
327 714 410 784 hujus
428 714 482 769 loci
502 722 544 770 cst
571 720 593 769 l.
613 712 795 784 θεωρητικός,
820 721 843 769 2.
865 737 938 790 npu-
965 717 1026 785 crit,
1052 719 1177 786 quisquis
1198 736 1255 772 non
1274 720 1335 772 sine
1354 719 1488 772 memoria
1507 720 1598 772 diuini
1615 719 1722 786 judicii
1741 739 1796 774 om·

10 817 94 848 ιοο-
106 796 203 862 nisis.
241 802 423 855 Tlreorcticus
447 809 490 856 est
517 806 543 868 1)
565 799 775 868 dednaraimo'r,
801 807 832 854 ut
855 800 937 854 fidem
964 803 1013 854 nia
1025 805 1148 872 pararit.
1180 803 1330 875 Gregorius
1349 805 1492 875 Nysseuus
1509 811 1577 859 orat
1596 805 1626 858 in
1644 803 1745 861 Psalm.
1766 812 1796 862 b:

10 868 64 902 '⁸’
107 896 227 944 naamam
246 887 281 942 dc
302 887 396 942 futuro
410 887 518 958 judicio
538 893 659 942 extremo
678 887 836 956 Scripturas
855 886 937 940 dictis
968 889 1035 948 Quis
1052 890 1188 942 terribilis
1215 892 1320 957 judicii
1341 892 1448 949 Christi
1469 893 1637 947 recordatus
1662 910 1718 945 non
1740 901 1796 945 sta-

106 974 190 1046 probe
205 974 362 1028 muniamus
380 981 408 1028 et
428 975 547 1044 primum
558 974 660 1029 Christi
678 974 826 1028 maenium
845 972 874 1024 in
888 971 936 1025 hu·
964 976 1012 1027 tim
1036 975 1067 1027 in
1086 977 1256 1029 conscientia
1276 996 1328 1031 sua
1346 979 1430 1045 quast
1449 977 1617 1030 convellitur
1636 994 1670 1030 ac
1689 987 1797 1031 terrore

107 1060 222 1116 militate
239 1061 277 1115 ab
295 1062 380 1116 altaro
401 1060 503 1118 Christi
520 1061 641 1115 adventu
665 1060 694 1113 in
716 1059 805 1129 gloria
827 1065 855 1112 et
881 1075 938 1111 ma·
964 1067 989 1112 ct
1010 1078 1116 1129 anpore
1139 1080 1194 1115 rson
1214 1064 1436 1130 constrinpitur!
1470 1063 1563 1131 Atque
1587 1063 1701 1117 etiamsi
1723 1066 1796 1117 uitae

106 1148 203 1217 jestate
228 1147 314 1217 probe
342 1146 512 1219 distinguere
537 1147 689 1214 discamus3
719 1151 745 1212 2)
774 1141 936 1215 ἐλεγκτικός,
964 1146 1062 1199 melius
1077 1164 1159 1214 quam
1173 1149 1296 1201 deterius
1309 1157 1388 1201 actae
1401 1147 1457 1201 sibi
1468 1151 1596 1202 conscius
1609 1152 1655 1219 sit,
1673 1157 1797 1203 attamen

105 1243 135 1291 ut
149 1235 208 1292 fide
226 1234 317 1289 cordis
336 1241 364 1289 et
382 1233 553 1288 confessione
572 1241 626 1287 oris
651 1248 700 1287 nos
718 1247 875 1300 separemus
901 1228 936 1282 ab
963 1232 1004 1283 ad
1021 1240 1146 1284 exactam
1159 1234 1504 1303 dilipentiamctriporem
1521 1236 1627 1303 iudicii
1635 1238 1796 1305 respiciens,

105 1321 241 1390 omnibus,
263 1321 311 1392 qui
328 1320 373 1376 vel
391 1328 541 1376 extremum
554 1318 763 1389 judiciumiore
778 1316 936 1386 praefracte
962 1319 992 1369 in
1011 1335 1066 1387 quo
1085 1320 1217 1371 minimae
1235 1337 1343 1388 quoque
1362 1322 1463 1389 culpae
1489 1324 1519 1375 in
1537 1324 1724 1389 quaestionem
1745 1326 1796 1377 ad·

106 1412 224 1480 negant,
250 1406 294 1462 vel
313 1405 446 1482 ὀρθοξίαν
466 1407 501 1460 de
527 1422 559 1459 eo
582 1405 611 1458 in
629 1403 778 1474 Scripturis
804 1402 935 1457 traditam
964 1405 1116 1469 ducentur,
1155 1414 1349 1460 consternatur
1381 1425 1415 1460 ac
1442 1425 1563 1476 prorsus
1593 1411 1796 1477 exspectatione

105 1502 132 1550 et
140 1496 276 1549 hactenus
285 1491 403 1547 fideliter
412 1493 563 1562 expositam
575 1491 754 1561 pertinaciter
765 1490 936 1559 impugnant.
962 1491 1131 1544 terribilium
1150 1508 1308 1559 poenarum
1324 1494 1523 1562 perhorrescit,
1545 1496 1694 1562 ipnorans,
1720 1496 1795 1564 pust·

106 1582 281 1637 Detestemur
303 1595 369 1650 ergo
394 1578 545 1648 Epicureas
567 1577 706 1633 irrisiones
731 1582 935 1645 smpaectarum
962 1595 1027 1630 nam
1045 1577 1461 1645 sibiiudiciisrituseteoentus
1478 1583 1648 1642 succressit.
1672 1582 1795 1652 Ephras·

106 1667 268 1736 dicentium,
305 1666 355 1718 ubi
388 1683 461 1718 nrurc
496 1664 646 1733 promissio
683 1665 820 1716 aduentus
854 1661 936 1728 sjnst
962 1663 1725 1734 musinserm.paraenet.desecundoadventuDomiui:
1743 1667 1797 1730 Qui

107 1753 222 1809 tPetr.
243 1757 267 1820 3,
288 1769 312 1804 v.
334 1760 358 1809 t.
378 1750 535 1804 reiehamus
555 1766 658 1804 errores
675 1748 861 1810 ludaeorum,
887 1744 936 1815 qui
961 1749 1090 1803 rinircrso
1110 1751 1277 1803 renuntianti
1293 1753 1406 1820 arundo,
1423 1767 1457 1806 ne
1475 1753 1563 1805 aliam
1577 1756 1713 1808 admittas
1726 1756 1795 1809 soli·

105 1839 250 1908 dutinctos
270 1837 353 1893 hosce
367 1837 484 1892 Messias
503 1836 638 1890 adventus
656 1836 685 1889 in
704 1833 845 1906 prophetis
858 1847 936 1902 prae·
962 1837 1111 1890 citudinem
1135 1854 1224 1906 neque
1250 1839 1333 1892 aliud
1359 1846 1495 1894 calamon
1525 1849 1573 1893 aut
1599 1841 1795 1911 capitationem

105 1927 195 1981 dictos
212 1923 360 1979 conciliare
379 1924 532 1979 nescientes
551 1921 697 1976 commenti
724 1927 789 1975 sunt
807 1919 876 1972 duos
895 1918 935 1972 di·
960 1932 1162 1993 praeterquam
1178 1926 1237 1977 diei
1253 1926 1333 1980 illius
1354 1926 1509 1996 horribilis,
1529 1944 1689 1996 semperque
1704 1945 1754 1982 cor
1771 1938 1798 1983 et

105 2028 199 2066 versos
217 2010 341 2074 Messias,
361 2027 446 2064 unum
466 2008 637 2079 appellantes
648 2008 743 2076 filiurn
762 2006 871 2076 Joseplt
887 2021 936 2056 scri
962 2010 1062 2077 tinpua
1089 2018 1140 2063 tua
1168 2011 1204 2062 de
1229 2020 1350 2065 eatremo
1375 2013 1486 2080 judicio
1512 2016 1688 2068 meditentur.
1731 2013 1797 2070 Siue

99 2100 194 2167 filium
213 2098 366 2168 Eplraim,
391 2097 507 2150 alterum
534 2096 624 2159 tilium
644 2094 781 2161 Doridis,
808 2098 836 2146 et
853 2106 935 2161 quae·
964 2097 1048 2162 ipitur
1065 2095 1146 2163 operi
1161 2097 1219 2149 siue
1239 2100 1365 2152 orationi
1382 2100 1502 2153 intentus
1522 2100 1570 2164 sis,
1593 2102 1650 2155 sios
1672 2101 1797 2155 antuus

105 2200 214 2254 cunque
233 2183 349 2237 humilia
367 2183 401 2236 de
413 2181 515 2236 Messia
532 2180 560 2234 in
581 2180 691 2250 scriptis
709 2177 878 2248 propheticis
895 2176 936 2229 in·
961 2182 1019 2234 sine
1039 2183 1152 2250 awaus,
1172 2182 1229 2234 siue
1248 2186 1379 2237 comedas
1396 2185 1455 2238 siue
1474 2185 1606 2255 jejunes,
1625 2187 1682 2239 eise
1702 2188 1732 2239 in
1749 2203 1796 2240 cu·

106 2276 254 2338 venerunt,
281 2285 315 2323 ea
333 2267 517 2322 attribuerunt
542 2267 598 2321 filio
617 2266 748 2334 iosephi,
774 2281 845 2336 quae
871 2278 935 2317 vero
964 2266 1015 2319 bili
1032 2268 1165 2334 tuo-cipri
1183 2268 1281 2334 jaceas
1299 2269 1357 2322 aas
1377 2271 1449 2337 quid
1467 2271 1551 2323 aliud
1569 2288 1648 2338 opas,
1672 2290 1730 2325 non
1748 2274 1795 2326 de·

106 2365 225 2427 augusta
251 2361 280 2409 et
304 2353 449 2419 subhmia,
471 2352 528 2406 filio
546 2352 676 2418 Davidis,
700 2352 774 2422 quod
800 2350 936 2404 somnium
963 2354 1046 2407 sistat
1063 2370 1139 2406 nuens
1159 2361 1207 2406 tuo
1224 2354 1348 2422 copitare
1363 2364 1388 2408 ct
1401 2373 1432 2408 os
1444 2364 1521 2409 tuum
1534 2357 1613 2425 loqui
1627 2359 1662 2411 de
1677 2359 1796 2424 iudicio,

106 2443 231 2498 hodierni
247 2441 349 2497 ludaei
373 2439 465 2495 adhuc
489 2439 596 2507 fovent,
619 2446 650 2492 ut
674 2443 783 2492 constat
807 2453 839 2491 ex
864 2437 936 2492 libro
963 2439 1179 2510 chrysostomus
1196 2438 1291 2493 homil.
1309 2447 1351 2496 44.
1370 2441 1399 2494 in
1418 2441 1497 2497 doh:
1522 2443 1646 2496 Invicem
1664 2451 1689 2496 et
1705 2446 1796 2497 nobis

106 2528 216 2585 Abcath
230 2527 324 2582 rochel
350 2532 419 2598 part
446 2532 469 2582 1.
491 2542 525 2580 ac
550 2525 768 2579 contradicamus
792 2523 936 2594 quibusvis
962 2545 1023 2579 cum
1040 2542 1149 2594 temper
1167 2527 1303 2594 dicamus,
1321 2530 1491 2581 resurrectio
1510 2529 1564 2581 erit
1583 2536 1609 2581 st
1626 2529 1797 2583 horrendum

106 2615 282 2685 corruptelis,
308 2615 433 2685 quaeda
453 2613 543 2669 causis
561 2630 594 2667 ac
612 2610 825 2668 circumstantiis
852 2610 935 2684 hujus
962 2611 1038 2664 illud
1055 2629 1106 2665 nos
1125 2620 1218 2665 manet
1237 2612 1384 2680 judicium,
1409 2614 1557 2679 sufficiens
1575 2615 1648 2668 enim
1667 2617 1719 2669 liae
1736 2633 1795 2669 uer·

102 2701 202 2772 judicii
219 2701 247 2755 in
265 2701 382 2757 ecclesia
400 2701 444 2755 vel
461 2701 525 2756 olim
542 2716 653 2769 sparsae
671 2706 749 2762 sunt,
773 2699 817 2753 vel
843 2697 935 2751 adhuc
962 2699 1024 2750 burn
1043 2706 1090 2765 est,
1111 2700 1188 2766 quod
1205 2699 1280 2751 omni
1299 2698 1441 2751 medicina
1461 2700 1587 2752 animam
1605 2709 1732 2754 nostram
1751 2719 1795 2756 uc-

10 2775 323 2872 {gubpropugnantur
352 2789 502 2842 Practicus
520 2793 571 2853 est,
589 2787 632 2841 vel
650 2787 803 2854 pencralis,
820 2785 934 2851 vclspe·
961 2786 1113 2838 trementius
1138 2792 1224 2841 curet.
1260 2785 1313 2837 list
1335 2786 1408 2838 enirn
1432 2785 1600 2840 resurrectio
1627 2805 1683 2840 non
1713 2789 1796 2856 lonpe

10 2858 90 2944 'opis-
105 2878 197 2931 cs'alis.
225 2875 384 2943 Generalis,
404 2881 435 2928 ut
453 2874 564 2944 gloriosi
584 2872 667 2943 hujus
684 2873 819 2927 adrentus
832 2872 935 2928 Christi
960 2874 1010 2925 sed
1029 2872 1060 2925 in
1084 2873 1190 2940 portis,
1217 2871 1309 2924 adhuc
1327 2872 1483 2939 modicum,
1504 2874 1630 2943 jamjam
1652 2876 1741 2927 veniet
1770 2883 1795 2929 et

10 2936 70 2978 ὼ·
104 2963 139 3018 ad
155 2961 292 3033 judicium
314 2959 670 3029 etuovissimihuJusdiei,
689 2959 785 3030 inquo
800 2960 933 3014 deomni·
960 2976 1015 3010 non
1039 2958 1173 3012 tardabit.
1209 2957 1359 3025 Gregorius
1383 2957 1578 3014 Nazianzenus
1605 2960 1633 3014 in
1663 2967 1730 3016 orat.
1750 2978 1794 3015 ex-

104 3049 157 3104 bus
174 3048 312 3120 prioribus
330 3049 467 3104 sententia
485 3047 602 3110 feretur,
632 3047 707 3101 omni
730 3046 775 3102 die
799 3064 932 3102 memores
960 3043 1112 3099 curatoria:
1142 3040 1239 3115 Τούτῳ
1259 3050 1306 3098 καὶ
1326 3044 1434 3115 νύκτωρ
1453 3053 1500 3100 καὶ
1517 3045 1587 3122 μεθ’
1608 3047 1715 3124 ἡμέραν
1731 3047 1795 3105 σύν-

101 3138 194 3191 simus.
231 3135 340 3191 Oblivio
359 3134 442 3209 hujus
468 3134 568 3205 judicii
593 3141 636 3189 cst
658 3141 746 3189 mater
769 3135 934 3200 securitatis,
959 3153 1032 3206 sept,
1048 3137 1095 3186 rut
1114 3134 1165 3186 aiu
1183 3135 1215 3203 ἐᾷ
1233 3153 1268 3208 με
1287 3131 1479 3188 ἀναπνεῐσθαι
1497 3133 1513 3202 ἡ
1534 3139 1644 3190 ἐκεῖθεν
1663 3137 1729 3200 δόξα
1748 3143 1794 3191 καὶ

101 3221 264 3295 quotidiana
284 3238 348 3275 vero
365 3220 520 3276 recordatio
538 3221 624 3274 seriae
638 3221 757 3290 pietatis.
782 3223 858 3276 Inter
870 3239 931 3292 pro·
959 3216 992 3272 ri
1012 3222 1068 3272 inst
1085 3215 1258 3290 δικαστήρια.
1285 3219 1472 3290 Hieronymus
1490 3222 1519 3274 in
1539 3221 1626 3292 regul.
1646 3222 1795 3277 monacho·

101 3311 232 3380 prietates
244 3308 389 3378 impiorum
402 3307 485 3360 etiam
498 3307 567 3361 haec
581 3307 707 3371 refertur,
729 3310 806 3376 quod
821 3309 932 3375 iudicia
958 3323 1018 3358 rum
1037 3322 1060 3360 c.
1078 3311 1124 3361 30:
1146 3305 1261 3373 Sopitae
1285 3323 1381 3359 somno
1400 3309 1500 3376 quietis
1518 3316 1544 3362 et
1556 3310 1641 3377 pacis
1660 3318 1795 3378 suspecte·

103 3398 161 3450 Dei
176 3397 233 3450 sint
249 3394 285 3447 ab
301 3394 363 3462 ipso
377 3393 480 3462 procul
502 3402 623 3460 remota,
648 3394 701 3449 hoc
720 3401 761 3448 est
782 3394 857 3464 quod
878 3412 933 3449 non
959 3393 995 3443 tis
1012 3409 1145 3460 sponsum
1161 3401 1187 3445 ct
1203 3393 1328 3460 judicem
1344 3402 1472 3457 vestrum,
1491 3396 1653 3462 exspectetis
1664 3413 1795 3466 mapnurn

10 3499 15 3511 ·
31 3478 87 3531 ³0¹·
104 3483 234 3554 cogitent,
243 3479 440 3535 instituendum
448 3496 507 3534 esse
514 3479 664 3550 ahquando
672 3480 815 3549 judicium.
830 3479 932 3539 Psalm,
960 3485 984 3530 ct
1001 3479 1154 3531 terribilem
1174 3478 1248 3531 diem
1267 3480 1372 3547 judicii
1389 3485 1441 3533 etc.
1460 3497 1567 3548 semper
1585 3481 1651 3534 tuba
1670 3482 1724 3535 clla
1742 3492 1794 3538 ter-

106 3575 146 3634 10,
164 3587 189 3623 v.
210 3575 234 3624 5.
269 3568 419 3634 Praecepit
440 3567 519 3619 nobis
543 3568 637 3631 Deus,
659 3566 699 3620 ait
721 3566 821 3621 Petrus
839 3568 932 3622 Actor.
959 3564 1053 3616 ribilis
1074 3564 1172 3616 uestris
1190 3563 1334 3631 obstrepat
1352 3567 1477 3637 auribus,
1496 3568 1603 3636 surpite
1622 3568 1735 3638 mortui,
1752 3584 1794 3622 re·

107 3661 145 3720 10,
165 3673 191 3711 v.
209 3659 251 3710 42,
263 3654 434 3721 praedicare
448 3653 557 3721 populo
577 3661 602 3705 et
619 3653 773 3716 testiticari,
792 3655 860 3722 quia
874 3655 934 3723 ipse
960 3650 1016 3702 nde
1036 3652 1077 3702 od
1084 3651 1238 3718 judicium.
1264 3651 1440 3721 Augustinus
1458 3652 1536 3723 epist
1551 3661 1580 3706 3:
1602 3653 1718 3724 Semper
1731 3664 1796 3711 ante

104 3751 151 3811 est,
177 3743 228 3810 qui
245 3741 408 3795 constitutus
433 3757 452 3791 a
469 3740 535 3793 Deo
556 3740 643 3805 judas
666 3739 790 3791 uiuorum
812 3748 837 3793 ct
861 3759 933 3794 mor·
961 3737 1055 3791 oeulos
1074 3745 1197 3790 versem
1214 3738 1330 3791 solbimus
1348 3739 1423 3807 dits,
1452 3745 1477 3791 el
1496 3757 1558 3791 cum
1582 3741 1711 3795 diluculo
1734 3760 1796 3797 ara-

104 3837 224 3883 tuorum.
250 3827 326 3896 Ergo
343 3825 494 3897 praecipua
511 3841 574 3894 pars
592 3824 676 3879 cilicii
696 3825 828 3881 ecclesiae
841 3826 932 3881 docto·
959 3823 1125 3891 recerimus,
1149 3840 1206 3876 non
1232 3825 1274 3876 ad
1294 3841 1438 3892 uesperam
1461 3843 1513 3878 nos
1534 3829 1709 3894 confidamus
1729 3846 1795 3898 per·

104 3915 180 3969 ribus
200 3912 339 3969 commissi
357 3914 385 3967 in
406 3930 438 3968 eo
456 3912 590 3974 consistit,
613 3910 687 3980 quod
703 3911 801 3980 judicii
818 3911 932 3966 extremi
959 3911 1060 3979 uenire,
1080 3919 1107 3964 et
1126 3927 1187 3963 cum
1208 3911 1238 3963 in
1256 3911 1359 3966 lectulo
1376 3913 1499 3966 membra
1517 3923 1617 3967 nostra
1635 3917 1795 3983 deposueri-

104 4001 261 4057 memoriam
282 3999 452 4055 auditoribus
469 3999 525 4053 suis
543 3998 639 4053 scdulo
654 3997 793 4054 inculcare
804 3997 932 4053 debeant.
961 4015 1034 4060 raus,
1056 3998 1092 4049 de
1111 3997 1183 4049 lucis
1200 4015 1256 4049 non
1277 4000 1450 4062 confidamus
1475 4003 1605 4054 aduentu.
1641 4001 1728 4072 Epist.
1748 4007 1795 4059 80:

104 4083 318 4164 Μνημονεύετε,
344 4104 477 4141 mersores
499 4095 596 4150 estote,
620 4087 716 4138 risoris
733 4086 820 4151 Lotis,
843 4085 934 4156 inquit
963 4086 1040 4138 Tunc
1056 4084 1207 4152 unicuique
1227 4085 1315 4137 veniet
1333 4084 1394 4139 dies
1411 4087 1471 4157 ille,
1491 4103 1552 4139 cunt
1570 4090 1714 4142 ueneritei
1726 4093 1795 4161 dies,

103 4175 230 4230 Christus
253 4173 321 4229 Luc.
343 4179 382 4241 17,
400 4191 425 4229 v,
445 4178 486 4230 32.
513 4190 575 4226 cnm
593 4177 717 4242 tempora
735 4170 933 4227 sodomiticum
960 4179 989 4224 ut
1011 4170 1080 4223 talis
1102 4170 1166 4223 lrinc
1188 4180 1282 4238 exeat,
1309 4174 1404 4241 qualis
1426 4174 1603 4240 iudicandus
1627 4182 1668 4226 est
1693 4176 1723 4228 in
1748 4179 1796 4232 die

105 4260 240 4316 excidium
263 4266 425 4332 antegressa
445 4276 507 4313 cum
526 4257 680 4312 novissimis
698 4258 869 4328 temporibus
893 4260 933 4313 in·
960 4258 1019 4311 illo.
1055 4258 1099 4309 Ac
1120 4273 1174 4324 per
1192 4258 1244 4310 lsoc
1260 4259 1384 4325 utpilare
1403 4261 1480 4312 <tebet
1498 4262 1587 4312 omnis
1609 4261 1795 4333 ebriationem,

103 4347 191 4402 vicem
208 4345 346 4400 conferret
366 4346 490 4414 innuens,
507 4361 571 4400 vere
589 4344 697 4414 piorum
715 4345 856 4414 proprium
874 4360 934 4397 esse
961 4362 994 4397 ne
1013 4345 1188 4413 imparatum
1208 4364 1269 4399 eum
1288 4346 1412 4399 inveniat
1430 4347 1552 4398 Domini
1569 4347 1715 4405 adventus.
1741 4349 1798 4401 lm·

104 4441 132 4489 ct
156 4431 367 4505 praeteritorum
392 4432 446 4487 Dei
469 4431 638 4501 judiciorum
667 4431 876 4500 particularium
906 4431 933 4484 in
958 4439 1093 4500 paratum
1114 4439 1207 4484 autem
1226 4432 1346 4485 investiet
1369 4434 1431 4484 dies
1451 4432 1508 4495 illc,
1529 4448 1609 4499 quem
1629 4434 1799 4504 imparatum

104 4534 168 4575 sero
185 4519 282 4574 timore
299 4519 437 4575 recordari
456 4525 484 4573 et
500 4518 587 4572 icturi
611 4517 683 4571 illius
703 4518 863 4572 universalis
888 4519 933 4588 ju·
961 4518 1354 4587 inveneritsuaccttaetnjus
1367 4518 1557 4569 ultimasdies.
1586 4518 1664 4572 Idem
1678 4537 1796 4578 sermon.
1812 4536 1865 4577 xlx.
1878 4536 1924 4579 soz.

104 4606 170 4660 dicii
189 4611 324 4677 perpetuo
345 4605 514 4674 meminisse,
539 4620 595 4676 qua
613 4604 647 4659 de
665 4619 696 4657 re
715 4604 788 4673 apud
811 4606 872 4675 pios
889 4623 934 4660 ve·
962 4611 1003 4659 35.
1023 4604 1056 4658 dc
1076 4604 1151 4658 verb.
1170 4612 1274 4673 apost:
1298 4604 1431 4665 Quotidie
1451 4605 1609 4673 repiremus,
1627 4607 1726 4676 quales
1745 4610 1798 4663 ort.

103 4700 175 4748 teres
194 4692 355 4763 praeclarae
374 4697 485 4746 essunt
501 4690 663 4746 sentcntiae.
692 4689 773 4746 Nilus
789 4691 934 4761 episcopus
962 4709 1021 4744 νινε
1039 4693 1069 4743 in
1089 4692 1135 4744 elie
1148 4693 1260 4760 judicii
1271 4691 1438 4760 purissimis
1457 4693 1621 4759 nupciarum
1645 4698 1798 4764 conspecti·

104 4780 132 4833 in
150 4780 270 4851 gnomis:
303 4776 410 4848 ssimum
427 4782 474 4832 aab
493 4773 563 4852 μεθ’
583 4774 688 4852 ἡμέραν
707 4773 778 4850 πρὸς
798 4774 848 4845 τὴν
867 4777 934 4853 ἠμί·
962 4779 1012 4830 bus
1030 4780 1172 4847 offerertdi
1190 4788 1215 4832 et
1241 4788 1356 4833 aeterno
1382 4780 1476 4848 judici
1498 4783 1638 4836 rationem
1662 4785 1697 4836 ele
1721 4783 1795 4837 libro

104 4886 157 4940 ραν
179 4864 229 4933 τὴν
255 4863 374 4936 ἐσχάτην
398 4861 579 4931 ἀποβλέπητε.
619 4863 787 4933 Hippolytus
813 4864 841 4916 in
866 4872 934 4920 orat.
961 4867 1147 4918 conscientiae
1166 4867 1309 4919 reddituri
1334 4869 1450 4921 remotis
1469 4870 1691 4936 probationibus.
1727 4868 1795 4924 Gre-

103 4952 139 5006 dc
155 4969 303 5006 consumm.
323 4952 420 5007 seculi:
449 4952 495 5003 lte
509 4950 561 5002 illo
577 4950 688 5016 judicio
708 4950 813 5003 soliciti
831 4952 932 5018 capite·
961 4951 1054 5021 gorius
1078 4951 1198 5021 Magnus
1225 4951 1298 5008 hom.
1325 4959 1366 5008 39.
1391 4953 1420 5006 in
1447 4970 1558 5025 evang:
1590 4956 1624 5008 Si
1652 4971 1723 5024 puae
1755 4964 1796 5009 est

104 5057 165 5092 msa
184 5039 317 5107 quotidie,
344 5039 395 5093 lroc
415 5037 466 5090 diu
482 5042 619 5102 noctuque
637 5036 809 5109 meditemur,
835 5038 865 5090 in
884 5041 932 5093 do·
945 4995 948 5078 i
957 5037 1116 5107 praesentis
1132 5040 1275 5106 temporis,
1292 5038 1333 5091 ita
1356 5043 1470 5107 apenda
1490 5050 1531 5093 est
1543 5042 1662 5109 laetitia,
1681 5048 1712 5094 ut
1726 5058 1795 5094 nun-

104 5124 206 5193 mibus,
225 5125 256 5177 in
271 5124 394 5194 plateis,
415 5124 445 5174 in
462 5119 600 5182 scutatis.
624 5136 658 5173 nc
675 5120 705 5173 in
721 5121 862 5176 horrendo
881 5126 933 5178 ilio
946 5154 947 5174 r
961 5142 1043 5191 quarn
1061 5126 1223 5178 amaritudo
1242 5128 1382 5195 sepientis
1401 5130 1509 5196 judicii
1527 5129 1642 5181 recedat
1661 5145 1680 5179 a
1695 5144 1795 5182 memo·

97 5211 221 5280 judicio,
248 5211 278 5264 in
297 5229 352 5280 quo
372 5210 453 5264 nulla
470 5214 511 5261 est
524 5222 712 5276 personarum
730 5210 863 5278 acceptio,
887 5183 1014 5279 abirim.
1051 5211 1196 5265 Caesarius
1215 5213 1311 5267 homil.
1332 5219 1379 5268 tt:
1414 5215 1570 5283 Capitemus
1589 5212 1669 5265 illius
1688 5215 1795 5280 judicis

97 5298 173 5366 jacti
190 5316 224 5352 ac
244 5297 339 5351 tristes
357 5299 498 5350 adstamus
517 5293 703 5361 condemnati,
721 5297 771 5347 sed
790 5312 851 5349 cunt
865 5298 1131 5370 acti-pincessanter
1148 5301 1311 5366 aduentum,
1338 5302 1388 5369 qui
1406 5303 1513 5354 utinam
1530 5301 1571 5352 sic
1597 5317 1649 5352 noe
1673 5310 1795 5368 paratos

104 5399 164 5447 one,
185 5385 250 5453 uita,
273 5381 492 5449 conuersatione,
510 5379 685 5443 consessione
701 5397 778 5448 pura
798 5391 848 5435 etc.
884 5383 933 5437 Hi·
946 5384 948 5515 ἱ
961 5385 1097 5453 inueniat,
1123 5389 1260 5453 quomodo
1286 5405 1365 5442 nemo
1384 5395 1475 5456 potest
1493 5387 1634 5450 trinitare,
1659 5390 1735 5456 quod
1751 5406 1795 5443 ne·

104 5469 190 5524 larius
206 5469 235 5523 in
253 5467 564 5525 simithilane:
585 5466 623 5519 In
640 5467 717 5518 omni
731 5467 802 5520 uitae
821 5477 935 5523 nostrae
960 5471 1029 5525 rtiat
1063 5471 1205 5527 lohannes
1223 5473 1363 5530 climacus
1384 5475 1474 5547 gradu
1493 5480 1541 5530 20:
1572 5473 1650 5528 Sicca
1667 5476 1795 5545 impossi-

157 5564 339 5606 Gsrhardllocl.
365 5563 404 5604 11.
1259 5613 1260 5618 1
1560 5567 1576 5616 g
