4012 6022
743 318 797 374 Dii
817 317 913 376 VITA
929 315 1121 375 AETERNA.
1612 340 1615 346 ·
1718 320 1779 380 383

74 474 106 528 in
141 481 294 530 aeternum.
331 474 395 530 Job.
423 479 469 542 16,
498 492 522 530 v.
544 479 592 533 22:
627 475 775 529 Gaudium
796 482 916 529 cestrum
943 473 1091 526 recludere
1110 486 1190 525 omne
1208 471 1322 526 maium.
1351 470 1411 525 Sed
1429 470 1525 524 mame
1538 467 1659 523 mamma
1672 468 1781 538 appetit
1862 509 1865 516 .

77 576 160 617 nemo
185 562 265 616 tollet
284 578 303 614 a
321 561 408 620 00110.
441 567 463 617 1.
481 560 543 616 Cor.
565 566 605 625 15,
623 578 650 614 v.
668 565 715 616 ld:
740 561 916 616 Nouissimas
938 558 1159 627 perpetuitatem
1174 574 1243 612 suae
1257 557 1448 626 beatitudinis,
1465 564 1492 610 et
1508 556 1569 609 nisi
1586 557 1622 609 de
1641 555 1696 609 dac
1711 562 1781 609 00001

76 648 167 703 bostri
179 649 341 702 deetruetur
353 664 438 704 more.
462 646 579 717 Apocal.
594 652 619 712 2,
636 665 662 704 r.
678 653 720 703 ll:
741 646 797 710 Qui
807 647 916 712 uicerit,
942 651 1042 711 aerae,
1059 645 1241 714 affliperetur
1256 645 1358 698 timore
1375 641 1525 707 amittendi
1541 649 1568 695 et
1582 642 1624 695 eie
1637 658 1694 696 non
1708 649 1781 695 esset

75 750 135 789 non
159 734 290 788 10000100·
314 750 333 786 0
356 741 445 788 morte
465 735 600 788 secunda.
635 734 754 803 Apocal.
775 738 817 802 21,
837 749 865 791 v.
884 737 916 790 i:
941 731 1067 798 perfecte
1085 730 1187 786 beatus.
1224 734 1246 786 8.
1264 730 1313 783 Ee
1328 728 1425 793 futuri
1441 728 1530 783 000011·
1546 728 1713 782 conditione.
1747 726 1780 781 In

76 819 164 874 Mare
180 819 259 874 uitro
275 837 331 873 non
348 820 411 873 erit.
445 817 476 874 Si
488 817 569 874 electi
583 833 639 872 non
651 823 784 889 poterunt
795 817 916 888 amplius
942 815 1036 870 futuro
1058 815 1152 870 seculo
1176 815 1256 870 nulla
1279 815 1333 870 erit
1356 814 1683 886 temporumjsumeesio,
1701 813 1780 867 nulla

76 904 157 973 mori,
175 903 273 975 utiquc
291 902 373 958 bonis
393 907 422 959 et
435 903 545 975 gaudiis
561 902 728 959 coelestibus
740 903 917 974 perfruentur
942 900 1050 956 dierum
1068 917 1102 956 ao
1125 901 1249 956 noctium
1267 900 1445 968 vicissitudo,
1470 901 1520 956 sed
1543 905 1708 971 perpetuum
1729 903 1783 955 uir

74 990 107 1044 in
131 995 280 1046 00100000
304 990 385 1045 Rom.
411 995 436 1056 8,
459 1007 484 1043 v.
503 994 551 1046 38:
575 991 637 1044 Nec
662 1007 751 1058 more,
774 1005 825 1044 nec
847 989 916 1055 aito,
942 986 1029 1040 tinum
1047 992 1076 1042 et
1093 1002 1170 1042 mera
1188 987 1345 1041 aeternitas.

76 1092 129 1130 nec
147 1076 272 1144 anysius,
293 1092 343 1130 nee
351 1076 541 1146 principatus,
559 1077 748 1141 naevii-tuter,
766 1092 856 1146 neque
874 1075 916 1128 in·
980 1077 1037 1128 113.
1072 1073 1116 1127 De
1142 1072 1195 1128 boo
1218 1072 1354 1128 bonorum
1378 1076 1408 1127 et
1432 1071 1599 1143 gaudiorum
1619 1070 1780 1126 coelestium
1793 1068 1913 1161 ⁰¹⁰³ss-

77 1163 195 1227 etantia,
212 1178 301 1230 nemea
314 1164 431 1231 sutura,
448 1177 475 1218 v.
496 1166 538 1217 39.
555 1177 645 1233 neque
664 1162 803 1228 altitudo,
827 1177 917 1231 neque
942 1163 1003 1213 rum
1021 1160 1213 1228 continuitate,
1230 1165 1291 1213 tum
1309 1159 1476 1212 aeternitate
1492 1157 1532 1212 sio
1545 1156 1687 1212 disserunt
1703 1162 1778 1213 vete·
1793 1125 1929 1212 3333001010

72 1247 280 1316 profunditas,
297 1264 348 1301 nee
365 1247 428 1301 ulla
446 1247 509 1301 alio
528 1255 663 1302 creatura
678 1247 787 1318 poterit
804 1265 855 1302 nos
872 1262 917 1299 ae·
943 1259 994 1299 res
1032 1245 1190 1317 Cyprianus
1210 1261 1290 1299 serm.
1309 1244 1344 1297 de
1363 1243 1489 1298 adscens.
1506 1242 1623 1298 Christir
1644 1244 1779 1298 Ecuclta·
1793 1222 1939 1316 {gfffffim

72 1334 345 1403 parareaacritote
356 1333 423 1399 Dei,
442 1350 514 1402 puae
531 1342 573 1388 eet
588 1334 617 1387 in
632 1333 751 1388 Obrieto.
769 1332 799 1388 si
813 1333 916 1388 electos
944 1330 1010 1384 bssnt
1027 1333 1120 1385 sancti
1135 1331 1165 1383 in
1182 1331 1286 1399 picria,
1304 1330 1436 1384 ridebunt
1454 1332 1547 1383 Deum
1568 1337 1594 1384 et
1610 1330 1780 1398 paudebunt,

76 1418 149 1473 nibil
166 1418 319 1490 quidquam
338 1434 468 1490 separare
486 1424 579 1491 potest
598 1435 617 1474 a
633 1418 750 1474 mritatc
760 1417 823 1483 Dei,
843 1435 917 1492 quac
944 1416 1124 1470 laetabuntur
1146 1424 1173 1472 et
1201 1416 1415 1471 delmtcbuntur
1439 1423 1466 1468 01
1488 1417 1623 1482 frerentur
1641 1415 1736 1486 picria
1755 1423 1782 1470 et

77 1510 121 1560 est
138 1505 168 1560 in
179 1504 298 1574 Christo,
317 1521 381 1573 ergo
399 1521 452 1560 nec
471 1523 489 1560 a
505 1504 586 1560 bonis
597 1505 772 1570 coelestibus,
792 1520 864 1577 quse
883 1521 917 1558 ax
943 1503 974 1556 in
990 1502 1132 1566 felicitate
1141 1503 1374 1570 jucundabuntur
1387 1509 1511 1557 aeterna.
1551 1503 1619 1557 Non
1631 1509 1781 1569 senescent,

75 1590 133 1646 Dei
161 1591 278 1645 mritata
303 1590 340 1645 sd
366 1591 442 1662 ipsos
464 1597 638 1661 promanant
682 1597 706 1647 1.
734 1594 916 1666 συμβολικῶς,
943 1605 1000 1641 non
1013 1589 1159 1654 1030000011,
1178 1606 1235 1643 non
1240 1595 1403 1658 putrescent
1414 1589 1547 1658 amplius.
1577 1589 1779 1657 Perpetuam·

71 1676 251 1746 parabolice.
271 1677 375 1732 Psalm.
396 1683 419 1746 l,
437 1694 463 1732 v.
485 1683 514 1734 3:
532 1677 646 1733 Folium
658 1677 720 1745 eius
738 1694 796 1730 non
805 1677 916 1746 defluet.
943 1675 1027 1743 nitas,
1039 1674 1275 1738 felicaeternitas
1287 1674 1468 1728 beatitudinis
1480 1675 1560 1729 illius
1578 1673 1781 1740 sufficientiam

76 1762 181 1817 Psalm.
209 1767 251 1830 36,
270 1780 296 1816 v.
318 1768 362 1819 ld:
389 1762 480 1833 Apud
501 1770 529 1817 te
551 1771 593 1818 eet
609 1764 684 1832 fona
707 1764 783 1817 citae
806 1778 917 1831 semper
943 1761 1147 1825 confirmabunt
1172 1767 1220 1816 etc.
1245 1760 1363 1830 impleta
1388 1762 1576 1830 mdinmapne
1600 1759 1712 1813 omnino
1740 1759 1781 1812 ci·

75 1849 241 1904 scaturiens.
262 1855 285 1905 1.
295 1849 369 1904 Petr.
384 1855 404 1915 l,
414 1865 440 1902 v.
449 1854 482 1905 4:
502 1852 548 1903 Ad
558 1849 744 1903 hereditatem
755 1841 916 1923 ἄφθαρτον,
942 1847 1028 1901 citato
1039 1847 1098 1900 Dei
1111 1863 1162 1901 nee
1172 1847 1361 1917 innovabitur,
1379 1863 1429 1901 nco
1447 1846 1696 1901 mutabitur'ultra
1706 1846 1781 1909 ficce

78 1933 220 2008 ἀμίαντον
231 1941 278 1990 eal
294 1931 467 2009 ἀμάραντον.
495 1934 643 1989 Rationem
657 1933 853 2005 appellationis
868 1949 917 1987 ex·
944 1940 971 1986 et
1005 1941 1214 1986 consummatae
1243 1932 1426 1986 bmtitudinis
1450 1939 1549 1986 statue.
1598 1929 1723 1986 Hilarius
1751 1929 1781 1985 in

76 2021 223 2092 posuimus
246 2021 374 2091 superius
398 2021 423 2089 d.
449 2026 490 2076 12.
515 2022 603 2091 Apoo.
629 2025 654 2090 2,
680 2037 708 2075 v.
731 2026 761 2075 7:
791 2019 919 2073 Vincenti
946 2017 1047 2071 Psalm.
1068 2022 1115 2074 eor
1137 2019 1175 2071 ln
1197 2017 1379 2072 tabernaculo
1400 2018 1459 2070 Dei
1481 2017 1609 2070 10111000·
1626 2032 1722 2071 sumus
1749 2017 1780 2069 in

77 2107 153 2161 dabo
172 2109 254 2161 edem
274 2107 399 2176 delipno
411 2107 495 2175 vitae,
513 2109 590 2176 quad
609 2115 650 2162 est
662 2107 692 2160 in
700 2106 846 2176 paradiso
858 2105 918 2159 Dei
943 2103 1040 2156 100010
1066 2104 1127 2157 eine
1149 2103 1211 2158 ulio
1230 2103 1337 2157 scilieet
1360 2103 1462 2158 0010110
1482 2104 1566 2157 modo
1585 2103 1615 2155 in
1636 2109 1781 2156 amernum

76 2194 140 2248 mei.
179 2190 268 2263 Apoo.
293 2197 318 2259 3,
346 2210 371 2248 v.
400 2197 446 2248 12:
473 2194 593 2247 Faciam
619 2209 681 2246 eum
702 2194 862 2247 columnam
886 2192 917 2244 in
939 2188 1092 2257 sinentibus
1111 2189 1216 2242 reculis
1234 2190 1459 2258 temporibusque
1475 2189 1605 2243 maneuri
1621 2193 1674 2245 eto.
1699 2189 1780 2242 Haec

76 2279 183 2350 templo
202 2279 262 2332 Dei
278 2279 349 2345 mei,
374 2286 401 2331 01
418 2280 510 2346 forae
532 2295 589 2332 non
607 2279 768 2346 epredietur
785 2277 917 2347 amplius.
943 2275 1191 2330 bereditoeeancti
1203 2283 1244 2329 est
1261 2277 1318 2329 uita
1340 2283 1366 2329 et
1383 2276 1560 2345 incorruptio
1578 2282 1604 2330 et
1620 2291 1738 2345 regnum
1754 2281 1781 2328 et
1799 2330 1800 2333 ,

77 2363 168 2435 Apoo.
196 2368 239 2431 21),
262 2380 287 2416 v.
309 2368 354 2419 14:
380 2358 519 2424 Infernas
548 2371 575 2418 01
598 2381 676 2417 more
696 2363 777 2417 mirei
799 2363 917 2417 suntin
943 2370 1092 2416 coaeterna
1107 2379 1170 2416 cnm
1181 2364 1247 2416 Deo
1266 2363 1413 2418 habitatio.
1444 2362 1573 2417 Ceterum
1591 2362 1653 2432 ipre
1666 2362 1696 2415 in
1714 2379 1782 2416 con·

74 2457 209 2519 etapnum
227 2449 311 2518 ipnie,
329 2454 361 2503 ut
379 2450 560 2520 nonpossint
580 2449 676 2505 electis
696 2449 812 2506 ulterius
829 2455 916 2504 terro·
942 2455 1040 2518 speetu
1062 2449 1136 2513 Dei,
1163 2450 1226 2518 ipm
1249 2450 1371 2504 manebit
1391 2458 1536 2518 00100000,
1554 2449 1621 2518 jam
1645 2448 1781 2514 omnibur,

75 2551 136 2591 rem
155 2535 288 2589 incutere.
306 2535 394 2604 Apoc.
410 2540 452 2601 22,
472 2552 497 2591 v.
512 2539 539 2590 2:
557 2537 679 2604 Lipnum
696 2537 770 2590 sitae
783 2553 841 2605 per
859 2536 916 2589 ein·
943 2550 1013 2603 quoa
1032 2535 1159 2603 redemit,
1178 2534 1209 2587 in
1225 2550 1307 2605 repes
1324 2535 1466 2589 caelorum
1483 2540 1510 2587 et
1521 2534 1672 2588 coheredes
1691 2541 1780 2587 00100·

76 2621 161 2692 pulos
178 2637 284 2674 menses
301 2620 399 2674 reddit
416 2622 545 2684 fructum
562 2639 652 2674 mum.
942 2620 1041 2673 nitatis
1053 2620 1185 2675 assumtis
1199 2622 1318 2674 traciana
1331 2635 1504 2690 coerepnum
1512 2621 1578 2674 Deo
1588 2620 1680 2673 Patri.
1700 2617 1781 2673 Idem

114 2710 173 2762 112.
204 2705 311 2761 Eadem
325 2705 492 2776 gaudiorum
511 2704 671 2762 coelestium
689 2705 839 2762 aeternitas
853 2722 917 2776 pro·
943 2705 972 2759 iu
990 2703 1092 2760 Psalm.
1107 2710 1172 2763 ue:
1192 2707 1230 2761 In
1247 2705 1301 2760 illo
1320 2705 1418 2760 beatae
1437 2706 1561 2761 civitatis
1580 2705 1661 2760 illiue
1676 2705 1779 2773 000010,

79 2791 141 2847 bari
160 2796 254 2869 potest
271 2792 429 2845 rationibus
448 2810 482 2847 ec
501 2792 651 2863 Scriptura
669 2794 809 2847 deductis.
832 2798 855 2849 1.
870 2783 918 2846 En
943 2792 992 2844 ubi
999 2808 1088 2846 amnu
1091 2791 1403 2861 populieuiDominus
1414 2790 1780 2860 mcimbitetincorruptio·

78 2878 230 2932 electorum
253 2878 284 2931 in
308 2877 378 2931 bono
399 2878 617 2945 confirmatione
655 2877 753 2941 Electi,
772 2884 870 2950 utpote
888 2878 917 2932 in
943 2894 1014 2947 nem,
1027 2880 1290 2948 quaesipnificctur
1301 2879 1332 2932 in
1346 2895 1506 2951 cornmper·
1519 2878 1651 2933 bonorem
1666 2879 1780 2931 immor·

78 2963 153 3020 bono
173 2961 337 3025 confirmati,
355 2978 412 3016 non
431 2969 562 3032 poterunt
580 2963 698 3018 ulterius
715 2979 833 3034 peccare
854 2969 918 3019 ete
944 2964 1065 3020 talitatis
1091 2965 1239 3034 impertiet.
1286 2966 1358 3019 Tum
1385 2965 1459 3020 enim
1487 2964 1593 3018 eoelum
1621 2981 1723 3018 novum
1740 2967 1782 3030 [et

76 3048 141 3104 Deo
159 3064 221 3103 sese
242 3054 376 3103 00001000.
418 3046 494 3118 Ergo
518 3064 571 3103 nec
594 3054 726 3119 poterunt
750 3048 831 3103 bonis
854 3064 917 3103 ooe-
943 3056 1021 3104 terra
1034 3067 1108 3106 noca
1121 3051 1183 3117 erit,
1195 3068 1260 3104 eum
1272 3050 1317 3104 bie
1328 3050 1525 3121 praesentem
1537 3049 1692 3114 (1100010110,
1706 3065 1780 3102 nova

77 3133 196 3188 lectibus
213 3133 324 3203 privari.
355 3139 378 3188 2.
397 3134 678 3188 Euimmortaiilatie
683 3136 916 3204 participatione.
943 3136 998 3189 illa
1016 3143 1042 3189 et
1060 3144 1177 3191 aeterna
1197 3138 1352 3190 succedent.
1385 3135 1600 3206 chrysostomus
1616 3135 1646 3189 in
1665 3135 1745 3205 epist
1755 3140 1780 3190 b.

76 3219 170 3276 Electi
185 3219 221 3274 ad
239 3219 390 3290 imaginem
409 3220 540 3287 divinam,
557 3223 639 3291 cujus
657 3236 722 3290 pars
744 3226 787 3275 est
806 3220 915 3274 immor·
943 3222 979 3276 ad
997 3221 1175 3277 Theodorum
1186 3221 1310 3292 lapsumz
1334 3223 1437 3276 Omnia
1451 3222 1599 3290 occupabit
1616 3221 1720 3290 ubique
1738 3221 1779 3273 in·

77 3306 189 3371 1011100,
220 3311 302 3360 crunt
319 3306 442 3376 perfecto
459 3307 592 3374 renovati,
609 3323 644 3361 ao
658 3323 775 3377 corpora
794 3307 916 3376 ipsorum
943 3309 1126 3379 corruptibili
1148 3309 1243 3378 plania
1262 3316 1302 3373 et,
1323 3307 1539 3378 quodomnium
1560 3307 1642 3376 lonpe
1663 3314 1706 3359 ert
1722 3324 1780 3359 ma·

79 3397 164 3447 erunt
180 3391 355 3459 immortalia,
375 3391 606 3464 incorruptibilia,
623 3389 813 3463 impassibilis.
840 3391 916 3464 Ergo
943 3396 1055 3466 nimum,
1074 3394 1208 3449 continua
1226 3395 1360 3458 fruentur
1369 3394 1580 3448 emersuram
1592 3410 1654 3446 cum
1666 3391 1780 3446 cbristo

78 3494 135 3534 non
156 3482 239 3532 erunt
262 3476 379 3531 ulterius
402 3477 484 3533 morti
508 3477 619 3533 obnoxii
642 3479 688 3534 vel
711 3478 836 3550 periculo
855 3496 916 3536 coe·
943 3500 1000 3536 una
1015 3480 1207 3549 eumanpelir,
1225 3498 1287 3534 cnm
1300 3481 1490 3549 orelanpelie,
1507 3497 1570 3533 cum
1586 3479 1781 3547 ruperioribus
1861 3469 1885 3535 J

78 3564 161 3620 lcstia
177 3563 250 3618 bona
268 3562 413 3617 amittendi
433 3562 562 3634 subjecti.
594 3568 619 3619 3.
638 3565 686 3617 Ea
702 3566 917 3620 misericordiae
941 3569 1137 3637 potestatibus.
1163 3565 1201 3621 Et
1214 3571 1324 3638 posteat
1342 3566 1448 3621 Anima
1462 3582 1520 3620 non
1532 3565 1623 3620 solum
1636 3565 1715 3620 laeta
1727 3567 1781 3620 erit

76 3651 192 3704 diuinae
214 3650 375 3705 duratione.
417 3648 521 3707 Psalm.
551 3654 608 3717 117,
631 3668 657 3704 r.
683 3656 714 3706 2:
742 3651 917 3716 Confirmata
943 3654 1023 3708 bonis
1036 3653 1248 3723 praeemtibue,
1269 3654 1323 3706 sed
1339 3667 1440 3705 secura
1457 3668 1492 3705 ae
1508 3659 1585 3720 tuta,
1603 3653 1682 3721 cuod
1698 3657 1780 3705 tanta

76 3744 120 3791 ert
140 3752 228 3804 super
250 3752 302 3789 noa
326 3736 525 3790 misericordia
548 3737 610 3805 ejue
629 3744 657 3790 et
672 3739 777 3793 veritas
797 3740 919 3792 Domini
943 3739 1116 3809 paudiorum
1131 3739 1394 3807 reminanunqnam
1412 3737 1542 3791 desitura
1557 3738 1623 3791 sint.
1656 3735 1780 3808 Sophro-

75 3828 169 3875 manct
192 3821 224 3873 in
246 3828 402 3876 aeternum.
444 3821 549 3877 ierem.
569 3825 612 3887 31,
634 3839 661 3881 v.
681 3826 711 3877 ³:
736 3824 775 3876 In
794 3825 916 3877 caritate
942 3825 1005 3879 nius
1029 3822 1299 3894 Hierosolymitanus
1324 3823 1353 3877 in
1379 3822 1498 3895 epistole
1522 3823 1558 3878 sd
1579 3823 1708 3896 Sergium
1731 3838 1779 3894 pa·

71 3913 214 3976 perpetua
240 3907 330 3960 dileei
353 3915 387 3962 10.
428 3906 493 3965 doh.
515 3912 554 3975 13,
575 3923 601 3960 v.
624 3913 650 3962 10
678 3909 748 3963 clem
770 3910 915 3964 diiem‘aeet
943 3911 1055 3965 10100010.
1064 3911 1221 3965 Constant:
1240 3909 1333 3962 Vitam
1343 3909 1434 3978 illam,
1447 3925 1519 3980 puae
1525 3919 1593 3980 past
1602 3918 1781 3980 praesentem

77 4009 154 4058 auor,
172 3991 223 4060 qui
239 3999 322 4044 00001
341 3992 371 4045 in
388 3994 502 4059 mundo,
520 3992 622 4046 dilexit
641 4008 690 4048 eos
708 3995 738 4047 in
756 3994 847 4057 tinem.
886 3994 916 4051 si
942 3997 1031 4051 eitam
1040 3998 1149 4066 sutura
1160 4002 1208 4064 ert,
1224 3995 1364 4050 credimus
1373 4011 1602 4065 permcnruram,
1620 4003 1647 4050 01
1666 3997 1780 4066 quidem

80 4076 271 4132 misericordia
287 4076 340 4131 Dei
365 4093 450 4148 super
471 4078 576 4132 electos
603 4077 633 4131 in
653 4084 801 4145 [aeternum
819 4080 917 4135 confir·
944 4083 1136 4136 indesinenter
1155 4080 1360 4135 suitilan-antem
1384 4081 1577 4140 laudabilium
1596 4097 1713 4152 operum
1726 4098 1780 4149 pa·

80 4168 220 4229 00010001,
239 4162 338 4233 utique
355 4163 439 4217 etiam
451 4162 566 4217 bonnet
579 4164 919 4231 gaudiacoelestiaerunt
944 4175 1074 4224 10010000.
1112 4167 1289 4240 Augustinus
1311 4167 1361 4223 lib.
1380 4172 1421 4224 13.
1440 4168 1475 4223 (10
1494 4168 1594 4223 'lb-init.
1612 4185 1674 4239 cap.
1694 4172 1723 4225 8:
1749 4173 1781 4222 Ut

80 4249 149 4319 ipsis
167 4254 317 4319 perpetua,
342 4248 447 4319 quippe
469 4263 543 4317 quae
567 4265 601 4304 ex
625 4249 703 4306 fonte
723 4251 834 4307 divinae
854 4267 917 4323 gra·
945 4257 1026 4310 bomo
1043 4255 1222 4318 1001001001,
1242 4263 1353 4322 oportet
1368 4260 1399 4308 ut
1415 4256 1499 4309 01001.
1529 4255 1615 4317 Quem
1621 4271 1712 4325 porro
1724 4271 1782 4307 mo-

78 4336 136 4389 tiae
155 4333 306 4405 profluunt.
343 4340 366 4390 i
387 4336 434 4388 Eu
451 4336 634 4404 oppositione.
665 4337 696 4391 Si
713 4352 820 4406 poenae
834 4338 918 4392 iufer-
945 4341 1063 4396 rientem
1075 4342 1136 4394 0110
1146 4341 1212 4409 ipsa
1225 4341 1338 4404 deseret,
1355 4341 1438 4395 beuta
1454 4341 1512 4394 uita
1525 4357 1588 4394 cum
1601 4340 1653 4394 illo
1667 4355 1783 4393 monere

79 4419 158 4475 nsles
177 4426 244 4475 sunt
262 4425 404 4486 aeternae,
423 4420 520 4491 utiquc
538 4421 623 4476 etism
641 4423 766 4493 praemia
785 4424 919 4479 coelestis
945 4428 1085 4497 quomodo
1098 4427 1216 4495 potasti
1239 4443 1301 4480 oum
1319 4433 1413 4480 autem
1432 4426 1550 4490 0100ον11,
1573 4433 1624 4479 001
1644 4425 1782 4481 nolentem

80 4514 162 4562 crunt
182 4512 303 4562 aeterua.
341 4514 367 4564 1.
387 4508 434 4562 Ec
445 4508 557 4576 januae
575 4509 742 4563 0001001000.
761 4508 861 4564 Matth.
874 4515 917 4581 25,
945 4512 1064 4575 deserit,
1088 4519 1138 4565 aut
1162 4512 1312 4580 uolentem,
1338 4518 1390 4565 aut
1406 4518 1544 4570 neutrum.
1582 4511 1618 4567 m·
1633 4512 1781 4582 nolentem,
1794 4513 1839 4558 ¹¹·
1852 4513 1901 4561 ⁴⁶⁵·

79 4610 106 4648 v.
128 4594 287 4649 10010000
304 4595 359 4648 erit
370 4595 474 4663 janua,
493 4601 525 4650 nt
541 4611 594 4650 nec
611 4593 692 4649 electi
705 4610 725 4650 ,0
737 4594 917 4650 beatitudinis
944 4598 1084 4667 00000010
1105 4598 1186 4651 beata
1203 4597 1264 4652 0110
1283 4605 1337 4663 eet,
1363 4612 1434 4666 puae
1456 4597 1499 4650 ita
1517 4605 1558 4651 ert
1578 4599 1610 4652 in
1628 4598 1780 4666 uoluntate,

79 4685 156 4734 statu
174 4679 257 4747 exue,
272 4695 325 4735 nec
342 4679 467 4734 damnati
484 4679 520 4734 ad
534 4680 640 4750 gaudia
657 4680 788 4737 eoelestia
804 4680 917 4737 introire
944 4692 975 4738 ut
991 4701 1048 4738 non
1068 4685 1106 4737 eit
1126 4685 1157 4736 in
1170 4691 1309 4752 potestate
1327 4683 1401 4739 etc?
1432 4685 1500 4738 Non
1513 4691 1605 4754 potent
1623 4685 1684 4739 sita
1699 4686 1782 4739 beata

79 4765 194 4836 possint.
239 4771 263 4821 1.
288 4766 336 4819 Ec
358 4766 512 4821 olmmmie
536 4767 758 4831 coniunctione.
784 4766 853 4822 Luc.
877 4772 917 4836 te,
944 4786 1004 4825 esee
1021 4776 1048 4822 et
1064 4770 1202 4823 uolentem
1220 4771 1363 4839 00000000,
1382 4770 1453 4839 quia
1471 4770 1566 4825 beatus
1583 4772 1682 4827 nolana
1701 4788 1780 4826 nemo

79 4868 106 4908 v.
124 4856 173 4908 ld:
204 4852 285 4906 Inter
309 4852 404 4907 beator
427 4869 462 4906 aa
483 4853 635 4905 damnator
653 4868 786 4921 mapnum
802 4854 918 4907 clasma
938 4859 984 4927 fit,
1013 4872 1047 4909 uc
1073 4873 1128 4925 per
1147 4856 1200 4910 lroc
1222 4863 1327 4924 quanto
1350 4857 1442 4927 napa
1469 4857 1607 4912 nolentem
1625 4859 1781 4912 deserendo

80 4940 239 5006 innatum,
266 4943 298 4992 ut
323 4939 372 5008 qui
398 4954 432 4994 cx
456 4937 545 4993 beatis
568 4937 683 4992 sedibus
706 4938 743 4994 ad
767 4937 917 4995 infernales
944 4941 1076 4996 miserum
1094 4941 1324 5010 incitamenti
1342 4941 1451 4996 nolenti
1463 4950 1581 5012 praesto
1601 4952 1680 5010 00001,
1700 4944 1781 4997 mice-

79 5024 199 5078 trensire
222 5023 324 5090 velint,
350 5011 414 5078 non‘
435 5024 552 5094 possint.
598 5023 675 5097 Ergo
698 5025 779 5081 electi
795 5043 851 5081 non
868 5043 917 5098 po·
943 5044 1006 5081 rum
1016 5028 1154 5095 facerat
1180 5027 1216 5081 Si
1233 5033 1326 5082 antem
1341 5026 1478 5082 00100100
1495 5027 1614 5092 01000011,
1638 5028 1722 5082 011000
1739 5029 1781 5083 sic

79 5113 176 5164 terunt
189 5108 317 5164 excidere
331 5108 512 5164 beatitudinis
525 5114 607 5165 statu.
632 5112 724 5181 ’1.βο
735 5112 918 5166 beatitudinis
944 5116 1085 5183 cammada
1102 5114 1185 5167 beata
1202 5120 1279 5177 erat,
1301 5130 1385 5183 quam
1401 5115 1500 5182 perire
1513 5114 1610 5180 voluit,
1629 5114 1679 5182 qui
1697 5114 1780 5168 tabe·

76 5198 262 5265 perfectione.
305 5195 367 5252 Nisi
392 5196 474 5258 electi
494 5196 611 5259 scirent,
640 5195 722 5251 bouis
750 5197 917 5253 coelestibus
944 5201 1011 5255 batt
1034 5201 1187 5267 liceretm
1203 5201 1309 5265 amant,
1326 5208 1454 5255 neutrum
1470 5215 1530 5254 esre
1544 5201 1576 5254 in
1588 5203 1683 5255 animo
1697 5201 1781 5270 beati,

80 5298 142 5338 0000
160 5283 189 5337 10
207 5288 351 5338 aeternum
365 5282 556 5352 perfruitura,
570 5281 715 5338 beatitudo
726 5283 918 5354 ipsorumnon
943 5288 978 5340 id
996 5293 1038 5341 est
1055 5302 1118 5341 eum
1130 5287 1225 5341 deseri
1240 5303 1260 5340 a
1274 5287 1355 5341 beata
1371 5287 1440 5350 sito,
1458 5302 1521 5340 eum
1535 5303 1592 5354 per
1602 5295 1717 5342 mortem
1730 5288 1780 5343 de·

79 5374 154 5425 00001
178 5369 312 5440 perlecta.
350 5368 433 5424 Hanc
451 5368 588 5423 rationem
607 5373 691 5439 urget
708 5368 831 5424 'l'homss
851 5375 872 5426 1.
892 5374 917 5424 2.
943 5373 1013 5426 terit
1023 5379 1084 5426 1010
1096 5373 1163 5442 uita,
1182 5388 1232 5427 nec
1243 5365 1319 5428 nolle
1331 5389 1381 5428 nec
1392 5373 1473 5440 00110,
1491 5374 1689 5442 &meumque
1705 5374 1780 5428 enim

79 5471 107 5526 q.
125 5461 151 5510 5.
169 5460 220 5511 art
239 5461 264 5511 4.
284 5470 317 5511 ex
335 5455 495 5528 Augustino
514 5453 561 5512 lib.
578 5460 618 5510 12.
631 5452 667 5509 de
680 5454 755 5511 civit
769 5455 823 5511 Dei
835 5472 860 5512 c.
870 5460 917 5514 2⁰:
940 5465 1049 5527 parato
1062 5466 1089 5512 et
1101 5475 1192 5529 aequo
1204 5460 1299 5514 animo
1312 5458 1472 5519 0000101000,
1500 5457 1560 5512 Sed
1572 5459 1686 5535 neor'sta
1697 5460 1782 5516 beata

82 5541 158 5597 Vera
176 5540 319 5597 dmtitudo
337 5541 419 5598 debet
434 5541 556 5612 00101000
577 5541 699 5595 reddere
716 5542 874 5612 cppditnm
890 5549 918 5599 et
945 5549 987 5598 est
997 5543 1064 5611 sita,
1082 5544 1151 5614 quia
1163 5544 1291 5614 tulisset,
1310 5552 1343 5601 ut
1359 5561 1440 5615 quem
1457 5543 1568 5599 beatum
1584 5544 1668 5614 facit,
1687 5561 1785 5603 amore
