4050 6014
711 316 763 373 DE
784 317 1114 377 CONSUMMA'I'IONE
1126 318 1277 380 ‘suenni
1781 332 1839 391 lea

312 473 399 532 Item:
1006 493 1087 542 pene,
1114 475 1147 528 id
1172 483 1213 529 est
1239 492 1295 529 non
1318 491 1351 530 sn
1369 475 1463 530 Isrei‘l
1480 477 1648 546 proponitur
1667 494 1718 532 nee
1734 479 1770 533 eh
1788 477 1841 534 illo

180 560 256 616 olet
275 558 354 616 λύκοι
372 561 422 615 σὺν
440 557 537 633 cipere*
554 563 585 617 ir
605 554 716 636 οὔρεσιν
735 557 917 634 ἁμιλλῶνται,
1002 561 1113 632 populo
1137 560 1168 615 in
1193 578 1329 616 canonem
1356 580 1505 617 ramerum
1528 563 1678 618 literarum
1704 570 1841 635 receptus,

180 643 292 722 Χόρτον
309 646 365 721 γὰρ
383 646 481 719 λύγκες
499 646 525 702 τ’
546 649 689 724 ἐρίφοισιυ
707 643 767 722 ἅμα
784 642 944 715 βόσκονται,
1005 648 1108 716 lopitur
1125 648 1239 718 aliquid
1246 649 1433 719 prophetasse
1451 648 1622 717 dederim,
1638 651 1667 704 si
1676 651 1841 706 innoslrem

174 730 284 810 Ἄρκτου
302 731 356 790 mir
371 732 522 808 μόσχοισιν
540 731 615 807 ὁμοι·
631 737 677 789 rel
698 736 769 788 πᾶσι
788 740 919 808 βροτοῖσι.
1003 734 1220 788 notitiemoenit
1238 736 1411 801 autumerit,
1431 737 1622 791 adcumulem
1642 755 1660 792 e
1674 738 1754 792 nobis
1766 754 1840 792 cem·

178 817 356 897 Στιρκοβόρος
370 841 399 876 τε
414 825 481 876 λέων
496 814 604 896 ἄχυρον
616 815 741 895 φάγεται
749 818 828 896 παρὰ
847 814 977 894 φάτναις,
1003 822 1156 877 memorari
1175 829 1276 892 potest,
1300 839 1357 877 non
1382 839 1436 892 quo
1461 825 1636 878 necessarius
1662 825 1707 890 sit,
1732 825 1843 880 etienui

179 908 240 963 Σὺν
259 911 392 982 βρέφεσιν
412 924 440 961 τε
459 901 608 980 δράκοντες
626 901 764 981 ἀμήτορσι
786 900 977 980 suspieentur.
1004 910 1092 979 desit,
1123 911 1176 963 sed
1200 910 1269 979 quie
1289 927 1345 964 non
1369 910 1521 980 inconprue
1546 912 1682 976 creditur,
1705 911 1798 977 suism
1816 920 1843 967 et

311 1009 395 1064 stem,
1004 993 1034 1048 in
1051 994 1120 1049 eliis
1138 995 1264 1066 pentilus
1283 995 1413 1060 homines,
1441 995 1540 1066 ρυὶὀυτ
1557 997 1609 1050 λου
1623 998 1842 1066 οιμιλιτίυικτι-

179 1100 237 1151 Kal
254 1092 316 1151 τότε
335 1095 369 1164 dr)
388 1092 483 1170 χαρὰν
501 1091 626 1168 μεγάλην
642 1094 710 1159 θεὸς
727 1092 846 1170 ἀνδράσι
864 1090 961 1151 δώσει·
1004 1081 1127 1134 mmm
1153 1090 1194 1136 Μ
1223 1089 1250 1135 ‘³‘
1277 1081 1327 1151 Ψ·
1351 1082 1403 1137 Ῑῑθθ
1427 1081 1511 1137 ‘llam
1533 1084 1703 1153 Pf‘issdioei'ss
1725 1083 1844 1169 fillium

178 1185 235 1236 Kal
252 1179 308 1257 γὰρ
325 1185 363 1253 γῆ
376 1187 423 1236 καλ
435 1183 539 1251 δένδρα
550 1184 597 1237 καλ
608 1175 716 1238 ἄσπετα
726 1184 879 1257 θρέμματα
897 1187 979 1253 μυίης
1006 1174 1078 1236 Mis
1103 1167 1161 1223 ”⁸⁰⁶
1176 1168 1333 1239 panicii&
1356 1169 1483 1238 ‘imm
1507 1169 1618 1239 imm
1636 1170 1761 1237 simini»
1784 1169 1842 1224 ⁸⁸⁸⁰!

178 1267 325 1324 Δώσουσιν
344 1268 456 1344 καρπὸν
474 1265 523 1324 τὸν
542 1264 680 1335 ἀληθινὸν
697 1266 877 1343 ἀνθρώποισι
1006 1262 1140 1324 &iperius
1164 1255 1223 1308 ⁸5⁰⁶
1240 1271 1295 1325 W
1321 1254 1413 1309 ''¹⁰1⁰‘'
1436 1255 1553 1324 &⁸9⁶3st
1578 1255 1657 1309 ‘1⁰⁰5
1672 1263 1745 1324 mnis
1772 1272 1842 1327 iim

182 1357 267 1411 Otrou
284 1358 333 1410 κοιλ
349 1359 461 1426 μέλιτος
479 1357 601 1425 γλυκέος
620 1358 719 1411 λευκοῦ
738 1375 768 1411 τε
787 1350 924 1427 γάλακτος
1002 1348 1180 1409 mmmm
1193 1340 1343 1411 Olffllums
1360 1357 1441 1410 duim
1458 1342 1568 1397 maii
1577 1360 1633 1396 '¹0⁷⁸
1645 1343 1841 1411 ⁰9²¹0⁸⁶⁶⁶⁰⁹¹ir

16 1460 66 1502 11.
83 1458 131 1501 12⁸.
181 1445 237 1497 nat
258 1447 346 1507 airon,
365 1436 434 1515 ὅπερ
454 1440 514 1496 lori
539 1447 648 1517 βροτοῖς
665 1437 813 1497 κάλλιστον
836 1436 979 1496 ἁπάντων.
1007 1427 1109 1481 '‘iiim‘'
1133 1427 1226 1494 filim
1247 1427 1402 1493 0⁰⁹⁸f⁶⁸⁸080
1441 1426 1623 1485 camlbfflllss
1648 1445 1735 1484 θῐθῐῦ·
1762 1435 1785 1486 Ῑ·
1805 1429 1841 1486 ld

312 1543 397 1597 Rom,
1007 1511 1110 1568 Barou.
1137 1517 1303 1584 apparatum
1328 1531 1355 1568 n.
1384 1517 1423 1569 18.
1442 1530 1471 1584 p.
1491 1519 1532 1570 72.
1559 1514 1693 1585 disputat,
1722 1515 1842 1570 eraculo

1007 1600 1070 1670 illo,
1088 1617 1144 1670 eno
1162 1600 1312 1670 apertiora
1329 1608 1403 1669 sunt,
1422 1619 1454 1657 eo
1465 1601 1560 1655 rideri
1575 1603 1761 1672 suspectiora.
1782 1601 1843 1657 Sei·

1007 1704 1067 1740 mus
1092 1687 1174 1755 mim,
1203 1705 1286 1757 quem
1312 1685 1400 1742 eccles
1422 1686 1549 1741 ueritatis
1572 1688 1715 1743 saumae
1734 1688 1842 1758 priscis

991 1748 1180 1851 {temporibus
1197 1774 1307 1843 populo
1322 1774 1449 1828 Judat'co
1476 1773 1624 1828 illuserint
1630 1797 1639 1841 ,·
1662 1776 1756 1844 ecquis
1777 1791 1842 1830 uero

1006 1861 1114 1924 credet,
1134 1867 1192 1912 tam
1206 1860 1360 1928 profunde
1377 1860 1512 1928 mysteria
1527 1861 1654 1930 pentibus
1671 1862 1763 1929 fur'ese
1783 1860 1842 1916 olu-

146 1941 356 2013 Respondemus
373 1947 399 1997 1:
417 1940 461 1997 De
483 1940 683 2011 Sibyllinorum
702 1942 855 1998 carminum
872 1942 980 2014 origine
1005 1946 1068 2000 rius
1083 1949 1233 2016 patefacte
1244 1965 1328 2017 quam
1343 1947 1391 2001 illi
1401 1947 1519 2017 populo,
1538 1965 1617 2016 quern
1629 1949 1710 2002 Dea
1721 1948 1843 2018 optimus

142 2035 171 2084 et
193 2028 358 2084 auctoritate
387 2027 513 2084 disemus
538 2034 603 2083 sunt
627 2029 796 2084 emditonrm
819 2029 981 2085 sententiae.
1005 2032 1142 2086 meairnus
1159 2039 1189 2086 ut
1202 2033 1389 2102 peculiariter
1406 2051 1487 2087 suum
1505 2034 1604 2088 dileeit
1621 2051 1656 2088 ec
1671 2042 1779 2088 memet
1797 2033 1841 2105 ip-

144 2115 274 2171 Justinus
294 2114 323 2169 iu
347 2120 488 2186 paraenet.
516 2120 537 2171 1.
555 2114 592 2169 ad
612 2113 734 2170 Graecos
757 2132 784 2186 p.
805 2120 845 2171 tt.
867 2115 979 2170 oracula
1005 2118 1064 2171 siue
1082 2126 1108 2171 et
1126 2118 1254 2183 fidelium
1267 2136 1381 2173 suorum
1399 2135 1543 2175 remorum
1559 2136 1625 2174 eece
1643 2119 1769 2174 erudiit?
1789 2125 1842 2175 etc.

143 2200 311 2272 Sibyllarum
323 2202 453 2274 prosimu
465 2205 506 2257 ed
513 2202 720 2271 prophetarum
734 2202 893 2256 doctrinam
903 2217 978 2255 ecee·
1005 2204 1161 2276 Apostolus
1178 2211 1305 2275 temporo
1325 2213 1390 2260 ente
1409 2204 1552 2260 Christum
1568 2205 1697 2276 appellet
1718 2203 1842 2280 χρόνους
1855 2222 1899 2264 xx.
1911 2222 1956 2265 lto.

146 2290 214 2342 dere
231 2288 342 2354 mserit,
364 2286 492 2344 Clemens
514 2288 728 2355 Alexandrinus,
752 2287 899 2355 Eusebius,
925 2288 977 2342 La·
1006 2288 1123 2362 ἆγυολας
1143 2291 1208 2346 Act.
1228 2292 1268 2357 17,
1286 2309 1310 2347 υ.
1329 2293 1377 2348 30.
1396 2307 1431 2346 ac
1450 2308 1536 2360 saepe
1554 2293 1664 2362 repetit,
1682 2292 1842 2346 doctrinam

145 2374 268 2429 ctantius
286 2379 338 2430 eto.
359 2373 512 2444 gentilibus
531 2375 628 2431 eadem
648 2381 808 2431 constanter
826 2378 979 2446 opponunt,
1006 2378 1042 2429 de
1057 2377 1148 2431 relate
1168 2377 1279 2446 pencris
1292 2377 1410 2431 humani
1422 2384 1486 2432 ante
1500 2376 1607 2432 cenni
1618 2377 1841 2431 incarnationem

146 2459 330 2517 Bellarminus
346 2459 394 2514 lib.
414 2466 435 2516 1.
457 2460 491 2516 de
511 2460 620 2516 Christo
637 2478 661 2517 c.
685 2466 724 2516 tl.
749 2461 876 2531 Sibyllae
892 2461 980 2515 multo
999 2463 1095 2532 seiam
1114 2463 1275 2532 mysterium
1292 2482 1311 2518 a
1328 2463 1430 2518 secedis
1447 2471 1473 2517 et
1485 2464 1713 2532 cenerotionibus
1725 2464 1841 2518 eberon-

146 2548 255 2602 cleriue
275 2565 360 2618 quem
382 2549 456 2602 ullos
470 2547 674 2618 prophetarum
696 2551 732 2602 de
760 2547 871 2602 Christo
891 2563 978 2616 prae·
1006 2549 1105 2617 ditum,
1129 2565 1202 2602 nunc
1230 2556 1323 2604 συιουι
1342 2550 1523 2617 manifestum
1548 2550 1654 2603 senens
1672 2551 1742 2618 ejus,
1760 2549 1841 2604 Rom

147 2635 253 2689 diense
264 2651 368 2707 magna
386 2635 504 2690 audacia
515 2634 622 2689 asserit.
642 2634 716 2691 Vide
728 2632 829 2688 librum
842 2631 980 2704 Onuphrii
1006 2638 1050 2700 16,
1068 2654 1092 2692 o.
1111 2637 1157 2693 25.
1187 2635 1263 2705 Fpln
1287 2639 1314 2702 3,
1338 2654 1363 2690 υ.
1383 2639 1408 2690 9.
1437 2634 1542 2690 Colore.
1562 2639 1586 2704 l,
1609 2653 1632 2690 υ.
1651 2637 1695 2689 26.
1738 2635 1842 2698 Quibus

147 2721 183 2776 de
202 2719 327 2792 Sibyllis,
344 2721 553 2776 commentarios
570 2719 706 2776 Ludovici
719 2719 798 2775 Viris
811 2719 847 2774 ad
862 2717 924 2774 libr.
939 2724 978 2776 1⁸.
1006 2720 1099 2793 effatis
1116 2723 1253 2791 qnonsodo
1265 2738 1318 2775 suo
1327 2729 1455 2776 constare
1472 2721 1579 2791 poterit
1591 2720 1705 2791 ueritas,
1723 2722 1841 2791 cipres-

148 2808 220 2879 Aug.
238 2806 274 2863 do
292 2807 343 2864 cir.
363 2807 418 2862 Dei
436 2824 496 2879 cap.
516 2813 554 2864 2³.
575 2806 718 2862 Wolffium
736 2812 810 2866 cent.
826 2813 848 2863 l.
867 2805 978 2861 lection.
1006 2808 1091 2877 cipue
1111 2807 1258 2862 doctrinae
1273 2807 1451 2862 Christianae
1468 2807 1602 2875 mysteria
1615 2807 1742 2876 pentibus
1757 2808 1841 2873 freae

182 1628 324 1700 Εὐσεβέσιν
342 1632 374 1686 di
389 1630 486 1704 μόνων
503 1627 554 1703 riyt
579 1631 679 1703 υχθώυ
698 1626 793 1686 πάντα
814 1626 878 1686 τάδ’
901 1638 980 1702 aloes,

182 1714 301 1794 Νοὶματα
320 1717 375 1790 μὲν
391 1721 503 1789 μελιτος
521 1713 580 1772 ἀπὸ
599 1722 699 1792 πέτρης
715 1714 764 1786 ἧδ’
779 1716 838 1774 ἀπὸ
856 1721 948 1789 πηγῆς

182 1806 237 1858 Knl
255 1798 329 1875 μάλα
346 1801 370 1858 τ’
394 1801 551 1878 ἀμβροσίης
577 1800 669 1877 periore
692 1800 828 1861 πάντεσσι
853 1806 979 1868 δικαίοις.

146 2893 295 2950 memorab.
318 2910 374 2950 non
399 2894 483 2967 longe
506 2911 523 2949 a
547 2893 633 2965 princ.
658 2892 764 2952 Frider.
786 2892 980 2948 'lilemannum
1003 2896 1174 2966 proposita!
1204 2896 1360 2950 Praeterea
1378 2895 1458 2964 apud
1473 2894 1632 2964 Platonem,
1655 2893 1842 2964 Arr'stotelem,

146 2981 176 3035 in
199 2981 325 3036 discursu
350 2979 483 3052 philolog.
506 2979 616 3036 Erasini
641 2978 772 3035 Schmidii
796 2978 920 3035 libellum
944 2978 980 3034 de
1009 2981 1230 3052 Theophrastum
1254 2988 1279 3035 et
1305 2987 1345 3036 tet
1364 2980 1439 3035 elios
1458 2980 1615 3049 epopenie
1632 2980 1843 3034 curiosissimos

147 3066 260 3138 Sibyllin
278 3074 330 3125 etc.
348 3065 398 3122 ubi
416 3066 502 3122 multa
521 3066 763 3143 ἀξιομνημόνευτα
778 3065 813 3120 de
831 3064 979 3136 Sibyllino·
1006 3068 1129 3122 omnium
1163 3067 1381 3137 disciplinarum
1411 3075 1598 3137 emulatores,
1631 3083 1742 3137 eorum,
1770 3083 1843 3137 puae

146 3171 208 3209 rum
221 3154 393 3209 oraculorum
404 3154 569 3211 auctoritate
581 3153 767 3209 inveniuntur.
786 3152 905 3217 Quidam
914 3169 980 3207 vero
1007 3156 1091 3209 lodie
1111 3156 1192 3224 apud
1215 3155 1341 3224 Sibyllae
1366 3155 1517 3219 miramur,
1541 3154 1652 3208 nullum
1667 3155 1780 3225 penitus
1798 3171 1843 3208 ea·

148 3257 244 3310 parum
261 3240 327 3296 fidei
343 3241 400 3296 illis
417 3241 551 3297 tribuunt
587 3239 704 3296 Constat
720 3239 794 3295 enim
811 3255 844 3295 er
862 3239 981 3311 epistola
1006 3249 1062 3296 etet
1078 3242 1232 3313 restipium.
1253 3240 1384 3312 Denique
1399 3241 1503 3310 primic
1524 3241 1654 3295 eccleciae
1672 3241 1844 3312 tempestiue

147 3327 319 3398 imperatoris
344 3327 487 3383 Aureliani
510 3327 545 3382 ad
570 3331 696 3382 senatum
723 3326 880 3382 Romanum
904 3325 979 3396 apud
1002 3328 1126 3397 plurimi
1138 3327 1309 3391 exstiterunt,
1330 3326 1381 3395 qui
1393 3326 1693 3381 eoelestemoeritatem
1706 3325 1844 3398 fipmentie

146 3413 306 3485 Vopiscum,
330 3412 415 3468 libros
433 3414 584 3485 Sibyllinos
601 3412 770 3485 propheticis
794 3412 979 3468 monumentis
1006 3415 1065 3469 suis
1082 3415 1212 3483 adjutum
1237 3413 1279 3466 ire
1298 3429 1354 3467 non
1373 3412 1547 3482 dubitarunt,
1571 3429 1625 3482 que
1645 3413 1767 3478 facilius
1788 3413 1843 3468 sci·

147 3517 202 3554 non
240 3501 331 3554 minus
365 3500 468 3571 opponi
499 3500 674 3556 consuevisse
708 3516 791 3570 quam
829 3498 978 3569 pantheon,
1007 3502 1072 3555 licet
1089 3518 1163 3555 noua
1181 3499 1312 3553 doctrine
1332 3516 1351 3552 a
1370 3499 1494 3568 pontium
1519 3499 1692 3568 sapientibus
1712 3500 1844 3554 admitte·

147 3585 318 3641 ethnicorum
335 3587 485 3657 templum,
509 3585 642 3640 ecclesiae
658 3584 839 3641 Christianus.
873 3585 980 3648 Miror,
1006 3595 1093 3657 retur,
1111 3603 1166 3657 quo
1185 3601 1218 3639 ee
1231 3587 1315 3656 sonte
1336 3585 1420 3639 dubio
1438 3586 1543 3655 procul
1556 3586 1614 3639 orti
1631 3587 1700 3640 libri
1715 3586 1843 3656 ementi,

147 3691 207 3742 eos,
226 3681 327 3744 patres
345 3673 447 3740 saneti,
473 3672 575 3744 (inquit
592 3671 771 3740 Aurelianus)
792 3673 921 3741 jamdum
945 3672 981 3723 de
1007 3692 1077 3745 quoe
1102 3673 1156 3728 ille
1179 3680 1259 3726 emas
1282 3680 1308 3726 et
1330 3671 1462 3743 proriam
1478 3671 1610 3727 uiderunt
1632 3673 1668 3725 ob
1687 3672 1844 3727 homenibus

147 3759 312 3828 operiendis
333 3757 482 3826 Sibyllinis
500 3758 640 3812 dubitem
658 3757 747 3822 libris,
763 3757 884 3828 perinde
898 3758 983 3827 quasi
1007 3761 1119 3815 minime
1143 3759 1230 3814 malis
1257 3759 1308 3813 sub
1333 3759 1441 3812 nomine
1471 3758 1554 3812 etiam
1579 3759 1698 3812 Domini
1720 3760 1791 3814 Jeeu
1815 3766 1844 3814 et

146 3844 177 3899 in
203 3843 431 3901 Christianorum
455 3845 582 3914 ecclesie,
604 3862 661 3900 non
685 3844 841 3914 intemplo
865 3846 981 3898 deorum
1008 3847 1200 3918 apostolorum
1220 3845 1395 3915 alienamque
1414 3852 1574 3900 sanctorum
1588 3844 1759 3916 publicatos,
1777 3864 1844 3917 qno·

148 3933 269 3986 omnium
288 3931 458 4000 tractaretis,
477 3948 511 3986 ex
525 3948 580 4004 quo
596 3930 678 3987 facile
699 3937 825 4002 apparet,
854 3931 881 3984 in
896 3930 981 3987 eccle·
1008 3950 1071 3988 rum
1084 3933 1226 4005 plurimos
1249 3931 1384 3987 Gelenius
1401 3931 1433 3985 in
1450 3949 1472 3986 c.
1496 3931 1604 3986 Sancta
1621 3933 1760 3987 Romana.
1777 3934 1844 3988 dut.

148 4019 196 4074 siis
223 4018 443 4075 Christianorum
474 4016 643 4090 Sibyllarum
676 4034 777 4073 nomen
809 4034 866 4073 non
894 4016 981 4072 fuisse
1008 4023 1050 4074 15.
1083 4025 1235 4074 enumerat.
1274 4018 1359 4073 Hisce
1385 4017 1545 4074 Oasauboni
1580 4019 1747 4086 argumentis
1776 4020 1843 4074 addi

148 4105 240 4177 magni
267 4105 403 4172 habitum,
435 4121 525 4178 neque
550 4105 580 4161 id
607 4105 718 4178 injuria
745 4121 808 4160 cum
835 4103 981 4176 gentilium
1007 4111 1109 4177 posset,
1140 4106 1214 4178 quod
1244 4104 1444 4176 Sibyllinorum
1475 4106 1649 4161 oraculorum
1678 4105 1843 4161 auctoritate

148 4191 391 4248 daemonolatriam
408 4207 442 4246 ex
456 4191 535 4247 libris
545 4191 688 4264 Sibyllinis
702 4191 859 4248 confirmari
871 4190 981 4245 solitam
1006 4199 1153 4264 acceptata
1169 4192 1277 4263 aliquid
1295 4192 1488 4263 propheticum
1507 4198 1584 4247 extra
1609 4191 1760 4263 scripturas
1778 4208 1842 4262 pro·

146 4278 241 4344 inisse,
258 4278 287 4333 in
304 4278 452 4350 propatulo
472 4279 516 4334 sit.
543 4279 624 4344 Quod
645 4278 784 4334 Eusebius
801 4279 831 4333 in
845 4278 894 4334 rit.
908 4276 979 4334 Con·
1006 4279 1131 4352 pheticas
1151 4284 1224 4335 esset
1241 4278 1459 4350 agnosoendum,
1477 4279 1552 4349 qnod
1568 4294 1669 4350 magna
1688 4276 1842 4348 fueritpio·

147 4371 231 4422 stant.
247 4365 323 4436 dicit,
349 4362 417 4428 τοὺς
433 4366 558 4428 πολλοὺς
580 4371 634 4422 τῶν
660 4365 821 4438 ἀνθρώπων
842 4362 980 4429 ἀπιστεῖν,
1006 4385 1067 4423 rum
1084 4373 1209 4422 veterum
1222 4366 1250 4419 in
1265 4364 1414 4420 laudandis
1428 4363 1678 4435 pseudepigraphis
1690 4363 1842 4434 evangeliis

144 4453 294 4524 plerosque
313 4452 472 4507 testimonie
491 4454 546 4508 illu
568 4455 732 4522 repudiare,
757 4452 786 4506 id
808 4468 864 4506 non
890 4451 981 4505 minus
1006 4450 1747 4525 aliisquecommatisnonboniscriptisreyurrstlsm,
1767 4449 1842 4521 quod

147 4540 182 4594 de
197 4538 361 4596 Christianis
380 4558 465 4612 quam
485 4541 602 4597 ethnicis
612 4540 730 4612 quidam
743 4539 894 4609 accipiunt
915 4537 982 4593 Am·
1006 4540 1130 4594 nondum
1150 4538 1256 4610 liquido
1275 4540 1391 4603 constet,
1416 4551 1488 4607 quse
1514 4541 1543 4590 et
1567 4541 1700 4606 quotnam
1719 4535 1843 4608 Sibyllae

146 4625 254 4682 brosius
263 4626 292 4682 in
302 4633 447 4683 comment.
458 4633 481 4683 l.
491 4627 555 4684 Sor.
565 4633 589 4686 l.
604 4629 760 4696 Pythonem
773 4625 918 4679 diabolum
929 4641 982 4694 per
1007 4624 1118 4693 fuerint,
1135 4641 1242 4696 quaere
1262 4621 1385 4679 carmina
1397 4637 1448 4692 pro
1465 4619 1746 4763 ymatassSibyllinis
1761 4621 1843 4677 aesti-

148 4713 273 4782 Silplles
292 4713 414 4768 λουυτιιιυ
430 4730 489 4768 esse
507 4713 613 4769 asserit.
633 4715 690 4768 Hie
708 4710 843 4784 (Python)
867 4718 916 4780 est,
939 4710 979 4766 in·
1006 4711 1117 4778 manda,
1143 4712 1218 4782 quod
1240 4712 1374 4781 pleraque
1398 4708 1427 4762 in
1450 4707 1568 4762 illisam
1598 4714 1701 4779 guast
1718 4707 1844 4773 obscura,

146 4799 215 4872 quit,
241 4801 291 4870 oui
305 4817 360 4870 per
378 4799 546 4854 omisimilie
570 4799 689 4863 fallitur
706 4807 733 4853 et
746 4798 843 4870 fallit,
867 4797 913 4852 hic
933 4803 981 4863 eet,
1007 4802 1038 4853 ut
1057 4796 1138 4852 modo
1157 4797 1186 4850 in
1206 4797 1290 4859 hunc,
1307 4794 1389 4850 modo
1408 4793 1532 4849 inillam
1551 4793 1640 4865 accipi
1657 4794 1764 4865 possint
1783 4810 1843 4849 sen·

146 4886 197 4956 qui
208 4902 265 4956 per
284 4886 423 4956 Sibyllam
443 4885 553 4939 lomense
570 4894 617 4955 est,
635 4903 745 4939 sensum
765 4892 926 4939 nostrorum
941 4898 982 4936 se·
1007 4902 1067 4939 sum
1086 4891 1137 4941 etc
1175 4890 1199 4940 λ.
1220 4883 1274 4939 Sed
1295 4883 1417 4953 seposita
1435 4881 1488 4937 hoc
1510 4883 1571 4937 loco
1590 4881 1625 4937 de
1645 4881 1842 4950 Sibyllinorum

146 4981 234 5041 ουλυο,
252 4973 343 5027 locum
360 4973 455 5027 volem
474 4971 547 5026 inter
567 4974 698 5027 coelertm
717 4973 828 5029 labere
847 4970 900 5026 Oui
917 4987 980 5026 con·
1007 4970 1179 5028 oraculorum
1197 4969 1364 5026 auctoritate
1381 4969 1502 5025 uberiori
1518 4968 1710 5024 dissertatione
1722 4968 1843 5023 breviter

146 5059 234 5115 forme
259 5064 303 5114 est
327 5057 396 5114 illud
424 5056 576 5129 Augustini
599 5058 663 5117 libr.
689 5064 730 5116 18.
754 5059 789 5113 de
823 5058 900 5115 civit
926 5058 980 5112 Dei
1008 5058 1139 5124 dicemus,
1157 5058 1194 5112 ad
1212 5074 1335 5112 normam
1347 5056 1526 5127 propheticae
1546 5061 1574 5110 et
1592 5055 1761 5126 apostolicae
1776 5053 1842 5109 scri-

147 5163 208 5216 cap.
226 5150 273 5201 ⁴6:
302 5142 372 5199 Cum
390 5144 548 5214 Scriptura
567 5145 672 5199 nostris
691 5163 748 5200 non
764 5148 892 5210 credunt,
909 5161 981 5198 eom·
1006 5151 1105 5216 pturae
1122 5144 1260 5217 exigenda
1279 5160 1339 5199 esse
1357 5143 1456 5212 omnin,
1476 5159 1548 5214 quae
1562 5149 1709 5197 ornacum
1720 5140 1842 5197 deOhri·

143 5233 260 5302 plentur
279 5232 387 5287 inillis
405 5249 482 5298 suae,
508 5248 579 5302 ριισι
597 5231 674 5287 caeci
691 5232 795 5302 lepunt,
822 5231 879 5284 nisi
904 5231 981 5295 forte
1007 5232 1113 5286 stianae
1127 5230 1270 5286 doctrinae
1281 5230 1422 5302 capitibus
1434 5227 1759 5285 occummt.3.Proinde
1768 5228 1842 5283 siout

147 5320 210 5387 quis
228 5319 340 5389 dicent,
357 5316 426 5371 ι’λλοι
444 5317 609 5386 prophetias
630 5316 807 5372 Christianos
818 5319 930 5384 fineuce
946 5322 981 5373 de
1007 5318 1203 5389 prophetarum
1223 5317 1363 5386 vaticinia,
1386 5331 1458 5388 quae
1475 5315 1510 5370 de
1529 5314 1664 5370 ecclesiae
1679 5313 1709 5368 in
1727 5313 1779 5369 hoc
1796 5314 1841 5370 vel

150 5404 269 5472 Christo,
293 5421 365 5475 quae
385 5403 511 5472 Sibyllae
532 5404 641 5458 nomine
665 5405 709 5458 cel
734 5404 857 5459 eliorum
881 5406 979 5474 profe·
1006 5406 1102 5461 futuro
1120 5406 1213 5460 seculo
1230 5403 1364 5460 felicitate
1381 5408 1510 5473 nactam,
1535 5401 1686 5473 symbolice
1710 5418 1744 5457 sc
1759 5418 1843 5473 para·

147 5499 256 5559 rantur,
282 5492 310 5545 si
326 5508 399 5562 ριιοι
416 5499 489 5559 sunt,
511 5508 583 5562 quoe
600 5508 658 5546 non
672 5491 816 5561 pertinent
834 5495 875 5544 ad
890 5510 979 5562 popu·
1007 5491 1096 5547 bolico
1106 5491 1269 5562 explicanda
1275 5506 1335 5546 esse
1342 5488 1468 5560 superius
1475 5488 1655 5555 ostendimus,
1665 5489 1704 5544 ita
1713 5488 1742 5543 id
1751 5489 1843 5561 ipsum

148 5577 206 5633 lens
212 5578 401 5645 dedecorum,
411 5583 512 5653 etoap.
522 5584 564 5637 47.
576 5577 606 5633 io
618 5577 720 5651 priua:
736 5576 869 5649 Quisquis
878 5577 978 5633 elimi-
1007 5594 1117 5652 qnoque
1136 5578 1172 5633 de
1189 5576 1359 5650 Sibyllarum
1382 5576 1501 5633 oracolis
1519 5575 1697 5632 statuendum
1718 5574 1844 5632 diuum
