4050 6014
808 192 863 249 DE
880 192 976 250 Vl'l'A
994 190 1186 253 means.
1790 207 1851 263 stt

154 347 275 402 emeda
299 347 486 417 perfectiones
503 349 621 418 s'mplent
638 356 666 402 et
689 365 777 418 opera
801 365 987 419 ssspumqa·
1016 350 1123 421 quiens,
1138 350 1218 404 dieta
1234 349 1314 404 illius
1329 349 1464 406 dodoru.
1499 348 1693 404 Verosimslius
1710 351 1783 404 enim
1803 359 1970 417 est,11,sra‚

153 434 240 486 tionis
253 435 374 499 facium,
390 435 564 504 peculiarem
574 435 701 504 aliquam
711 435 988 490 aureolamincoelo
1016 437 1096 504 quod
1112 436 1175 490 illic
1191 437 1390 500 tiantclroreae
1408 443 1434 489 et
1453 435 1627 490 saltationes.
1655 437 1757 489 Omnia
1770 437 1851 501 enim,

148 522 316 588 promereri.
352 519 490 590 Aureolo,
509 520 600 591 inquit
617 519 716 595 Bayus
733 520 759 576 d.
778 522 797 576 l.
818 523 854 575 de
872 521 987 575 illorum
1017 538 1087 589 quae
1105 524 1147 575 ud
1165 523 1295 576 eboreum
1313 522 1460 586 sufficiunt
1479 529 1506 575 et
1523 522 1722 592 requiruntur,
1747 522 1788 576 sbi
1810 523 1852 576 in·

151 607 363 674 praemioreate
372 607 494 674 intelligi
498 607 812 675 potest,qur‘9eneralia
823 607 989 676 Scripturae
1016 608 1171 663 veniuntur.
1201 607 1253 660 Ad
1264 607 1395 660 choream
1409 606 1482 658 enim
1498 606 1648 661 duodecim
1656 608 1852 676 requiruntur.

154 700 270 744 sanetae
278 693 415 744 mandata
424 691 990 760 spontaneaeitaepersectioriselectione
1019 694 1045 760 1)
1065 694 1158 747 Mass
1175 694 1332 761 spatiosus,
1357 691 1408 761 qui
1431 694 1518 746 datur
1541 694 1571 746 in
1599 693 1693 760 coelo,·
1721 697 1746 749 2.
1773 692 1853 748 locus

154 779 382 845 transscendunt,
403 778 522 846 ideoque
540 778 691 846 specialem
707 794 781 848 prae
801 779 901 831 ceteris
917 779 989 842 ride·
1015 779 1157 847 speciosus
1175 780 1233 831 sice
1259 777 1451 847 delectabilis,
1487 779 1545 832 tale
1567 779 1649 831 etiam
1673 787 1712 832 est
1736 780 1852 845 coelum,

153 863 228 917 libus
237 864 448 917 retributionem
461 863 641 918 uoluntariae
655 864 807 918 oblationis
820 871 988 933 exspectant.
1015 865 1155 934 siquidem
1180 864 1319 917 uilissima
1342 863 1404 931 ejus
1425 880 1499 932 pars
1522 871 1580 916 tam
1597 871 1639 917 est
1656 865 1797 933 speciosa,
1822 870 1854 916 ut

154 946 333 1003 Ostendimus
350 965 415 1002 sero
435 963 487 1002 suo
505 948 574 1017 loco,
593 949 755 1020 figmentum
772 948 827 1005 hoc
839 965 901 1004 esse
916 947 989 1002 Pha·
1013 967 1085 1018 prae
1105 967 1140 1003 ea
1164 951 1286 1003 mrsndus
1312 950 1358 1003 bic
1381 950 1501 1004 caustis
1525 951 1563 1003 sit
1585 951 1675 1005 ueluti
1697 951 1852 1020 stabulum,-

153 1033 283 1087 n'saicum
300 1033 394 1087 multis
412 1033 554 1088 doctrinae
566 1033 741 1089 Christianae
755 1035 880 1088 articulis
895 1050 911 1088 e
929 1033 988 1087 dia·
1017 1040 1043 1101 3)
1067 1037 1147 1090 locsss
1172 1037 1342 1101 luminosus,
1369 1037 1477 1090 coelum
1495 1044 1586 1089 auum
1603 1053 1763 1104 empyreum
1780 1035 1854 1090 tanti

155 1129 241 1174 metro
265 1119 431 1189 oppositum.
476 1125 501 1175 2.
531 1120 573 1173 Ob
598 1123 779 1175 temerariam
809 1121 988 1174 decisionem.
1016 1130 1057 1176 est
1066 1122 1236 1191 splendoris,
1253 1123 1322 1175 utsi
1329 1137 1422 1176 omnes
1431 1124 1603 1186 firmamenti
1610 1123 1710 1176 stallae
1719 1123 1852 1177 baberent

154 1205 227 1260 Esai.
247 1211 290 1274 bt,
315 1222 340 1258 r.
360 1211 386 1261 «t.
415 1213 435 1259 1.
454 1203 515 1260 Cor.
537 1211 562 1273 2,
582 1223 608 1262 v.
629 1211 660 1261 9:
690 1207 796 1260 Oculus
824 1223 881 1260 non
906 1206 989 1273 cidit,
1016 1207 1112 1273 lucem,
1130 1207 1202 1261 nibil
1220 1215 1291 1260 esset
1310 1206 1341 1261 in
1355 1207 1564 1275 comparatione
1577 1208 1736 1261 luciditats's
1754 1209 1852 1278 istius,-

155 1291 237 1344 auris
255 1308 312 1344 non
333 1291 456 1355 audiuit,
482 1307 534 1343 nec
557 1292 661 1345 in'cor
682 1292 804 1345 bominis
830 1290 988 1354 adscendit,
1015 1295 1043 1361 4)
1064 1294 1142 1347 loom
1158 1295 1271 1362 firmus,
1289 1293 1358 1347 baec
1375 1294 1498 1356 firmitas
1517 1294 1603 1347 etiam
1625 1295 1655 1346 in
1677 1294 1754 1348 coelo
1765 1294 1852 1362 juata

154 1377 226 1445 quid
246 1378 326 1428 Deus
346 1377 570 1444 praeparaverit
590 1393 620 1430 se
652 1377 842 1444 dilipentibus.
884 1374 990 1431 Paulus
1016 1378 1081 1432 Job.
1098 1381 1151 1432 37:
1176 1379 1219 1430 Tu
1243 1379 1372 1442 forsitan
1390 1396 1452 1431 cum
1472 1395 1504 1432 eo
1521 1379 1683 1442 fabricatus
1702 1396 1731 1432 es
1749 1380 1850 1447 coelos,

156 1467 181 1517 2.
193 1461 254 1517 Cor.
273 1466 311 1529 12,
325 1467 385 1520 ut.
403 1461 432 1515 in
441 1477 493 1514 sua
509 1460 625 1537 ἁρπαγῇ
633 1462 743 1516 audivit
752 1456 857 1538 ἅῤῥητα
871 1457 989 1536 ῥήματα,
1017 1464 1068 1534 qui
1082 1463 1252 1518 solidissimi
1271 1464 1356 1532 qssasi
1372 1481 1438 1517 aere
1455 1465 1519 1527 susi
1534 1470 1615 1529 sunt,·
1634 1467 1660 1532 5)
1673 1465 1854 1534 jucunditas,

154 1564 226 1617 quae
242 1564 308 1616 ergo
327 1547 396 1602 haec
410 1553 453 1601 cst
464 1548 605 1601 temeritas
623 1557 680 1601 tam
700 1549 824 1618 praecise
844 1554 873 1602 et
893 1554 990 1602 exacte
1019 1566 1092 1617 quae
1117 1550 1148 1602 in
1168 1551 1245 1604 coelo
1266 1551 1321 1602 erit
1339 1565 1372 1602 er
1388 1549 1496 1603 urbione
1512 1551 1615 1603 summi
1629 1551 1688 1603 Dei
1692 1570 1703 1614 ,·
1728 1549 1756 1619 6)
1776 1559 1852 1605 tran·

155 1632 338 1687 determinare
356 1633 436 1698 velle,
449 1649 521 1703 quae
539 1633 721 1704 martyribus,
735 1649 809 1703 quse
823 1630 987 1704 virginibus,
1017 1634 1155 1702 qrsillitas,
1172 1651 1244 1703 quae
1263 1637 1318 1688 erit
1333 1652 1366 1688 sa
1384 1637 1560 1703 possessione
1579 1636 1646 1702 Dei,
1659 1637 1748 1704 juata
1769 1636 1852 1690 Esai.

155 1734 227 1789 quae
236 1717 395 1773 doctoribus
403 1719 593 1788 exspectanda
601 1718 864 1782 sitaureolaiQuae
873 1736 923 1789 pro
933 1724 987 1771 sta·
1015 1723 1068 1772 321
1091 1719 1205 1775 Sedebit
1226 1721 1351 1792 populus
1373 1737 1451 1774 meres
1474 1722 1505 1773 in
1520 1721 1733 1789 pulchritudine
1749 1723 1853 1792 pacis,-

155 1802 277 1857 bilienda
291 1808 442 1873 martyrum
455 1804 567 1859 aureola
578 1804 790 1875 orApoealypsi
802 1804 988 1874 proferuntur,
1017 1808 1042 1870 1)
1065 1807 1192 1871 satietas,
1220 1808 1289 1876 quia
1315 1815 1380 1859 ante
1402 1807 1561 1875 prandium
1588 1825 1645 1861 non
1672 1810 1706 1871 fit
1732 1808 1853 1877 clorea5

155 1904 250 1943 omnes
269 1904 334 1942 rere
357 1889 418 1959 pios
440 1895 623 1954 concernunt,
646 1889 713 1960 quia
729 1890 857 1943 omnibus
878 1889 989 1943 omnino
1016 1893 1043 1959 8)
1060 1892 1196 1958 cariem
1219 1901 1340 1961 utraque
1359 1892 1414 1945 erit
1433 1893 1463 1944 in
1481 1894 1572 1956 coelo,
1599 1894 1708 1950 Psalm.
1724 1896 1779 1946 tt:
1805 1893 1854 1947 Ia·

155 1986 252 2030 contra
267 1975 408 2030 diabolum
427 1984 456 2032 et
473 1977 560 2046 ipsius
571 1993 701 2048 squamas
718 1985 747 2031 et
759 1993 874 2048 organa,
893 1983 989 2031 conus
1017 1977 1197 2031 ebriebantur
1219 1979 1255 2030 ab
1271 1978 1396 2031 ubertate
1412 1980 1511 2031 domsss
1528 1986 1595 2033 tuae
1614 1987 1663 2033 etc.
1684 1979 1711 2046 9)
1723 1981 1854 2049 corporis

155 2069 315 2131 peccatum,
340 2077 450 2117 carnem
476 2071 504 2118 et
523 2063 658 2117 mundum
677 2068 719 2118 est
739 2069 873 2133 perpetuo
890 2063 919 2115 iu
938 2061 990 2115 hac
1015 2064 1190 2131 formositas,
1211 2062 1303 2131 turpis
1315 2063 1395 2130 :enim
1408 2063 1537 2133 quisquis
1549 2071 1598 2128 est,
1617 2066 1771 2118 dedecorat
1788 2065 1853 2118 cbo·

156 2147 214 2201 rita
234 2148 425 2220 pugnandum.
468 2148 536 2202 Sine
559 2151 643 2212 ferro
662 2156 800 2216 martyres
818 2164 876 2201 esse
890 2164 991 2216 possu-
1016 2164 1103 2213 ream‚
1123 2149 1196 2202 sicut
1214 2165 1310 2202 musca
1325 2149 1501 2218 pulmentum
1520 2150 1699 2220 arenarium,
1723 2151 1753 2203 in
1774 2151 1852 2205 coelo

155 2251 224 2303 mnu,
251 2234 279 2287 si
295 2235 468 2302 patientiam
484 2234 610 2299 fideliter
626 2233 867 2299 csutodioerimus,
894 2232 991 2287 dieunt
1017 2241 1110 2288 autsm
1129 2241 1210 2287 amnt
1228 2235 1302 2288 beati
1317 2234 1390 2288 sicud
1409 2234 1505 2301 anqeli
1523 2234 1582 2287 Dei
1601 2234 1705 2288 Maur.
1723 2238 1770 2290 22.
1810 2238 1853 2303 10)

156 2319 195 2389 pii
214 2328 336 2388 reteres,
362 2319 436 2374 unde
459 2320 560 2391 triplex
578 2320 723 2390 spirituale
743 2319 907 2389 martyrium
926 2334 990 2374 con·
1016 2320 1187 2388 aiqorositas
1198 2321 1335 2389 corporis,
1348 2336 1421 2388 quae
1433 2320 1528 2374 aderit
1542 2325 1566 2373 1.
1580 2318 1643 2375 Cor.
1657 2322 1854 2390 Ibsllesurqit

155 2406 288 2468 stituunt,
324 2407 504 2459 tolerantiam
536 2408 736 2474 aduersorum,
771 2405 991 2474 compassionem
1016 2407 1047 2458 in
1066 2406 1293 2475 incorruptione‚·
1321 2408 1364 2472 11)
1382 2407 1510 2478 corporis
1526 2406 1643 2475 leuitas,
1663 2424 1735 2475 quae
1754 2408 1854 2461 itidem

156 2491 333 2559 afflictorum
351 2488 990 2561 etdilects'oneminirnicorum,juxtaG1-ego·
1017 2490 1112 2544 aderit
1136 2492 1217 2544 Rom.
1237 2496 1268 2544 8.·
1296 2490 1435 2547 Oreatura
1459 2491 1625 2546 liberaliter
1643 2493 1674 2544 in
1697 2492 1855 2547 libertatem

155 2575 240 2645 rium3
261 2575 305 2630 sol
318 2576 488 2645 parcitatem
506 2576 537 2630 in
549 2578 685 2644 ubertate,
701 2575 862 2645 larqitatem
878 2576 909 2629 in
915 2592 990 2644 pau·
1016 2576 1129 2644 pierias
1139 2576 1269 2645 filiorum
1285 2575 1344 2629 Dei
1348 2595 1360 2643 ,·
1400 2579 1445 2641 12)
1465 2577 1595 2644 eorporis
1613 2584 1744 2640 manu,
1771 2594 1853 2645 quem

152 2669 265 2730 perlate
280 2669 307 2714 et
318 2662 475 2717 castitatem
488 2662 520 2715 in
532 2662 682 2729 iuuentute,
696 2661 778 2730 juxta
790 2660 990 2716 Bernhardum.
1016 2663 1154 2717 habebunt
1165 2662 1266 2729 sandi,
1277 2661 1354 2716 Plril.
1364 2663 1400 2714 3.-
1411 2661 1605 2730 tbnfiqurabit
1615 2678 1718 2730 corpus
1726 2671 1854 2717 nostrum

159 2746 304 2817 virginum
328 2747 441 2801 aureola
463 2763 501 2801 an
527 2765 560 2802 ex
579 2746 663 2801 Esaia
687 2752 715 2800 et
733 2747 905 2817 Apocalypsi
928 2762 990 2817 pro·
1017 2749 1121 2802 tunde
1136 2748 1252 2816 corpori
1267 2765 1319 2800 suo
1335 2748 1467 2814 qlorioso.
1489 2747 1533 2803 Ne
1549 2747 1612 2817 quis
1626 2762 1691 2801 rere
1704 2747 1852 2816 existimet,

156 2831 216 2886 bari
240 2832 340 2903 possit,
370 2851 403 2888 es
427 2834 550 2904 genuina
575 2822 712 2888 dictorum
736 2834 920 2888 adductorum
945 2849 991 2887 ex·
1017 2834 1104 2890 aniles
1127 2833 1190 2887 illas
1213 2831 1323 2886 fabulas
1350 2831 1386 2887 ab
1411 2831 1507 2887 otiosis
1524 2831 1665 2887 monacbis
1685 2832 1818 2888 confictu
1835 2848 1855 2888 a

155 2918 307 2986 plicatione
330 2917 453 2988 patebit,
483 2935 567 2990 quam
593 2919 659 2974 ride
685 2919 716 2974 in
738 2926 818 2975 tract.
839 2919 873 2973 de
893 2935 991 2990 evang.
1017 2918 1217 2973 ruendoribus
1234 2915 1390 2972 Ponufieiis
1402 2918 1552 2987 repudiari,
1573 2918 1635 2973 ideo
1652 2918 1785 2988 jubemus
1804 2935 1854 2974 ex·

156 3005 181 3071 i.
194 3009 237 3059 ut.
256 3010 285 3057 et
303 3009 360 3060 101.
394 3002 557 3074 Repetimus
586 3005 613 3061 h.
636 3006 652 3059 l.
671 3004 743 3059 illud
766 3005 917 3077 Augustini
942 3021 990 3060 au·
1018 3005 1194 3075 pendereca,
1213 3019 1285 3074 qnae
1300 3003 1399 3058 scribit
1415 3003 1642 3058 Barrudiuslibr.
1655 3003 1854 3071 lacrumis

155 3087 334 3144 reolumlibr.
344 3089 380 3144 de
388 3106 410 3143 s.
417 3089 487 3160 virg.
498 3107 559 3160 cap.
571 3095 615 3146 18:
632 3091 740 3144 Melior
750 3099 789 3144 sst
798 3091 827 3143 in
839 3092 991 3159 Scriptura
1018 3107 1096 3145 conc.
1109 3106 1208 3161 evang.
1225 3106 1287 3160 cap.
1302 3094 1325 3144 3.
1342 3090 1499 3159 Numquid,
1519 3089 1619 3159 inquit,
1639 3089 1711 3143 nrlsil
1729 3090 1759 3141 in
1775 3090 1855 3144 eoem
1885 3124 1889 3132 ·

157 3176 216 3227 Dei
238 3176 344 3229 veritae
368 3192 452 3243 msam
476 3177 506 3227 in
526 3177 691 3244 cujusquam
717 3184 805 3231 mente
829 3184 880 3229 aut
906 3192 992 3230 carru
1017 3185 1132 3246 praeter
1156 3177 1230 3230 coeli
1251 3177 1412 3230 immensam
1433 3174 1515 3227 iliam
1533 3175 1712 3229 latitudinem
1730 3175 1854 3245 lonps'tu·

155 3263 314 3328 oirqinitas.
358 3262 401 3316 Ex
426 3263 496 3315 Dan.
522 3267 562 3328 12,
586 3280 611 3318 r.
633 3269 657 3320 t.
681 3271 756 3319 reete
773 3263 923 3334 probatur,
942 3263 992 3317 do-
1020 3264 1168 3331 dinemque
1179 3261 1350 3330 apparebit!
1369 3261 1518 3328 Numquid
1532 3261 1608 3314 beati
1624 3261 1654 3312 in
1672 3260 1761 3329 eaelo,
1779 3260 1855 3314 uelut

156 3348 285 3403 cenubus
323 3349 464 3419 peculiare
493 3348 607 3420 aliquod
640 3350 793 3419 praemium
832 3356 993 3420 exspectan·
1020 3350 1050 3402 in
1072 3364 1145 3418 apro
1167 3364 1247 3413 coes,
1272 3355 1354 3401 eruru
1375 3347 1461 3400 amul
1483 3349 1514 3399 in
1538 3348 1635 3401 eodem
1659 3347 1722 3400 loco
1740 3352 1856 3400 omnes!
1965 3355 1971 3365 “

158 3435 232 3501 dum,
259 3435 309 3490 sed
322 3434 405 3506 quale
419 3435 488 3489 illud
502 3435 547 3501 sit,
564 3436 592 3488 in
612 3434 666 3489 hac
684 3436 742 3490 rita
761 3435 868 3491 definiri
897 3443 994 3491 exacte
1019 3435 1166 3504 Numquid
1183 3435 1310 3487 immensi
1324 3433 1397 3487 coeli
1413 3433 1539 3501 enpprei
1551 3433 1615 3486 1111
1627 3451 1710 3503 quam
1725 3433 1854 3502 plurima

158 3520 269 3591 nequit,
296 3536 331 3575 ne
357 3520 501 3576 videamur
527 3521 717 3591 separaretis
739 3522 811 3591 iniq
838 3519 991 3598 dyiyqan·
1018 3538 1109 3576 ramea
1127 3528 1209 3573 aunt
1229 3526 1256 3572 et
1270 3520 1404 3573 cussus
1430 3519 1497 3573 Non
1512 3519 1624 3572 ridetur
1642 3519 1694 3572 loc
1711 3521 1854 3574 (11111111.

157 3627 218 3676 ras,
241 3606 320 3660 ultra
345 3608 379 3660 id
403 3609 482 3675 quod
498 3607 635 3675 scriptum
652 3616 693 3660 est
709 3612 731 3663 1.
745 3606 865 3662 Corintb
879 3614 903 3670 4,
922 3625 946 3666 r,
966 3614 989 3663 b.
1022 3607 1199 3665 Orediderim
1225 3622 1305 3675 erqo,
1338 3604 1436 3673 ampla
1469 3604 1709 3673 admirabiliaque
1737 3622 1797 3659 esse
1822 3607 1854 3659 in

157 3689 346 3760 Hieronymus
367 3692 396 3744 in
416 3706 513 3746 comm
530 3689 612 3750 Psor.
634 3695 675 3748 12.
696 3690 853 3762 simplicem
873 3694 993 3746 11111111
1018 3693 1083 3762 ipso
1108 3691 1186 3746 coelo
1207 3690 1320 3760 palatia
1343 3691 1495 3759 amplaque
1519 3690 1581 3743 alia
1601 3691 1738 3751 aedificia
1759 3707 1792 3744 ea
1811 3691 1853 3745 in·

159 3778 232 3830 bona
266 3785 426 3846 operantem
458 3776 543 3830 111111
571 3777 705 3846 praesen
735 3779 775 3846 si,
816 3779 866 3848 qui
896 3780 993 3833 clarus
1019 3777 1201 3846 corruptibili
1217 3776 1337 3829 materia
1357 3776 1482 3845 ipsisque
1501 3778 1668 3845 marparitis
1683 3777 1854 3845 pretiosiore

158 3862 315 3916 eruditione
328 3861 553 3931 scripturaram,
569 3862 613 3916 ael
633 3862 718 3915 etiam
735 3864 861 3919 mauu
878 3866 993 3926 fundus
1018 3863 1174 3928 fabricata.
1226 3862 1313 3915 Forte
1338 3862 1422 3914 etiam
1444 3869 1536 3932 prata
1564 3863 1778 3931 amoenissima,
1807 3878 1858 3915 ne·

159 3948 257 4017 officio
293 3964 370 4016 pane
407 3949 516 4016 indiqet
553 3947 719 4001 ddeodonu.
779 3946 992 4020 chrysostomus
1020 3966 1102 4003 mora
1123 3947 1285 4015 similiaque
1308 3946 1385 4010 alia,
1412 3962 1484 4014 quae
1508 3947 1652 4001 beatorum
1675 3948 1764 4002 ocsslis
1788 3949 1855 4017 ipsa

159 4033 254 4093 homil.
282 4039 307 4088 5.
338 4033 367 4087 iu
392 4039 415 4090 2.
434 4032 563 4088 Thessal.
588 4037 612 4090 3.
643 4032 690 4103 pie
715 4032 824 4088 scribit:
872 4036 994 4106 Qrsssque
1020 4036 1158 4089 scrutate
1181 4034 1302 4102 offerant
1330 4031 1538 4086 oblectationem
1564 4039 1589 4084 et
1611 4033 1751 4086 ciuitatem
1773 4032 1854 4086 illam

157 4127 292 4184 oestrum,
306 4119 335 4172 si
350 4120 437 4182 colet,
455 4121 557 4173 doctor
576 4127 631 4187 ast,
648 4120 677 4172 si
691 4136 748 4172 nan
765 4119 884 4173 alterius
901 4129 993 4176 tarum
1020 4120 1165 4173 coelestem
1188 4124 1327 4172 coement.
1369 4116 1519 4169 Habebunt
1537 4117 1613 4170 beati
1628 4118 1801 4183 mansiones,
1824 4125 1859 4171 ut

157 4205 319 4274 suiipsius.
1020 4223 1054 4259 eor
1077 4204 1237 4272 euanysls'co
1260 4210 1384 4270 constat,
1409 4219 1461 4256 cur
1488 4221 1544 4257 non
1562 4203 1680 4272 palatia
1706 4202 1768 4256 alia
1785 4204 1858 4258 aliis

197 4296 253 4347 162.
292 4295 316 4346 3.
344 4289 387 4345 De
411 4288 576 4345 meiesdbus
605 4289 748 4344 beatorum
770 4289 889 4361 gaudiis,
918 4306 992 4347 exer·
1019 4292 1179 4362 superiora,
1199 4289 1300 4358 quibus
1319 4288 1603 4352 nonroncludantur‚
1620 4290 1672 4342 sed
1688 4290 1856 4343 deruentur

158 4377 232 4431 citiis
258 4381 286 4432 et
310 4375 477 4430 habitaculis
506 4384 639 4439 temnas,
668 4375 794 4437 urnales
819 4381 848 4431 et
873 4378 993 4447 pueriles
1019 4385 1046 4432 et
1063 4377 1118 4431 alii
1143 4377 1180 4430 ab
1197 4373 1267 4428 aliis
1285 4382 1453 4443 separentur
1475 4391 1530 4443 pro
1548 4375 1686 4444 diqnitate
1702 4391 1738 4427 ac
1755 4375 1858 4429 distin·

158 4463 341 4532 cogitationes
367 4461 471 4515 forent.
513 4461 689 4518 0111111111
716 4468 789 4531 part.
818 4467 843 4517 3.
875 4463 993 4532 praefat.
1018 4464 1163 4532 petantur!
1207 4460 1304 4528 Huius
1337 4460 1480 4531 opinionis
1513 4461 1572 4523 fuit
1600 4459 1667 4513 alim
1694 4459 1858 4529 primarius

158 4550 240 4602 catal.
264 4549 332 4619 glor.
358 4548 454 4602 mund.
479 4546 644 4602 considerat.
666 4552 694 4602 1:
716 4545 871 4602 Duodecim
892 4549 995 4618 princi·
1020 4551 1119 4604 doctor
1146 4547 1312 4601 academiae
1340 4545 1496 4599 tibarensis
1524 4547 1731 4600 Fordinandus
1760 4547 1857 4602 Pares.

158 4635 237 4702 pales
262 4635 342 4689 sedes
359 4632 470 4688 suntin
488 4633 633 4703 paradiso,
652 4631 784 4687 videlicet
801 4633 881 4688 sedes
905 4634 993 4705 ipsius
1020 4636 1108 4689 Feret
1122 4633 1172 4689 illi
1189 4633 1299 4701 Scotur,
1318 4634 1368 4702 qui
1387 4634 1417 4685 in
1429 4635 1452 4688 t.
1471 4640 1584 4688 1111111.
1595 4633 1719 4688 disdact.
1731 4635 1773 4688 tt.
1793 4649 1819 4701 q.
1830 4635 1857 4687 l·

157 4719 303 4773 Trinitatis
327 4727 355 4774 et
375 4718 509 4788 Deitatis,
529 4719 610 4773 sedes
629 4717 693 4773 Filii
716 4727 845 4788 respectu
868 4719 993 4776 hnmani·
1020 4721 1101 4777 artie.
1122 4721 1144 4771 1.
1156 4719 1292 4787 concedit,
1305 4719 1402 4772 beatos
1413 4736 1432 4771 a
1448 4718 1538 4771 beatis
1552 4718 1667 4772 visitari
1683 4726 1709 4772 et
1716 4734 1773 4787 per
1784 4718 1858 4772 alim

158 4805 232 4869 tatis,
257 4804 338 4859 sedes
356 4806 382 4857 b.
401 4803 506 4859 blasina
524 4804 640 4876 virginis
658 4811 686 4861 et
705 4820 803 4859 norem
821 4805 894 4861 aliae
913 4807 992 4862 sedes
1019 4823 1082 4858 rum
1093 4805 1253 4858 mensures
1265 4802 1427 4857 discurrere
1440 4810 1489 4856 ete.
1519 4803 1610 4857 Feret
1626 4803 1691 4858 item
1702 4804 1856 4871 Caietasns

157 4906 258 4945 novem
286 4890 423 4945 ordinum.
458 4888 502 4943 Ex
527 4889 719 4946 Bernhardino
744 4898 809 4948 tom.
833 4895 856 4947 8.
878 4908 992 4962 operum
1015 4898 1095 4960 part.
1104 4894 1132 4944 3.
1151 4907 1178 4960 q.
1188 4892 1231 4944 et.
1250 4889 1331 4944 artic.
1342 4893 1368 4948 5.
1385 4888 1436 4942 ubi
1451 4888 1493 4942 sic
1509 4888 1569 4942 ait:
1586 4888 1697 4943 Dioina
1714 4888 1858 4957 sapientia

158 4974 265 5030 Brentii
291 4993 357 5047 pag.
375 4981 435 5033 890.
461 4976 497 5030 de
512 4973 651 5031 1111111111
675 4981 704 5030 ct
721 4974 830 5031 choreis
849 4974 993 5032 beatorum
1019 4977 1161 5046 deponis
1179 4974 1254 5028 cosli
1279 4975 1403 5044 empyrei
1421 4991 1507 5028 unam
1524 4981 1637 5043 partem
1654 4974 1741 5043 quasi
1752 4972 1861 5028 solium

157 5063 187 5116 in
198 5062 277 5117 coelo
288 5061 354 5118 talis
364 5061 481 5117 affertur
493 5059 648 5117 discursus:
669 5061 746 5125 Quid
753 5062 864 5128 sacient
875 5063 953 5118 beati
962 5066 993 5119 in
1020 5070 1047 5116 et
1071 5061 1199 5130 reliquas
1224 5059 1256 5114 in
1279 5061 1380 5115 ordine
1403 5063 1445 5115 ad
1467 5061 1550 5115 sliam
1573 5061 1734 5130 asperiores
1750 5058 1796 5114 ael
1812 5058 1856 5112 in·

159 5150 238 5202 caclo
250 5147 402 5221 empyreo?
419 5147 504 5218 menis
518 5147 681 5203 mausus
698 5147 857 5202 tutemus
878 5158 994 5205 matre
1019 5148 1151 5211 seriores.
1185 5147 1226 5200 Et
1236 5147 1277 5200 sic
1296 5145 1422 5202 Christus
1438 5149 1590 5201 meandum
1607 5163 1710 5216 carpus
1726 5145 1757 5200 in
1769 5152 1856 5218 parte

158 5236 199 5288 ibi
221 5235 339 5290 elsoreae
357 5241 384 5288 et
400 5233 591 5288 saltationes!
609 5232 686 5288 ulisse
705 5233 819 5302 quidem
835 5239 993 5305 respondet,
1019 5234 1076 5289 ilia
1092 5233 1161 5288 solii
1176 5241 1254 5286 stam
1276 5235 1318 5287 ita
1335 5245 1468 5305 supremo
1489 5241 1573 5302 parte
1591 5247 1775 5301 supremoque
1792 5231 1861 5286 loca

159 5324 237 5390 quod
253 5323 285 5375 in
301 5321 396 5390 qloria
413 5338 471 5374 non
490 5327 572 5376 erum
589 5319 660 5373 tales
678 5319 910 5387 perticulationes.
938 5321 994 5380 Sed
1020 5320 1145 5375 residere
1159 5318 1274 5385 dicitur,
1291 5326 1316 5374 et
1334 5319 1463 5390 reliquae
1476 5326 1622 5373 aarum
1641 5319 1738 5372 beatae
1750 5317 1816 5372 bino
1829 5324 1860 5372 et

159 5407 367 5463 Bernhardinus
387 5405 527 5462 dirarum
544 5404 642 5474 111111,
663 5421 721 5460 non
736 5414 865 5461 moomrst
884 5414 926 5476 te,
952 5406 995 5462 in·
1022 5408 1090 5463 inde
1116 5404 1271 5473 inferiora
1298 5411 1398 5474 partes
1427 5411 1527 5458 tenent.
1567 5402 1604 5459 bit
1631 5409 1742 5474 posteat
1773 5403 1861 5457 Intra
