4050 6014
726 259 778 315 Du
798 259 894 316 VITA
911 259 1103 317 murra
1734 268 1795 326 ³7⁷

93 417 161 479 ω,
182 418 208 469 9.
228 427 296 485 ergo
316 429 368 468 nec
385 428 532 483 corporum
552 413 768 485 glorificatorum
787 411 854 477 δόξα
878 421 933 468 ter·
962 418 988 480 t)
1009 415 1057 467 Ec
1076 414 1254 485 proprietate
1277 415 1407 482 corporis
1431 413 1544 468 Christi.
1585 413 1712 469 Christus
1735 419 1799 485 post

93 498 170 553 renis
196 503 225 553 et
244 497 409 554 mortalibus
434 500 520 553 oculis
546 507 589 555 ert
606 500 697 555 obvia
732 499 777 556 Ns
794 499 935 555 radiorum
961 500 1188 555 resurrectionem
1219 500 1363 569 discipulis
1397 501 1455 555 suis
1482 517 1542 556 sess
1568 500 1741 571 palpandum
1769 507 1798 555 et

95 583 212 655 quidem
246 585 380 639 solarium
407 584 563 640 claritatem
589 586 661 640 oculi
684 586 772 641 nostri
799 587 936 640 sustinere
963 586 1189 641 contraeundum
1213 585 1342 656 praebuit
1366 602 1421 641 non
1439 604 1471 642 ex
1489 593 1605 642 naturae
1623 586 1797 653 necessitate,

96 676 224 740 possunt,
238 670 453 742 quomodoergo
465 671 683 742 glorificatorum
696 689 843 743 corporum
851 670 937 742 jubar
962 674 1010 727 sed
1030 688 1063 726 ex
1080 671 1168 727 libera
1184 673 1341 741 voluntate,
1368 689 1423 727 non
1450 690 1483 728 ex
1512 673 1653 727 essentiali
1678 673 1798 742 quadam

96 757 248 812 admittere
267 757 400 826 possent?
435 757 505 812 Cum
518 757 565 812 lux
578 758 704 813 nodosus
716 759 746 812 in
762 758 936 829 apparitione
962 757 1086 828 corporis
1102 757 1249 829 glorificati
1263 758 1451 829 dispositione,
1469 759 1519 815 sed
1538 776 1570 814 ex
1584 759 1678 812 divina
1689 758 1798 827 dispen-

96 841 202 898 Olrristi
219 840 336 898 Saulum
359 842 598 914 circumfulgeret,
626 845 753 914 protinus
778 844 808 898 in
833 850 935 898 terram
962 842 1083 907 satione,
1111 845 1144 898 ab
1169 840 1250 915 νόμῳ
1275 841 1392 918 φύσεος,
1419 843 1478 899 ἀλλ’
1510 851 1674 919 οἰκονομίας
1701 840 1800 919 τρόπῳ

96 927 221 983 cadebat
237 928 332 984 Actor.
351 934 375 997 9,
393 947 419 983 r.
440 935 464 986 4.
484 947 547 985 cum
565 931 682 1000 angelus
698 948 714 987 e
732 930 809 985 coelo
821 930 934 984 descen·
962 927 1154 983 Damascenus
1172 929 1219 984 lib.
1239 936 1263 986 4.
1284 930 1355 986 arth.
1375 929 1422 985 fid.
1441 946 1502 1000 esp.
1524 936 1546 987 1.
1565 930 1602 984 sd
1617 928 1799 1000 comproban-

96 1014 184 1078 dens,
207 1015 289 1084 cujus
309 1012 459 1085 adspectus
478 1023 539 1070 erat
560 1016 632 1071 sicut
649 1016 760 1087 fulgur,
775 1014 935 1085 lapidems
962 1013 1026 1067 dam
1053 1014 1160 1069 scilicet
1188 1015 1396 1071 resurrectionis
1425 1017 1584 1084 veritatem,
1616 1015 1688 1070 sicut
1713 1015 1799 1070 etiam
1876 1022 1878 1026 ’

97 1100 227 1168 sepulcro
254 1100 423 1166 revolveret,
453 1102 583 1157 custodes
610 1103 708 1157 timore
726 1101 849 1157 exterriti
866 1100 935 1155 facti
963 1099 1058 1154 eodem
1076 1097 1132 1154 fine
1151 1116 1214 1154 cum
1234 1100 1379 1171 discipulis
1396 1102 1579 1156 manducarit
1596 1120 1631 1156 oc
1648 1102 1716 1154 bibit
1733 1099 1799 1156 Act.

97 1190 164 1239 sunt
177 1185 256 1240 velut
270 1186 372 1240 mortui
385 1186 483 1242 Mattb.
497 1191 579 1255 28,r.
592 1195 616 1243 4.
652 1190 679 1253 8)
697 1188 725 1241 A
732 1187 936 1255 penetratione.
966 1190 1005 1252 to,
1020 1203 1044 1240 r.
1064 1190 1104 1241 41.
1128 1203 1183 1241 non
1201 1204 1234 1241 ex
1254 1194 1370 1242 naturae
1389 1189 1568 1256 necessitate,
1587 1188 1636 1242 sed
1658 1205 1692 1242 ex
1711 1185 1801 1242 libera

97 1268 223 1340 Corpora
241 1269 397 1342 glorificata
416 1280 561 1341 peneuare
579 1280 697 1343 possunt
711 1273 825 1344 quaeris
845 1272 935 1338 obvia,
963 1276 1112 1343 οἰκονομίᾳ
1130 1288 1181 1341 per
1198 1272 1339 1342 quandam
1351 1269 1799 1345 avyeardpaaw'l'heopbylactus

96 1361 131 1410 ut
152 1356 281 1426 superius
306 1357 484 1413 ostendimus.
519 1358 608 1428 Atqui
632 1359 682 1413 illa
700 1358 856 1429 penetratio
880 1375 936 1412 non
963 1355 992 1408 iu
1011 1372 1034 1411 ο.
1053 1362 1095 1412 24.
1105 1357 1173 1411 Luc.
1195 1357 1275 1412 Beda
1291 1359 1321 1411 in
1333 1374 1357 1411 ο.
1370 1363 1410 1414 20.
1428 1358 1492 1413 Joh.
1511 1375 1545 1413 ac
1564 1360 1711 1413 vulnerum
1727 1359 1800 1413 cica-

97 1440 131 1496 fir
145 1438 253 1514 ὁρατῶς
266 1446 312 1496 καὶ
327 1445 477 1509 αἰσθητῶς,
496 1443 545 1497 sed
559 1440 741 1519 &epicuraei
755 1439 936 1512 ἀναισθήτως.
963 1440 1047 1496 trices
1071 1442 1100 1497 in
1125 1441 1279 1513 glorificato
1301 1460 1351 1497 suo
1376 1460 1491 1514 corpore
1520 1443 1574 1498 illis
1598 1444 1732 1511 ostendit,
1757 1443 1799 1496 in·

98 1528 176 1597 Ergo
200 1527 284 1582 etiam
308 1544 425 1598 corpora
453 1528 609 1599 glorificate
627 1537 692 1584 sunt
710 1530 868 1584 invisibilia.
907 1528 937 1584 Si
964 1526 1043 1580 terim
1061 1531 1153 1598 potuit
1171 1545 1237 1583 vero
1255 1546 1305 1584 suo
1322 1545 1438 1600 corpore
1457 1547 1588 1600 praesens
1609 1531 1713 1596 edema,
1733 1531 1801 1584 licet

98 1615 149 1667 air
162 1611 199 1666 ob
214 1611 400 1668 subtilitatem
415 1631 447 1669 ac
462 1616 626 1669 tenuitatem
639 1623 819 1685 conspectum
828 1614 937 1684 effugit,
964 1628 1016 1666 uec
1027 1612 1176 1681 rideretur,
1189 1630 1241 1668 nec
1252 1615 1422 1684 palparetur,
1440 1622 1472 1669 ut
1485 1622 1602 1685 apparet
1615 1632 1649 1670 ex
1662 1631 1703 1684 eo,
1723 1614 1799 1686 quod

99 1703 207 1768 quanto
231 1698 323 1753 miuus
348 1717 449 1771 corpus
474 1701 633 1770 spirituale,
657 1701 732 1773 quod
753 1702 879 1756 clausum
898 1700 937 1754 la·
966 1698 1109 1769 discipulis
1132 1699 1162 1753 in
1189 1700 1320 1754 Emmaus
1343 1700 1469 1754 assidens
1488 1700 1580 1756 subito
1606 1703 1643 1755 sit
1664 1697 1799 1773 ἄφαντος.

98 1784 167 1854 pide
194 1786 352 1854 sepulcrum
385 1787 554 1856 penetrarit,
588 1803 644 1857 qua
667 1787 726 1841 sliri
749 1788 841 1842 nullus
860 1792 938 1856 patet
965 1788 992 1847 4)
1010 1788 1055 1838 Eu
1077 1786 1239 1841 ersbtilitate.
1279 1785 1358 1841 Sicut
1374 1789 1466 1841 sitem
1488 1788 1525 1842 ob
1542 1787 1726 1842 subtilitatem
1741 1785 1801 1857 pal·

99 1869 250 1938 transitus,
281 1871 369 1926 oeulis
401 1872 500 1926 nostris
532 1873 754 1929 caecutientibus
780 1872 938 1928 necessario
965 1885 1032 1940 pare
1056 1887 1111 1924 non
1134 1874 1294 1941 possumus,
1318 1871 1358 1926 ita
1378 1889 1489 1943 quoque
1508 1889 1626 1943 corpora
1644 1872 1802 1943 glorificata

100 1955 503 2029 apparebittsugusonnssd
517 1959 659 2014 Orosium:
674 1960 939 2023 clarificatacarne
965 1961 1062 2025 utpote
1090 1957 1209 2011 maxime
1235 1957 1351 2012 subtilis
1374 1963 1547 2015 contrectare
1573 1959 1686 2013 minime
1710 1958 1801 2013 datur.

100 2042 245 2095 Doctrinae
264 2046 428 2107 recurrerit,
452 2046 503 2098 sed
522 2045 612 2099 nolrrit
632 2048 662 2098 in
681 2063 715 2100 ea
734 2046 940 2110 clarificatione
966 2045 996 2108 5)
1018 2044 1065 2096 Ee
1092 2044 1296 2098 invisibilitate.
1344 2044 1423 2100 Sicut
1451 2062 1508 2099 nou
1534 2052 1578 2099 est
1604 2045 1802 2113 necessarlum,

101 2127 253 2197 discipulis
275 2145 435 2197 apparere,
461 2146 495 2184 eo
521 2134 598 2200 puod
625 2150 681 2185 non
704 2140 822 2200 possent
851 2131 940 2184 oeulis
965 2128 1149 2199 glorificatum
1170 2145 1271 2199 corpus
1292 2135 1358 2184 actu
1374 2131 1498 2186 seeundo
1516 2147 1626 2201 semper
1645 2131 1743 2198 rideri,
1762 2129 1803 2183 ita

101 2214 164 2267 sure
177 2213 510 2277 mlmclarificationem
523 2217 679 2285 adspicere.
699 2216 761 2272 libr.
775 2220 815 2272 22.
835 2217 871 2270 de
888 2217 940 2271 cir.
968 2229 1078 2284 quoque
1101 2215 1288 2269 neceesarium
1308 2233 1365 2270 non
1389 2223 1431 2271 est
1454 2217 1527 2271 idem
1553 2233 1661 2287 semper
1684 2215 1802 2287 palpari,

102 2296 159 2353 Dei
175 2314 238 2368 cap.
261 2304 305 2355 lor
326 2298 454 2356 Claritas
478 2303 509 2355 in
536 2303 644 2357 Christi
659 2320 793 2373 corpore,
818 2320 880 2357 cum
897 2320 941 2357 re·
967 2317 1030 2354 cum
1042 2301 1118 2354 visus
1130 2307 1216 2372 atque
1233 2306 1324 2355 tactus
1337 2301 1390 2356 hae
1401 2303 1430 2356 in
1443 2319 1474 2358 re
1486 2303 1522 2357 sit
1542 2303 1681 2375 parratio
1716 2308 1742 2367 6)
1756 2301 1804 2354 Ee

102 2387 241 2454 surrenit,
264 2387 299 2440 ab
322 2389 413 2443 oculis
431 2389 637 2459 discipulorum
657 2392 756 2462 potius
774 2391 942 2444 mecondita
963 2389 1139 2454 penetrandi
1157 2388 1260 2441 uirtute
1282 2395 1309 2440 et
1331 2389 1471 2456 apilitats.
1507 2387 1631 2459 Corpora
1648 2387 1806 2459 glorificata

101 2471 195 2536 fuisse
214 2490 298 2542 quam
312 2476 440 2540 defuisse
458 2477 602 2529 credendo
620 2485 668 2532 est.
704 2477 770 2530 Non
788 2477 861 2530 enias
880 2493 942 2531 eam
968 2488 1018 2542 per
1042 2472 1136 2527 dotem
1155 2472 1290 2543 agilitatis
1315 2473 1344 2526 iu
1362 2479 1501 2528 momento
1521 2489 1582 2528 esse
1598 2481 1723 2545 possunt,
1742 2472 1805 2527 ubi·

102 2557 195 2619 ferret
219 2559 358 2613 ίυυυυαυε
383 2567 466 2630 atque
487 2563 614 2627 infirmus
633 2565 802 2633 adspectus,
827 2565 941 2632 pando
968 2573 1079 2626 cunque
1101 2559 1195 2626 velint,
1219 2565 1247 2612 et
1271 2557 1354 2612 obria
1377 2559 1491 2628 quaevis
1511 2575 1629 2628 corpora
1648 2564 1804 2629 penetrent

103 2643 156 2696 ille
180 2661 200 2696 a
221 2646 282 2698 suis
307 2646 350 2698 ito
372 2647 482 2700 deberet
506 2649 627 2712 numdi,
651 2657 681 2702 ut
701 2658 799 2718 posset
819 2650 941 2719 opnoeci.
968 2642 1043 2713 Ergo
1055 2644 1240 2698 necessarium
1259 2660 1317 2698 ¹²⁰ss
1336 2650 1386 2710 θθῒ,
1404 2650 1436 2698 ut
1455 2645 1484 2698 5¹¹
1501 2645 1602 2714 timii).
1622 2646 1697 2717 quod
1715 2654 1804 2700 imi·

103 2727 236 2799 Iryrsnus
253 2731 283 2784 iu
301 2748 361 2802 cap.
373 2738 397 2788 7.
417 2732 494 2789 Act:
513 2736 541 2788 A
553 2751 671 2803 corpore
694 2735 801 2789 Christi
815 2737 846 2789 in
863 2736 942 2790 coelo
968 2737 1036 2784 eunt
1055 2730 1226 2799 intermedio,
1253 2746 1362 2800 semper
1379 2739 1444 2785 actu
1464 2731 1585 2786 secundo
1605 2736 1758 2803 tangantur
1775 2736 1806 2785 et

104 2816 265 2870 reddentes
288 2818 347 2881 fuit
372 2819 535 2874 mmutatus
562 2821 659 2874 oculus
679 2821 817 2890 Stephani
839 2824 882 2876 ad
902 2823 941 2875 ri·
968 2816 1126 2887 palpentur.
1154 2816 1182 2885 ¹1)
1196 2817 1243 2870 Ec
1253 2816 1435 2871 illocalitate.
1462 2816 1492 2872 Si
1507 2833 1606 2888 corpus
1618 2814 1805 2888 glorificatum

103 2903 211 2955 donem
230 2904 413 2957 humanitatis
433 2904 553 2975 Christi,
580 2908 610 2959 in
629 2908 711 2973 cujus
729 2916 869 2979 paratura
886 2917 942 2975 aa·
969 2909 1062 2972 potest
1084 2918 1143 2957 esse
1162 2902 1191 2956 in
1209 2902 1306 2957 eodem
1331 2903 1390 2957 loco
1408 2919 1471 2957 cum
1496 2919 1610 2973 corpore
1636 2919 1692 2956 non
1722 2903 1805 2973 glori·
1841 2977 1847 2984 ι

103 2989 177 3041 tiout
191 2990 318 3057 sortasse
336 2997 362 3042 ot
383 2991 413 3043 in
433 2992 558 3059 cuiusois
574 2993 692 3046 alredus
709 2995 838 3062 corporis
856 2995 941 3063 plori-
969 2988 1067 3057 ficato,
1094 2988 1192 3059 utique
1219 2988 1302 3043 οοίουι
1320 2988 1421 3058 poterit
1440 3005 1470 3043 se
1496 2988 1589 3044 facere
1614 2988 1804 3059 impalpabile.

105 3073 197 3140 mati,
224 3075 357 3142 quoniam
383 3076 510 3129 totaliter
532 3085 573 3130 est
593 3079 706 3131 animae
723 3079 887 3148 subjectum,
912 3087 943 3132 ut
969 3075 1182 3146 Chrysostomus
1206 3074 1236 3128 in
1255 3072 1349 3128 homil.
1374 3074 1409 3128 de
1436 3074 1505 3133 Mar.
1527 3074 1664 3146 magdal:
1691 3075 1806 3129 Volebat

101 3176 159 3228 pro
182 3160 327 3215 uoluntate
348 3162 480 3215 uidentur
505 3181 596 3232 prope
626 3172 652 3217 et
671 3165 754 3233 lonpe
772 3166 804 3218 in
818 3167 943 3236 propria
970 3163 1039 3214 haec
1056 3161 1158 3215 mulia
1175 3162 1268 3214 οᾱΙιοο
1287 3178 1349 3213 cum
1365 3161 1477 3215 Christo
1496 3162 1666 3225 conversari,
1686 3163 1759 3216 aiem
1778 3168 1806 3214 et

104 3252 189 3314 atque
207 3245 305 3300 aliena
323 3247 430 3316 effipie'
463 3247 585 3303 Thomas
604 3255 676 3318 pert.
696 3256 720 3307 3.
740 3268 766 3319 q.
785 3257 825 3306 bt.
844 3257 897 3308 nrt.
920 3257 943 3306 1.
971 3255 1035 3301 ante
1052 3247 1224 3316 passionen,
1239 3254 1266 3300 et
1273 3263 1347 3315 prae
1360 3248 1467 3315 paedia
1480 3246 1553 3300 nibil
1567 3247 1711 3314 inpratum
1729 3248 1806 3317 copi·
1895 3272 1899 3283 ¹

104 3347 179 3401 τωρ·
197 3331 232 3384 td
249 3336 280 3386 2:
299 3332 381 3386 Haeo
398 3342 439 3388 ott
459 3336 609 3404 dispositio
622 3336 751 3404 corporis
767 3337 894 3404 ploriosi,
913 3348 944 3391 ut
970 3334 1058 3400 tabat,
1070 3333 1197 3400 quomoda
1209 3348 1276 3384 caro
1287 3331 1396 3386 Christi
1408 3331 1605 3386 multomelior
1613 3337 1695 3398 facta
1705 3333 1807 3396 fuerat

105 3419 144 3471 sit
167 3417 330 3486 spirituale,
352 3420 387 3472 id
409 3427 452 3473 est
474 3422 627 3490 subjectam
652 3423 776 3491 spiritui.
817 3423 869 3476 Ad
892 3424 943 3477 hoc
970 3413 1144 3488 reserpendo
1150 3439 1162 3486 ,-
1177 3419 1243 3472 ideo
1253 3420 1394 3472 Dominus
1408 3420 1497 3473 elicit:
1522 3421 1656 3474 Nondum
1666 3421 1807 3474 adscendi

41 3514 45 3519 '
106 3510 213 3571 autent,
236 3504 315 3571 osted
337 3504 375 3557 ait
394 3507 507 3561 omnino
525 3523 628 3575 eorpus
646 3509 798 3576 subjectum
819 3509 943 3579 spiritui,
971 3507 1012 3558 ad
1019 3505 1136 3558 Patrem
1150 3521 1249 3569 mum,
1270 3521 1325 3572 quo
1346 3505 1424 3567 elicit,
1443 3523 1500 3558 non
1520 3507 1664 3572 autimas,
1685 3523 1727 3558 me
1744 3507 1806 3574 iam

102 3589 269 3656 requiritur,
287 3590 366 3658 quod
383 3592 474 3643 omnis
490 3592 565 3644 aetio
584 3595 712 3661 corpora
730 3594 869 3647 subdatur
886 3598 943 3664 epi.
971 3600 1109 3644 terrenam
1135 3592 1222 3641 uitam
1242 3595 1391 3656 apereetc.
1428 3591 1569 3644 Dominus
1588 3592 1666 3645 istud
1684 3594 1805 3659 uerbum,

102 3675 178 3727 ritus
194 3674 342 3728 uoluntati.
380 3675 463 3737 Quod
488 3685 581 3730 autem
606 3678 721 3746 aliquid
744 3680 887 3748 rideatur,
911 3683 943 3743 fit
970 3676 1032 3729 noli
1048 3692 1092 3727 me
1110 3683 1239 3742 torpere,
1261 3675 1344 3728 inani
1363 3676 1453 3744 ipsius
1470 3679 1588 3730 conatui
1605 3678 1731 3747 opponit,
1750 3695 1806 3747 puo

103 3776 156 3828 per
174 3762 314 3814 actionem
332 3762 453 3815 υἱαίὸίίιό
473 3763 503 3815 in
521 3764 625 3830 mmet,
653 3772 679 3817 et
703 3765 768 3819 ideo
787 3767 943 3836 quicunque
971 3764 1040 3816 dicit
1057 3779 1113 3814 non
1129 3760 1240 3829 poteris
1257 3777 1300 3814 me
1321 3769 1429 3815 attactu
1447 3765 1691 3832 comprehendere,
1713 3773 1740 3818 et
1753 3766 1806 3818 ad-

10 3851 29 3894 ῐ.
42 3862 92 3904 sm,
105 3845 189 3899 habet
212 3862 315 3915 corpus
338 3847 541 3916 deificatum,
571 3849 602 3901 in
620 3857 760 3918 potestate
782 3869 836 3905 sua
861 3854 944 3907 habet
971 3851 1035 3901 dito
1056 3848 1168 3900 ratione
1194 3847 1288 3900 animo
1311 3847 1521 3901 solicitudinem
1548 3850 1655 3916 euimit,
1681 3852 1808 3905 nondum

106 3933 209 3997 rideri,
227 3934 342 4000 quando
353 3933 421 4001 uult,
440 3942 468 3986 at
485 3936 601 4003 mando
613 3953 669 3989 non
687 3938 754 4002 nult,
773 3956 828 3992 non
842 3939 943 3996 rideri.
971 3932 1110 3988 adscendi
1127 3934 1169 3985 ad
1182 3933 1298 3987 Patrem
1315 3951 1419 4001 meum,
1438 3951 1493 4002 quo
1511 3936 1583 3988 dicit
1601 3936 1654 3990 etsi
1670 3938 1752 4006 tanpi
1761 3954 1810 3991 ne-

107 4019 172 4071 Hoe
188 4025 282 4070 tamen
295 4019 392 4072 habuit
408 4019 536 4074 Christus
551 4038 609 4074 non
626 4022 718 4075 solum
734 4039 768 4076 aa
785 4026 945 4080 conditione
971 4037 1050 4090 queo,
1069 4028 1161 4073 lamio
1179 4021 1351 4087 iaootodum
1371 4036 1414 4073 mo
1425 4021 1501 4073 vobit
1519 4028 1584 4075 ante
1599 4025 1809 4078 adocoooiooom

107 4104 239 4172 corporis
257 4104 385 4173 ploriosi,
400 4107 453 4159 sed
470 4107 555 4160 etiam
575 4124 608 4160 es
625 4108 727 4163 rutulo
740 4111 875 4179 Deitatis,
891 4129 945 4180 per
972 4108 1109 4161 exhibebo.
1151 4104 1303 4183 Gregorius
1331 4105 1426 4161 homil.
1454 4112 1495 4162 20.
1523 4106 1551 4160 in
1581 4125 1696 4179 evang.:
1727 4108 1809 4169 Quod

107 4206 191 4258 quam
213 4190 282 4255 fieri
296 4199 401 4258 potest,
428 4200 458 4245 ut
482 4209 607 4262 corpora
632 4195 715 4246 mam
738 4213 794 4248 non
818 4198 945 4265 plor-iasa
975 4194 1082 4251 Christi
1099 4209 1202 4260 corpus
1220 4199 1260 4245 est
1278 4192 1493 4260 incorruptibile
1510 4200 1536 4246 et
1549 4193 1634 4246 simul
1651 4193 1808 4262 palpabile,

106 4276 278 4330 miraculose
308 4294 364 4330 non
389 4279 546 4332 rideantur.
590 4278 693 4334 Confer
716 4279 871 4336 Gesnerum
896 4283 943 4339 lib.
971 4280 1040 4332 hoec
1063 4286 1128 4331 sunt
1149 4280 1205 4331 duo
1222 4278 1370 4330 contrario
1390 4279 1471 4344 iusta
1492 4279 1642 4330 humanam
1660 4279 1807 4344 rationem,
1821 4290 1865 4335 ιι
1878 4293 1925 4337 444.

107 4362 143 4417 de
160 4378 269 4432 person.
287 4361 389 4418 Christ
411 4381 437 4432 p.
459 4365 706 4421 lutitianorum
732 4373 803 4437 part.
826 4374 848 4423 l.
876 4369 943 4440 phil.
971 4366 1024 4418 scd
1043 4363 1178 4417 Salvator
1199 4370 1295 4416 noster
1316 4363 1345 4416 in
1360 4364 1565 4416 resurreetione
1585 4381 1639 4417 sua
1658 4372 1805 4434 atrumque

106 4447 179 4501 sobr.
199 4463 259 4517 cap.
281 4452 306 4502 3.
323 4456 389 4502 sect
407 4453 432 4503 3.
447 4466 475 4519 q.
494 4455 518 4504 6.
972 4450 1103 4518 curarit,
1122 4457 1153 4502 ut
1172 4450 1356 4501 monstrando
1379 4448 1595 4516 incorruptibile
1620 4451 1753 4505 invitaret
1767 4452 1808 4504 od

10 4537 92 4630 {ffl-
143 4538 200 4589 lot.
238 4537 278 4589 ll.
303 4535 523 4603 Impalpabrlin,
537 4535 565 4588 id
579 4536 707 4606 estquod
720 4540 944 4594 nonnecesserio
970 4536 1128 4604 proemium
1139 4541 1164 4587 et
1169 4534 1336 4602 praebendo
1346 4533 1496 4601 palpabile
1505 4537 1645 4600 formaret
1656 4538 1698 4589 ud
1714 4538 1808 4598 fidem.

106 4625 171 4674 actu
191 4625 344 4690 tangantur
362 4618 398 4673 ab
416 4619 487 4685 illis,
511 4638 628 4691 quorum
647 4629 739 4676 tuctus
760 4624 881 4678 nondum
902 4633 945 4680 cst
972 4621 1095 4676 Ibidem:
1123 4619 1274 4690 Corrumpi
1295 4634 1406 4671 neeesse
1425 4627 1479 4683 est,
1506 4620 1584 4687 quod
1605 4621 1759 4690 palpatur,
1783 4630 1809 4675 et

106 4703 286 4777 glorificatus,
304 4723 368 4760 nam
386 4712 415 4761 et
431 4705 478 4760 hic
493 4706 721 4778 distinguendum
733 4708 806 4763 inter
821 4707 944 4785 δύναμιν
968 4706 1091 4775 palpari
1109 4722 1164 4758 non
1180 4712 1282 4773 potest,
1301 4705 1378 4772 quod
1394 4722 1448 4758 non
1468 4707 1668 4775 corrumpitur,
1687 4707 1809 4763 Thomas

108 4797 137 4846 ot
161 4798 270 4856 actum,
302 4791 424 4861 itemque
452 4793 525 4846 inter
558 4800 677 4863 tangens
708 4793 893 4862 glorificatum
917 4808 946 4851 et
971 4792 1000 4846 iu
1026 4791 1158 4846 additam.
1174 4798 1211 4863 υ.
1238 4794 1279 4845 83.
1304 4796 1354 4845 err
1374 4794 1404 4849 6:
1433 4791 1527 4855 Tanpi
1547 4801 1655 4860 potest,
1682 4796 1710 4847 ei
1734 4795 1809 4859 uelit,

108 4892 164 4931 uon
183 4875 379 4947 glorificatum.
414 4876 633 4933 Ptobaturhsec
651 4879 866 4949 glorificatorum
886 4899 944 4937 cor·
973 4879 1078 4942 boatu&
1097 4895 1157 4931 tvm
1178 4876 1450 4945 dualstflit'i'fll’ssssb
1470 4894 1543 4947 qm
1561 4886 1638 4931 iacit
1648 4881 1808 4948 pereffluu-

108 4979 206 5033 pernm
227 4962 347 5033 qualitas
374 4965 398 5026 1)
428 4980 460 5016 ec
477 4965 691 5032 spiritualitate.
721 4967 870 5022 Beatorum
886 4985 945 5023 cor-
972 4974 1026 5019 tur.
1061 4962 1188 5018 lavellus
1207 4966 1288 5016 tract.
1308 4966 1333 5016 s.
1353 4961 1388 5015 dc
1405 4961 1479 5020 felic.
1493 4962 1594 5018 Christ.
1612 4981 1671 5035 esp.
1692 4970 1720 5021 ³:
1740 4964 1809 5021 eor·

107 5065 177 5120 pora
200 5055 284 5104 eruut
308 5048 475 5118 spiritualia.
513 5049 578 5104 dam
600 5067 666 5105 vero
686 5053 797 5123 palpari
820 5061 864 5109 est
883 5073 945 5126 pro·
972 5070 1025 5121 pus
1049 5053 1199 5104 humanum
1227 5065 1260 5102 ee
1291 5047 1338 5101 sui
1362 5056 1469 5101 natura
1491 5057 1557 5104 ante
1578 5060 1604 5106 et
1625 5060 1692 5123 poet
1714 5069 1809 5106 resur·

107 5135 200 5205 prium
218 5134 341 5204 corporis
356 5140 481 5207 ψυχικοῦ
492 5141 539 5190 rai
556 5142 658 5208 χοϊκοῦ
675 5154 731 5193 non
752 5143 945 5215 πνευματικοῦ
973 5137 1121 5191 rectionem
1145 5144 1186 5190 ⁶⁸⁸
1206 5150 1270 5189 ΜΝ
1288 5133 1424 5200 mimihilt
1441 5141 1466 5187 bi
1488 5135 1646 5206 patrebus,
1666 5155 1700 5192 θῶ*
1716 5137 1809 5206 Μυῖ-

108 5225 154 5277 acl
178 5225 360 5296 ἐπουρανίου.
402 5225 431 5287 2)
457 5225 503 5276 Ee
529 5224 726 5290 conformitate
747 5243 809 5280 cum
827 5228 945 5295 anpelis.
973 5225 1047 5292 lepio
1070 5229 1163 5276 autem
1186 5221 1297 5289 ploriae
1319 5226 1412 5289 potest
1434 5221 1529 5274 anima
1558 5222 1686 5288 ploriosa
1704 5225 1809 5290 faeere

108 5307 189 5362 Beati
202 5323 257 5362 non
272 5308 362 5363 solum
374 5309 481 5363 ratione
494 5309 657 5373 animarum,
675 5310 726 5365 sed
741 5312 824 5366 stiam
838 5313 946 5367 ratione
973 5310 1066 5378 speum
1090 5307 1256 5376 intnnpibile
1279 5314 1305 5358 et
1328 5306 1517 5376 impalpabile
1542 5311 1595 5362 etc.
1639 5310 1705 5363 Non
1723 5310 1809 5364 inerit

109 5409 253 5464 corporum
280 5400 361 5448 crunt
395 5390 547 5467 ἰσάγγελοι.
591 5394 656 5449 lam
684 5411 749 5451 vero
775 5397 867 5468 angeli
890 5414 945 5451 non
974 5395 1089 5464 camari
1107 5397 1137 5447 in
1157 5400 1290 5463 wantum
1307 5392 1467 5457 humanum,
1486 5395 1539 5446 aad
1558 5394 1588 5447 in
1600 5403 1809 5463 quantumcor·

109 5494 218 5548 semper
233 5487 300 5535 actu
313 5485 475 5550 tanguntur,
496 5481 944 5554 etiaminassumtiscorporibus.
970 5479 1395 5552 perhumanumplorificatum.
1427 5479 1513 5536 Item:
1535 5481 1644 5550 Corpus
1655 5481 1810 5549 plorioeum
