4050 6014
571 320 651 384 Qua
669 320 720 377 bn
739 320 833 376 VITA
852 320 905 376 JO.
924 320 1127 376 canutam
1148 320 1383 391 DISSERITUR.
1773 324 1829 381 vlt

123 474 308 557 insequenti
329 474 390 539 aliu
415 480 451 540 de
472 479 646 542 necessitate
669 490 696 539 et
718 478 922 560 contingentia
944 488 992 540 est
1018 491 1134 552 secuta,
1164 477 1195 541 in
1218 476 1381 542 academia
1403 477 1535 543 Jenensi
1558 480 1677 565 pariter
1698 480 1828 565 publice

124 577 269 643 defensa.
315 579 420 661 Atque
452 580 492 642 ah
521 580 581 644 hoc
610 580 684 644 inde
712 593 854 665 tempore
885 579 954 643 aliis
977 600 1106 663 quoque
1127 579 1262 664 scriptis,
1293 602 1375 662 quae
1405 603 1463 643 suo
1486 582 1557 646 loco
1580 581 1828 657 recensebimus,

123 702 255 744 manum
286 680 426 744 admovit
449 680 649 763 Gerhardus,
672 681 748 763 quin
772 692 803 744 et
826 703 960 765 operum
984 681 1155 764 maiorum,
1186 702 1269 764 quac
1291 682 1412 745 nomini
1434 677 1534 767 ipsius
1557 682 1827 748 immortalitatem

124 780 347 856 conciliarunt,
369 782 486 868 primas
508 783 606 847 veluti
629 782 728 845 lineas
751 783 851 848 duxit.

255 885 353 949 Anno
363 887 456 951 1606.
467 883 947 969 commendationelllolffgangi
956 884 1098 965 Heideri,
1109 883 1229 969 logices
1242 899 1339 968 atque
1351 886 1467 950 ethices
1479 887 1512 949 in
1521 887 1827 953 academiaJenensi

122 986 324 1071 professoris,
347 988 465 1052 factum
489 1001 545 1070 est,
567 1001 601 1050 ut
625 987 804 1068 Gerhardo,
828 986 937 1050 habita
956 1008 1062 1049 coram
1079 989 1131 1052 Jo.
1148 985 1312 1065 Casimiro,
1336 988 1490 1070 Principe
1511 987 1723 1074 Coburgensi,
1743 989 1828 1055 eius-

122 1110 187 1172 que
211 1087 323 1151 aulicis
345 1089 516 1163 concione,
547 1090 681 1152 arduum
708 1111 823 1152 munus
852 1088 1141 1174 superintendentis
1165 1087 1421 1174 Heldburgensis
1443 1090 1619 1158 offerretur.
1665 1091 1826 1175 Equidem

121 1190 230 1254 varias
254 1211 381 1254 caussas
404 1191 466 1254 sibi
488 1192 614 1256 obstare
643 1192 777 1277 putabat
806 1189 939 1269 Noster,
968 1190 1138 1273 quominus
1167 1189 1305 1253 oblatam
1337 1190 1397 1253 sibi
1426 1191 1640 1255 conditionem
1670 1215 1744 1255 mox
1774 1214 1826 1257 ac·
1912 1255 1918 1261 ,

123 1292 254 1375 ciperet.
309 1291 483 1376 Allegabat
512 1293 594 1356 inter
614 1291 676 1355 alia
698 1309 727 1355 et
750 1293 820 1366 hoc,
851 1314 1042 1355 consensum
1075 1291 1215 1375 optimae
1248 1292 1357 1354 matris
1380 1293 1440 1355 sibi
1463 1293 1566 1356 adhuc
1588 1294 1708 1376 deesse,
1743 1316 1826 1377 quae

124 1394 232 1478 ipsum
262 1390 502 1480 Quedlinburgi
531 1395 635 1458 vivere
668 1406 841 1479 exoptaret.
888 1394 951 1456 Ast
973 1394 1072 1478 legati
1094 1393 1247 1476 principis
1270 1394 1469 1478 regerebant,
1491 1395 1614 1459 huncce
1636 1418 1826 1459 consensum

122 1493 217 1559 facile
239 1494 403 1582 impetrari
423 1518 528 1582 posse,
556 1519 630 1560 cum
657 1497 759 1561 iustae
786 1496 992 1558 dissuadendi
1012 1516 1143 1558 caussae
1166 1495 1256 1557 matri
1279 1518 1343 1558 non
1365 1513 1542 1580 suppetant.
1588 1497 1727 1581 Scripsit
1748 1519 1825 1583 quc·
1857 1551 1859 1554 Α

122 1618 187 1681 que
209 1597 342 1681 ipsemet
365 1598 586 1661 serenissimus
609 1597 784 1662 Casimirus
806 1596 927 1660 litteras
949 1619 1007 1660 sua
1035 1619 1131 1659 manu
1153 1613 1297 1660 exaratas
1321 1598 1361 1660 ad
1377 1598 1581 1663 Abbatissam
1606 1599 1826 1678 Quedlinbur·

121 1720 264 1782 gensem,
289 1721 370 1785 quae
394 1700 534 1763 animum
556 1701 664 1763 matris
689 1700 722 1762 in
751 1700 951 1763 vocationem
980 1700 1062 1763 hanc
1085 1700 1192 1762 forsan
1222 1722 1286 1762 non
1316 1723 1528 1765 consensurae
1554 1701 1680 1766 flectere
1703 1701 1825 1765 annite-

121 1808 219 1866 retur.
260 1799 429 1866 Consensit
451 1804 579 1866 tandem
600 1802 796 1884 Gerhardus,
817 1802 1013 1887 gravissimis
1032 1814 1234 1885 expugnatus
1255 1802 1446 1887 rationibus,
1480 1815 1576 1888 atque
1607 1803 1746 1889 acceptis
1771 1824 1823 1866 vo·

121 1901 256 1966 cationis
278 1925 354 1980 suae
378 1904 494 1968 tabulis
515 1904 631 1968 Jenam
664 1904 790 1988 repetiit
812 1903 1005 1986 ibidemque,
1026 1903 1114 1966 iussu
1137 1901 1304 1966 celsissimi
1328 1904 1488 1989 Principis
1508 1905 1567 1985 sui,
1590 1905 1623 1967 in
1646 1904 1823 1969 candidatis

121 2002 304 2089 theologiae
335 2028 450 2069 nornen
478 2029 571 2070 suum
599 2007 762 2091 professus
792 2018 848 2070 est.
891 2005 1050 2089 Superato
1072 2005 1255 2086 tentamine,
1278 2021 1313 2067 ut
1335 2018 1460 2080 vocant,
1483 2006 1654 2089 habitaque
1677 2005 1824 2081 lectione,

120 2126 219 2187 quam
236 2106 355 2187 dicunt,
378 2109 519 2171 cursoria
540 2109 732 2194 publiceque
752 2108 883 2172 defensa
907 2106 1128 2170 dissertatione
1146 2105 1335 2190 inaugurali,
1355 2110 1543 2191 proserpant
1567 2111 1602 2170 de
1617 2133 1709 2171 sarra
1730 2130 1823 2171 coena

120 2211 355 2292 controversias,
387 2233 469 2293 quae
502 2221 570 2273 tum
603 2209 755 2293 temporis
777 2210 809 2272 in
841 2207 974 2272 ecclesia
1004 2208 1222 2293 agitabantur,
1251 2208 1499 2293 complectente,
1522 2209 1644 2273 cunctis
1661 2209 1821 2293 suffragiis

121 2309 240 2394 dignus
261 2309 322 2374 fuit
343 2311 488 2395 habitus,
520 2312 572 2375 cui
601 2311 740 2395 insignia
762 2310 901 2374 doctoris
923 2308 1064 2394 theologi
1087 2311 1314 2377 conferrentur.
1371 2311 1471 2374 Hisce
1494 2325 1624 2375 ornatus
1649 2309 1822 2375 honoribus

120 2411 351 2498 Heldburgum
381 2436 526 2479 reversus
560 2428 605 2477 est
627 2413 746 2478 Noster
781 2413 963 2495 ibidemque
985 2412 1018 2474 in
1039 2434 1158 2475 novum
1181 2435 1274 2474 suum
1298 2434 1412 2475 munus
1439 2412 1621 2476 solemniter
1642 2413 1703 2475 fuit
1725 2412 1823 2476 intro-

120 2513 246 2580 ductus.
283 2514 376 2579 Licet
404 2537 478 2579 vero
505 2516 629 2578 labores
659 2536 732 2577 cum
759 2513 890 2598 ephoria
920 2512 1161 2598 Heldburgensi
1184 2514 1344 2576 coniuncti
1375 2536 1433 2599 per
1451 2538 1485 2579 se
1507 2527 1556 2578 sat
1586 2514 1677 2577 ardui
1707 2526 1822 2596 essent,

121 2637 162 2679 ea
191 2626 296 2678 tamen
325 2616 398 2700 lege
421 2616 494 2680 huic
516 2617 639 2680 muneri
661 2616 721 2680 fuit
742 2616 907 2690 admotus,
936 2629 987 2690 ut,
1017 2615 1267 2698 quotiescunque
1298 2616 1425 2699 gravior
1447 2638 1558 2679 caussa
1579 2616 1613 2679 in
1634 2616 1820 2680 consistorio

120 2715 324 2802 Coburgensi
355 2717 536 2781 decidenda
572 2730 672 2794 esset,
706 2717 893 2781 Gerhardus
927 2729 1141 2781 arcesseretur
1174 2715 1367 2800 insimulque
1395 2717 1529 2802 singulis
1559 2718 1724 2781 mensibus
1758 2716 1821 2780 dis-

119 2818 301 2904 putationes
316 2818 512 2903 theologicas
527 2820 559 2882 in
572 2819 741 2905 gymnasio
751 2817 1123 2902 Coburgensi,tanquam
1138 2819 1207 2882 eius
1223 2820 1384 2904 professor
1401 2841 1438 2882 ac
1450 2820 1618 2904 inspector,
1633 2819 1819 2884 institueret.

119 2919 185 2983 His
201 2921 366 3006 utriusque
390 2921 487 2986 officii
508 2922 652 3007 partibus
670 2923 712 2984 ita
729 2920 855 2984 assidue
870 2920 992 2983 vacavit
1007 2919 1135 2996 Noster,
1158 2934 1193 2984 ut
1209 2921 1258 2984 vel
1275 2944 1397 2984 summa
1413 2943 1485 2985 curn
1503 2921 1658 3002 molestia,
1675 2920 1821 3007 quando-

119 3043 185 3107 que
213 3034 244 3086 et
272 3023 464 3087 valetudinis
492 3025 625 3106 damno,
655 3024 714 3087 iter
736 3046 828 3086 suum
847 3045 905 3106 per
928 3043 1043 3087 novem
1066 3046 1165 3086 annos
1188 3024 1278 3086 statis
1310 3025 1505 3107 temporibus
1526 3022 1714 3108 Coburgum
1736 3045 1820 3087 eme·

118 3125 242 3192 tiretur.
292 3125 443 3190 Ceterum
467 3127 588 3212 primus
608 3126 679 3211 ipse
703 3127 772 3200 luit,
795 3124 850 3210 qui
868 3147 995 3210 operam
1012 3147 1099 3188 suam
1116 3125 1383 3210 disputationibus
1399 3125 1586 3211 theologicis
1601 3126 1634 3188 in
1650 3124 1819 3210 gymnasio

118 3225 322 3312 Coburgensi
344 3228 459 3292 habitis
485 3229 689 3293 consecravit.

248 3330 341 3410 Quae
364 3332 446 3394 intra
462 3331 546 3394 istud
569 3331 719 3415 temporis
740 3329 895 3414 spatium,
925 3349 990 3414 quo
1021 3325 1207 3390 Gerhardus
1233 3328 1522 3412 superintendentis
1560 3327 1818 3413 Heldburgensis

116 3455 234 3497 munus
250 3432 340 3512 obiit,
360 3432 407 3497 illi
423 3432 640 3496 memorabilia
656 3432 792 3495 maxime
808 3431 1002 3509 acciderunt,
1022 3450 1059 3491 ea
1082 3428 1193 3513 paucis
1213 3429 1460 3515 complectemur
1480 3431 1660 3494 momentis.
1700 3432 1818 3495 Versa·

116 3535 215 3598 batur
234 3533 417 3619 Heldburgi
448 3545 516 3597 tum
547 3535 697 3618 temporis
732 3532 904 3608 Christina,
933 3532 999 3595 filia
1020 3530 1184 3596 Wilhelmi
1208 3532 1266 3598 IV.
1301 3533 1497 3617 Landgravii
1521 3533 1667 3614 Hassiae,
1700 3531 1818 3595 coniux

114 3632 334 3715 Jojtamesti,
359 3634 459 3699 Ducis
484 3636 644 3701 Saxoniae
666 3635 881 3716 Isenacensis,
904 3635 1050 3719 princeps
1073 3655 1137 3695 non
1160 3634 1213 3718 pia
1236 3634 1407 3718 duntaxat,
1432 3634 1488 3699 sed
1511 3646 1542 3698 et
1564 3634 1693 3719 egregie
1714 3633 1815 3700 docta.

112 3738 158 3801 In
181 3738 274 3800 huius
296 3737 477 3823 praesentia
499 3760 562 3800 non
584 3737 687 3802 solum
705 3737 884 3822 complures
907 3735 1017 3799 hahuit
1034 3735 1194 3799 orationes
1216 3758 1321 3799 sacras
1343 3737 1375 3799 in
1392 3736 1545 3802 nonnulla
1559 3759 1666 3800 sacrae
1683 3735 1818 3821 scriptu·

111 3863 173 3904 rae
195 3841 334 3917 oracula,
361 3862 380 3903 a
402 3841 604 3903 serenissima
626 3839 776 3924 Principe
797 3839 1007 3924 praescripta3
1038 3837 1094 3901 sed
1124 3852 1155 3901 et
1177 3840 1400 3902 commercium
1425 3838 1612 3904 litterarium
1632 3839 1671 3901 de
1695 3838 1817 3923 praeci-

111 3941 190 4028 puis
215 3940 428 4027 Evangelicos
449 3942 532 4005 inter
552 3954 583 4005 et
605 3940 807 4005 Reformatos
829 3940 1042 4004 controversis
1066 3939 1223 4024 capitibus
1246 3964 1319 4004 cum
1342 3941 1396 4004 illa
1418 3941 1554 4005 institnit
1576 3942 1674 4024 idque
1696 3940 1737 4003 ad
1759 3962 1816 4003 an·

111 4067 194 4108 num
217 4066 320 4130 usque
336 4047 427 4110 1611.
450 4045 653 4109 continuavit.
692 4043 836 4129 Expetiit
859 4064 985 4128 quoque
1011 4042 1071 4105 sibi
1094 4041 1249 4127 Princeps
1274 4041 1443 4119 Christina,
1465 4065 1557 4107 verae
1579 4042 1740 4106 doctrinae
1761 4065 1817 4107 cu-

112 4145 290 4232 pidissima,
313 4170 332 4210 a
355 4145 533 4229 Gerhardo,
566 4162 601 4210 ut
623 4144 739 4209 librum
764 4146 922 4229 quendam
944 4144 1159 4227 theologicum
1183 4143 1347 4229 evulgaret
1368 4145 1427 4208 hac
1448 4145 1637 4208 adornatum
1655 4144 1815 4223 methodo,

109 4259 151 4311 ut
170 4245 289 4312 scilicet
312 4248 448 4334 primum
468 4270 577 4312 omnes
600 4247 762 4333 religionis
786 4246 975 4310 christianae
997 4245 1165 4321 articulos,
1196 4247 1297 4310 cuivis
1324 4246 1495 4310 christiano
1526 4248 1567 4310 ad
1590 4247 1816 4331 sempiternam

109 4346 249 4413 salutem
278 4350 360 4415 scitu
389 4350 583 4435 cognitoque
611 4349 820 4425 necessarios,
850 4348 882 4411 in
912 4364 998 4412 certa
1020 4349 1124 4433 capita
1145 4348 1352 4424 distributos,
1376 4350 1487 4413 ordine
1509 4349 1724 4433 consignaret3
1758 4350 1815 4414 hos

107 4450 231 4515 deinde
252 4449 329 4516 solis
351 4473 511 4515 sacrarum
533 4451 708 4515 litterarum
728 4451 929 4533 testimoniis,
950 4463 982 4514 et
1003 4451 1134 4533 quidem
1157 4451 1303 4515 omnibus
1318 4473 1355 4515 ac
1370 4452 1514 4536 singulis,
1537 4473 1619 4535 quae
1643 4451 1675 4513 in
1698 4452 1814 4514 veteris

107 4553 251 4638 novique
283 4554 462 4619 testamenti
495 4553 584 4616 libris
618 4565 754 4633 exstant,
791 4554 1008 4636 confirmarem
1043 4569 1156 4616 cuncta
1185 4554 1322 4635 denique
1346 4553 1427 4618 sacri
1454 4553 1572 4617 codicis
1594 4553 1694 4628 dicta,
1733 4575 1815 4636 quae

106 4656 276 4721 doctrinae
298 4655 420 4742 puriori
443 4657 601 4721 adversari
625 4657 822 4735 viderentur,
846 4667 1031 4738 congereret
1054 4655 1228 4736 dextroque
1252 4654 1423 4739 explicaret
1452 4668 1481 4719 et
1513 4668 1703 4740 argumenta
1738 4677 1814 4719 con·

110 4757 213 4823 traria
236 4783 253 4823 e
276 4759 371 4824 verbo
387 4758 495 4822 divino
512 4759 613 4823 solide
631 4760 818 4841 confutaret,
839 4758 925 4822 nulla
939 4770 1045 4820 tamen
1061 4757 1235 4833 doctorum,
1259 4757 1325 4820 sive
1348 4771 1499 4846 veterum,
1515 4757 1581 4820 sive
1602 4759 1814 4822 recentiorum

105 4860 274 4927 mentione
305 4861 400 4928 facta.
452 4861 540 4925 Huic
575 4860 732 4925 desiderio
761 4861 980 4925 satisfacturus
1011 4858 1198 4924 Gerhardus
1232 4884 1361 4923 manum
1394 4861 1523 4944 quidem
1557 4861 1644 4944 operi
1674 4861 1815 4925 admovit

106 4974 210 5046 atque
235 4984 334 5027 unum
355 4961 553 5047 alterumque
575 4963 752 5048 articulum,
775 4963 961 5027 nominatim
985 4963 1024 5026 de
1047 4962 1337 5047 praedestinatione
1360 4985 1397 5026 ac
1423 4985 1512 5027 sacra
1534 4962 1731 5045 eucharistia,
1754 4962 1814 5027 hac

104 5067 185 5152 lege
217 5065 441 5130 concinnatum
461 5065 642 5131 Christinae
664 5066 816 5130 exhibuit.
856 5066 978 5129 Verum
999 5065 1123 5148 integro
1138 5064 1229 5149 operi
1250 5065 1442 5129 absolvendo
1462 5065 1581 5129 multae
1604 5086 1723 5147 eaeque
1740 5088 1814 5150 gra·

104 5166 260 5232 vissimae
294 5168 484 5234 obstiterunt
519 5169 752 5253 occupationes.
814 5167 947 5232 Praeter
976 5166 1152 5230 ordinarios
1186 5166 1270 5228 enim
1293 5166 1434 5243 labores,
1469 5188 1586 5250 eosque
1620 5178 1668 5228 sat
1689 5189 1814 5251 graves,

104 5269 332 5357 privatamque
354 5270 387 5333 in
410 5270 634 5334 elucubrandis
657 5270 756 5354 libris,
780 5291 859 5352 quos
883 5292 940 5332 suo
964 5270 1034 5332 loco
1057 5269 1304 5345 recensebimus,
1331 5269 1527 5352 industriam,
1556 5290 1711 5354 responsa
1733 5291 1813 5354 quo·

102 5394 172 5457 que
194 5372 277 5436 bene
299 5371 398 5435 multa
418 5371 479 5435 boc
501 5387 532 5435 et
551 5373 757 5453 sequentibus
780 5372 974 5456 temporibus
998 5374 1038 5434 ab
1062 5371 1131 5455 ipso
1155 5371 1318 5434 elaborata
1340 5394 1410 5435 esse
1432 5383 1563 5435 constat.

242 5472 351 5555 Quum
373 5476 426 5541 Jo.
449 5473 619 5548 Casimiro,
640 5472 725 5536 Duci
747 5474 923 5549 Saxoniae,
946 5497 984 5538 eo
1006 5486 1150 5559 tempore
1171 5471 1323 5536 nonnulla
1344 5472 1459 5536 itinera
1483 5485 1588 5536 essent
1610 5472 1813 5558 suscipienda
