4050 6014
232 247 273 310 04
872 240 1101 298 macrinus
1124 241 1288 299 userius

230 398 383 466 tristitiam3
419 413 475 451 non
499 397 622 461 illorum,
662 396 729 467 quia
758 413 814 450 nou
848 395 1066 451 recordabuntur
1091 412 1183 464 prope
1204 397 1343 459 intinitam
1361 406 1469 465 tempus
1482 397 1672 466 requireretur
1693 397 1722 450 in
1739 397 1850 465 judicio
1867 395 1927 448 uni·

231 485 366 538 duntaxat
386 492 561 553 peccatorum
580 499 700 551 suorum,
719 482 768 536 sed
787 483 870 537 etiam
888 482 1066 537 condonatio·
1093 484 1206 544 casali,
1221 485 1248 536 si
1262 501 1316 552 per
1332 484 1497 539 locutionem
1509 485 1586 547 tieret
1598 484 1731 546 vocalem,
1747 482 1928 552 probabilius

230 571 273 624 uis
300 586 393 624 aarum
419 587 437 623 a
464 570 558 624 divina
584 568 772 625 misericordia
804 569 982 639 impetratae,
1017 587 1066 638 per
1094 577 1150 634 est,
1180 587 1235 623 non
1261 587 1314 639 per
1340 571 1507 624 locutionem
1533 573 1586 623 sed
1612 569 1772 622 mentaliter
1795 570 1929 633 faturum

231 671 314 725 quam
335 642 368 708 ex
385 657 495 726 gurgite
522 654 584 718 illo,
607 655 636 709 in
664 669 719 724 quo
743 653 823 707 multi
848 662 913 708 suut
937 653 1064 709 suffocati
1092 655 1218 708 altimum
1231 656 1384 724 judicium,
1403 664 1428 708 et
1448 657 1545 724 quoad
1560 656 1768 709 accusationem
1786 654 1926 708 maiarum
1938 675 1991 719 xlx.

231 759 264 796 ac
279 742 423 810 submersi,
443 742 639 813 benignissime
656 741 733 795 luere
747 740 865 806 liberati,
885 740 961 811 quod
974 742 1064 810 ipsum
1092 746 1117 791 ct
1136 742 1401 795 commendationem
1418 741 1552 795 bonorum
1571 749 1597 794 et
1609 742 1705 810 quoad
1723 739 1926 793 discensionem

231 830 267 884 ad
285 830 417 898 majorem
434 828 545 882 divinae
560 828 666 900 gratiae
679 827 790 882 laudem
806 826 1063 894 eosinflammnbit;
1091 834 1117 879 et
1137 828 1235 895 quood
1258 831 1424 881 sementiam
1447 829 1483 879 de
1507 828 1639 896 utrisque.
1675 828 1741 880 Non
1767 833 1807 879 est
1834 825 1927 878 eristi·

230 934 263 972 ac
283 916 408 987 quamvis
429 914 587 984 expetenti
607 913 796 969 recordatione
819 930 875 967 nou
898 912 986 982 possit
1009 928 1064 965 non
1090 915 1237 981 mandam,
1261 913 1353 984 iuquit
1379 914 1528 968 lansenius
1552 913 1581 966 iu
1606 913 1729 967 hermen.
1753 910 1880 982 evangel.
1902 927 1927 964 c.

230 1001 296 1058 oriri
317 1001 419 1071 inpiis
443 999 580 1072 quaedum
603 999 792 1068 displicentia,
819 999 869 1052 illa
895 1006 987 1052 tamen
1011 1014 1064 1051 nee
1092 1003 1148 1054 127.
1168 1002 1263 1052 omnio
1282 1002 1324 1054 sie
1341 1002 1382 1053 ad
1397 1001 1509 1053 literam
1528 1007 1674 1062 eminere,
1704 1014 1775 1068 qnae
1792 998 1838 1051 tic
1861 1015 1928 1050 aar·

229 1089 383 1143 molestiam
406 1103 458 1141 nec
481 1086 602 1141 dolorem
627 1101 679 1139 ncc
700 1085 840 1139 tristitiam
864 1084 931 1155 ipsis
956 1082 1063 1146 afferet,
1091 1093 1204 1150 rantur,
1224 1093 1255 1138 ut
1273 1087 1340 1138 boec
1357 1086 1443 1138 verba
1467 1086 1597 1157 praecise
1619 1086 1676 1137 sint
1701 1085 1777 1137 ultro
1801 1084 1928 1152 citroque

231 1175 296 1244 quia
320 1175 470 1243 conjuncta
497 1171 549 1225 erit
572 1188 635 1225 cum
657 1172 731 1225 vitae
751 1178 879 1223 aeternae
905 1168 1012 1223 laetitia
1036 1175 1063 1223 et
1087 1172 1312 1240 proferendae
1333 1173 1428 1239 iudice
1447 1181 1474 1226 et
1486 1170 1668 1241 judicandis,
1688 1173 1740 1223 secl
1758 1171 1811 1223 liae
1824 1187 1928 1222 narra·

230 1259 454 1330 praesentissima
472 1257 525 1310 Dei
545 1256 665 1318 visione,
691 1272 763 1325 quae
787 1271 894 1309 omnem
921 1254 1062 1308 tristitiam
1090 1258 1165 1310 tione
1183 1259 1324 1310 Dominus
1341 1275 1421 1310 soom
1432 1275 1586 1311 sermonem
1599 1266 1695 1310 nostro
1707 1256 1926 1310 accommodans

230 1346 352 1399 excludit
366 1361 400 1398 ac
417 1345 505 1398 instar
523 1343 606 1396 maris
625 1340 766 1408 absorbet3
794 1356 845 1394 nec
867 1339 974 1405 horum,
998 1340 1064 1410 quia
1091 1344 1188 1411 captui
1202 1345 1365 1412 siqm‘sicare
1384 1343 1472 1395 coluit
1488 1344 1634 1396 noomsimi
1652 1343 1763 1411 judieii
1780 1341 1927 1395 rationem.

226 1433 375 1501 passiones
392 1431 488 1498 plocio
508 1429 569 1497 illa,
588 1444 671 1499 quam
691 1426 833 1481 consecuti
845 1431 918 1494 sunt,
934 1444 989 1479 non
1004 1442 1063 1480 esse
1091 1430 1218 1482 Proinde
1239 1449 1294 1484 non
1312 1430 1440 1483 sensibili
1457 1445 1523 1482 soce
1541 1445 1651 1482 irecense
1670 1429 1723 1481 erit
1741 1428 1846 1495 dicere,
1865 1443 1927 1478 esn-

226 1519 384 1586 conationes
414 1514 639 1569 auimadvertunt
665 1513 744 1567 Rom.
768 1517 792 1577 8,
818 1529 843 1565 v.
871 1517 910 1568 te.
945 1511 1063 1583 ideoque
1090 1514 1154 1582 riri,
1171 1516 1251 1568 eitirri
1266 1523 1316 1569 etc.
1335 1517 1388 1568 sed
1405 1516 1502 1584 effectu
1521 1516 1584 1584 ipso
1605 1515 1733 1568 Giristas
1756 1515 1826 1567 baec
1852 1514 1927 1567 dicet

226 1613 368 1657 aeternum
387 1606 416 1655 et
432 1599 570 1654 infinitum
590 1599 666 1652 illud
682 1599 795 1667 qloriae
812 1600 926 1668 prendas
944 1614 1062 1650 momen·
1090 1600 1262 1664 bonmnibus,
1288 1618 1349 1653 earn
1368 1600 1542 1667 sinpulorum
1559 1601 1701 1654 bominum
1720 1615 1807 1669 opera
1828 1604 1853 1653 et
1870 1597 1928 1651 sibi

227 1697 340 1740 teneam
358 1704 393 1740 ac
414 1685 676 1740 leoetribulationis
687 1685 808 1752 penitus
822 1683 851 1736 in
868 1683 991 1753 ipsorum
1003 1681 1063 1736 ani·
1090 1686 1161 1754 ipsis
1180 1694 1208 1738 et
1229 1686 1353 1739 omnilnm
1372 1693 1439 1738 nota
1459 1687 1558 1751 saciet.
1585 1684 1735 1740 Salmeron.
1756 1685 1829 1738 inter
1846 1699 1927 1752 pura·

228 1774 279 1826 mis
300 1772 430 1841 deprimit
447 1777 471 1827 2.
488 1771 550 1826 Cor.
573 1777 596 1834 t,
616 1787 641 1823 v.
663 1776 701 1825 17.
1090 1771 1168 1825 bolus
1199 1771 1271 1826 hauc
1307 1771 1496 1842 evangelicam
1534 1772 1682 1842 pericopen
1718 1771 1926 1840 iuterpretatur.

98 1858 206 1911 0⁰⁸01⁸¹⁰
263 1863 304 1915 67.
340 1857 489 1922 Quaeritur
513 1863 537 1913 3.
573 1859 621 1910 An
646 1872 699 1926 per
726 1856 836 1923 aliquot
863 1856 924 1908 dies
947 1862 1062 1923 protra·
1089 1857 1263 1927 Argumenta
1279 1876 1328 1927 pro
1347 1857 1399 1911 hac
1417 1856 1555 1912 sententis
1575 1855 1687 1911 formari
1701 1854 1926 1925 possunthujus·

96 1911 214 2009 {liffeim
227 1946 347 1998 bardum
371 1946 409 1997 sit
434 1945 511 1998 illud
536 1944 694 2010 indicium!
729 1941 871 1996 Mahumet
901 1940 930 1994 in
955 1940 1062 1995 Corano
1089 1944 1179 1999 modi:
1201 1950 1223 1999 l.
1243 1943 1368 1999 Christus
1385 1945 1414 1998 in
1427 1954 1485 1999 toto
1500 1944 1591 2013 capite
1605 1950 1646 1999 25.
1659 1941 1757 1996 Matth.
1777 1958 1828 2011 per
1842 1957 1925 2012 para·

97 2014 214 2105 weil&
227 2047 360 2102 perquam
378 2030 498 2085 absurde
522 2038 550 2084 et
573 2027 691 2083 ridicule
710 2026 810 2097 judieii
836 2025 950 2080 extremi
975 2025 1061 2079 conti·
1089 2028 1167 2083 bolus
1186 2030 1220 2084 de
1239 2029 1290 2084 hoe
1307 2030 1413 2099 judicio
1433 2030 1551 2083 disserit.
1587 2028 1721 2098 Proponit
1741 2027 1814 2081 euim
1834 2027 1924 2096 primo

98 2118 155 2209 <iffi
164 2117 213 2206 'st'
227 2116 385 2171 nuationem
403 2117 444 2168 od
466 2115 672 2185 quinquaqinta
691 2113 783 2166 millia
806 2129 945 2165 anctorum
969 2117 1062 2165 extem
1089 2115 1250 2184 parabolam
1269 2118 1303 2169 de
1318 2117 1587 2185 decemvirqinibns,
1603 2115 1648 2169 cui
1663 2113 1762 2168 deinde
1776 2111 1924 2184 subjungit

84 2171 110 2221 μ
134 2177 194 2208 m
228 2204 276 2257 dit.
310 2201 485 2272 Augustinus
504 2200 552 2254 lib.
571 2205 613 2254 20.
634 2200 669 2253 de
686 2199 739 2254 civ.
758 2197 811 2252 Dei
831 2215 853 2252 c.
871 2204 893 2253 l.
912 2204 976 2251 ante
987 2196 1060 2251 med.
1088 2199 1247 2270 parabolam
1267 2204 1302 2254 de
1320 2203 1407 2255 diuite
1424 2204 1563 2256 rationem
1582 2202 1754 2255 talentorum
1771 2200 1844 2267 ipsis
1862 2217 1927 2253 con·

226 2290 255 2342 in
273 2289 364 2342 medio
383 2286 454 2341 hanc
472 2285 660 2356 quaestionem
679 2284 825 2354 relinquit:
848 2283 932 2346 Quod
948 2284 978 2336 in
997 2300 1060 2335 ean·
1088 2288 1258 2340 creditorum
1284 2306 1302 2339 a
1327 2289 1415 2340 servis
1442 2289 1502 2340 suis
1532 2288 1668 2354 eriqente,
1696 2302 1730 2339 ac
1752 2285 1864 2340 taudem
1887 2284 1923 2338 ad

225 2376 350 2437 sessione
374 2390 409 2425 ac
434 2373 613 2441 professione
640 2378 713 2424 tenet
740 2371 829 2424 omnis
856 2369 976 2423 ecclesia
1002 2369 1062 2422 Dei
1089 2372 1160 2426 hanc
1180 2373 1215 2428 de
1233 2374 1314 2428 modo
1339 2380 1367 2427 et
1391 2373 1480 2427 forma
1503 2373 1616 2427 extremi
1639 2371 1739 2442 judicii
1764 2371 1923 2426 concionem

225 2462 299 2524 ceri,
332 2460 472 2516 Christum
495 2460 530 2510 de
553 2457 631 2510 coelo
655 2472 715 2510 esse
737 2463 895 2523 remorum,
921 2456 962 2508 ad
984 2454 1061 2507 uicos
1088 2458 1237 2515 descendit.
1273 2461 1354 2514 Hauc
1374 2460 1508 2514 rationem
1532 2464 1613 2530 urget
1630 2458 1768 2529 Lyranus.
1806 2463 1829 2512 2.
1861 2457 1924 2512 Nou

226 2565 261 2600 ac
275 2554 399 2600 mortuos
416 2544 599 2611 indicandos,
618 2543 690 2596 bunc
704 2542 796 2594 diuini
812 2541 919 2610 judicii
932 2541 1060 2594 ultimum
1090 2544 1199 2599 videtur
1221 2546 1384 2612 verisimile,
1407 2544 1546 2600 Christum
1571 2562 1633 2599 cum
1658 2543 1796 2599 damnetis
1825 2544 1854 2597 in
1879 2543 1923 2597 die

226 2634 301 2686 ditm
324 2633 460 2693 dicim,
490 2631 540 2683 boc
566 2635 606 2683 est
626 2629 805 2682 rrwmdmum
834 2636 950 2696 tempus.
986 2627 1062 2679 Nam
1086 2630 1184 2697 judicii
1204 2631 1275 2685 ultro
1292 2632 1418 2701 citroque
1437 2630 1521 2685 verba
1538 2637 1769 2684 commutaturum
1788 2637 1873 2701 atque
1887 2628 1923 2683 ad

223 2735 276 2788 per
292 2727 358 2786 quot
377 2719 439 2771 dies
456 2717 508 2770 ltoc
525 2716 665 2785 judicium
682 2717 823 2783 tendatur,
849 2715 985 2768 incertum
1010 2720 1059 2779 cst,
1090 2716 1211 2786 ipsorum
1231 2717 1357 2788 querelas
1376 2724 1403 2771 st
1421 2716 1539 2786 replicas
1559 2717 1711 2787 quidquam
1731 2732 1792 2771 esse
1808 2732 1924 2785 respon·

225 2808 277 2860 sed
298 2805 512 2874 Scripturarum
538 2819 615 2856 more
640 2811 802 2855 sanctarum
826 2802 901 2854 diem
920 2800 993 2869 poni
1016 2816 1060 2852 so·
1089 2819 1192 2856 surum.
1228 2802 1407 2873 significatur
1424 2804 1518 2872 igitur,
1536 2802 1635 2871 impios
1652 2809 1720 2856 tuuc
1738 2801 1923 2857 admiraturae

225 2894 284 2947 lere
304 2908 360 2960 pro
379 2899 501 2959 tempore
519 2905 612 2956 nemo,
636 2887 685 2956 qui
701 2889 770 2941 illas
790 2887 890 2940 literas
911 2886 1062 2954 quamlibet
1088 2895 1117 2942 et
1133 2906 1163 2942 re
1180 2889 1241 2958 ipsa
1261 2897 1434 2960 experturos,
1460 2889 1536 2943 facta
1554 2906 1604 2943 sua
1622 2889 1704 2959 longe
1722 2889 1803 2943 aliter
1822 2904 1924 2960 expen-

225 2978 399 3046 neqliqenter
418 2977 525 3043 leporii,
544 2976 639 3028 nescit
675 2973 731 3027 Sed
750 2990 813 3026 cum
834 2971 934 3043 judicii
952 2979 1061 3041 tempus
1089 2975 1180 3030 denda
1196 2983 1225 3029 et
1243 2975 1406 3045 reputanda,
1425 2993 1508 3046 quam
1526 2975 1608 3028 modo
1624 2975 1678 3044 ipsi
1694 2989 1726 3027 ea
1739 2975 1922 3043 reputabant:

226 3064 330 3133 ubique
355 3063 384 3115 in
411 3060 560 3131 Scripturis
589 3060 697 3115 dicatur
728 3056 745 3128 ἦ
772 3059 861 3133 ἡμέρα
890 3063 919 3112 et
949 3058 1060 3128 quidem
1087 3062 1160 3116 sicut
1178 3078 1193 3116 e
1211 3078 1343 3116 converso
1363 3067 1391 3116 et
1410 3061 1487 3123 illud,
1508 3060 1582 3131 quod
1603 3061 1632 3114 in
1650 3067 1730 3130 parte
1744 3061 1833 3132 priore
1851 3061 1921 3130 justi

226 3146 336 3221 ἐσχάτη,
363 3163 481 3216 cumque
504 3146 593 3216 judici
611 3145 706 3199 futuro
725 3146 817 3199 omnia
835 3144 890 3198 sint
909 3143 1061 3212 notissima,
1087 3148 1299 3202 introducuntur
1327 3147 1441 3215 dicturi,
1466 3148 1588 3200 Domine
1612 3149 1727 3218 mondo
1749 3155 1775 3199 te
1799 3148 1924 3202 vidimus

226 3235 275 3305 qui
293 3234 368 3289 nullo
386 3233 522 3304 indigebit
541 3232 586 3287 vel
604 3234 716 3286 testium
736 3231 862 3286 examine
886 3231 931 3283 vel
951 3247 1059 3285 reorum
1087 3234 1252 3286 esurientem
1271 3243 1319 3286 etc.
1338 3251 1393 3288 uon
1412 3239 1455 3287 est
1474 3249 1506 3287 eo
1524 3249 1605 3286 sensu
1621 3232 1821 3301 accipiendum,
1841 3233 1923 3304 quasi

226 3321 398 3377 confessione
430 3319 533 3389 quique
568 3319 732 3373 senteutiam
768 3319 853 3371 latam
889 3316 1059 3371 exsecutioni
1087 3335 1165 3374 suam
1185 3318 1220 3373 de
1242 3319 1371 3389 operibns
1389 3318 1447 3372 suis
1461 3317 1771 3373 sententiamaChristi
1784 3320 1923 3374 reumatis

226 3425 289 3462 mox
308 3407 422 3460 daturus
441 3411 497 3471 est,
525 3404 588 3459 ideo
606 3404 781 3459 verisimilius
800 3419 959 3472 censemus,
983 3402 1060 3473 judi·
1086 3405 1233 3476 sejungere
1254 3405 1347 3472 velint,
1367 3405 1410 3459 vel
1427 3403 1508 3474 quasi
1520 3404 1716 3474 ignoraverint,
1736 3403 1878 3458 Christum
1892 3405 1921 3459 iu

227 3492 300 3558 cium
315 3498 467 3547 extremum
485 3508 541 3545 nou
559 3507 609 3560 per
627 3489 733 3559 aliquot
753 3489 812 3543 dies
835 3487 1060 3560 protrahendum,
1087 3491 1217 3545 membris
1235 3490 1292 3544 suis
1308 3490 1395 3545 cibari
1413 3507 1446 3544 ac
1465 3490 1567 3560 potari,
1593 3490 1642 3544 sed
1662 3489 1736 3560 quod
1755 3506 1805 3561 per
1834 3489 1922 3561 hypo·

227 3578 276 3632 sed
309 3579 390 3632 unico
419 3578 463 3631 die
490 3576 622 3631 divinitus
650 3575 831 3630 determinato
858 3574 1060 3629 instituendum
1085 3578 1175 3632 thesin
1194 3576 1333 3647 quandam
1354 3575 1524 3646 significetur
1542 3584 1600 3630 tum
1619 3576 1740 3644 ipsorum
1764 3576 1921 3644 humilitas,

227 3666 321 3719 Actor.
342 3669 382 3727 17,
402 3682 427 3721 v.
446 3670 487 3719 31.
518 3664 616 3734 Neque
635 3664 775 3717 tamenin
794 3664 851 3715 icta
872 3662 949 3716 sarili
966 3669 992 3714 et
1004 3679 1059 3714 mo·
1086 3662 1161 3733 qnod
1179 3679 1264 3732 opera
1282 3680 1333 3718 sua
1352 3681 1407 3717 non
1428 3664 1574 3719 aestiment
1592 3669 1671 3717 tanta
1696 3665 1921 3718 remuneratione

226 3757 317 3802 nnnto
332 3749 468 3818 judicium
489 3750 561 3803 sicut
578 3747 962 3812 resurrectioinstitueturtin
975 3763 1059 3816 quam
1086 3749 1189 3819 digna,
1216 3749 1288 3803 sicut
1312 3756 1340 3803 et
1359 3749 1475 3819 Apocal.
1495 3755 1520 3817 4,
1536 3766 1562 3807 v.
1586 3758 1625 3803 lt.
1652 3750 1734 3803 electi
1752 3748 1793 3802 sic
1818 3749 1919 3804 descri-

227 3837 389 3890 seutentiam
406 3835 665 3905 inclinatOrigenes
678 3833 1058 3889 traotst7.inMatthaeum:
1087 3835 1206 3900 buntur,
1230 3837 1307 3902 quod
1325 3837 1437 3888 mittant
1461 3852 1580 3889 coronas
1606 3852 1673 3888 sana
1700 3843 1763 3888 onte
1789 3835 1920 3889 tironum

229 3922 350 3989 Tempus
368 3921 463 3983 scituri
474 3921 586 3989 judicii
606 3939 662 3974 non
681 3938 751 3991 opus
765 3920 873 3974 babebit
887 3920 981 3988 spatio
994 3927 1059 3972 tem·
1085 3920 1172 3985 14an,
1192 3921 1323 3987 dicentes,
1341 3925 1406 3989 (nou
1426 3939 1477 3976 uos
1495 3937 1609 3974 coronas
1628 3921 1690 3974 illas
1700 3921 1804 3975 meritis
1818 3922 1919 3976 uostris

224 4007 320 4075 poris,
345 4007 398 4059 sed
415 4007 486 4058 sicrd
502 4007 672 4059 resurrectio
697 4007 803 4058 diodor
826 4006 927 4066 futura
949 4006 979 4058 in
1002 4023 1058 4058 mo·
1086 4006 1263 4076 obtinuimus,
1282 4023 1334 4061 nec
1352 4025 1401 4062 uos
1421 4007 1475 4061 illis
1496 4006 1574 4076 digni
1594 4024 1701 4070 sumus,
1730 4008 1788 4074 sed)
1809 4016 1840 4060 tu
1858 4010 1919 4062 Do-

226 4100 326 4158 mento,
343 4094 374 4144 in
392 4092 449 4145 ictu
466 4092 550 4158 oculi,
573 4093 615 4144 sic
629 4098 702 4158 pato
720 4091 859 4157 indicium
876 4091 967 4160 fore);
994 4091 1061 4161 quia
1086 4093 1159 4145 nsine
1184 4094 1263 4146 Deus
1288 4102 1381 4147 noster
1407 4095 1510 4163 diqnus
1534 4109 1563 4146 es
1589 4094 1718 4160 accipere
1742 4094 1865 4160 ploriam
1894 4104 1921 4148 ct

227 4178 328 4232 Daniel
347 4184 370 4242 t,
398 4195 422 4232 v.
441 4183 464 4232 9.
489 4177 603 4248 Apoeal.
623 4183 663 4238 20,
693 4195 717 4229 v.
737 4183 761 4232 4.
792 4177 931 4243 iudicium
955 4178 1061 4230 dicitur
1086 4179 1218 4233 honorem
1235 4187 1261 4233 et
1278 4180 1420 4242 virtutem,
1450 4185 1481 4233 ut
1499 4179 1554 4233 siut
1571 4178 1649 4233 nohis
1668 4179 1809 4249 exemplo,
1836 4198 1921 4251 quam

227 4265 343 4334 sedisse,
362 4280 395 4318 ac
413 4263 578 4333 disceptatio
595 4262 652 4331 illa,
671 4265 705 4316 de
724 4279 781 4333 qua
797 4261 896 4318 unuh.
918 4268 957 4328 12,
978 4281 1002 4318 v.
1017 4269 1059 4319 41.
1087 4263 1226 4318 humiliter
1245 4264 1279 4319 de
1298 4265 1378 4320 nobis
1404 4282 1437 4319 ac
1455 4265 1554 4320 nostris
1578 4265 1708 4334 operibus
1732 4266 1846 4335 sentire,
1874 4285 1922 4322 ne-

228 4357 257 4406 ct
273 4357 314 4406 tu.
334 4367 367 4404 ac
386 4350 446 4420 ipsa
465 4349 619 4404 sententiae
642 4347 828 4420 promulgatio
854 4350 964 4419 utrique
988 4349 1060 4418 parti
1088 4367 1226 4420 quaquam
1247 4367 1312 4404 vero
1332 4367 1434 4421 capro
1455 4351 1545 4405 causis
1564 4352 1638 4407 vitae
1656 4357 1785 4407 aeternae
1810 4353 1920 4408 merito-

227 4436 342 4491 lereuda
358 4451 462 4489 moram
479 4434 602 4504 aliquam
622 4434 761 4505 requirere
779 4434 896 4488 videtur.
932 4434 987 4490 Sed
1006 4432 1061 4486 fru-
1087 4436 1134 4489 riis
1154 4436 1257 4491 habere
1276 4436 1440 4505 debeamus3
1464 4445 1523 4491 tum
1544 4453 1577 4492 ex
1599 4437 1755 4492 humilitate
1780 4445 1841 4494 orta
1865 4442 1921 4493 nel-

228 4528 287 4574 stra
306 4521 475 4589 disputatur,
499 4536 534 4573 un
554 4537 603 4590 per
621 4521 728 4590 aliquot
754 4519 813 4573 dies
838 4519 999 4573 duraturum
1025 4519 1061 4572 sit
1088 4521 1215 4589 miratio,
1243 4540 1300 4593 qua
1319 4523 1484 4593 stupebunt,
1508 4541 1591 4593 opera
1610 4542 1660 4578 sua
1680 4524 1750 4578 tanti
1775 4541 1793 4578 a
1811 4525 1923 4581 Christo

224 4605 370 4676 judicium,
390 4607 458 4674 quio
477 4615 540 4659 tnnc
558 4607 736 4673 institutum,
759 4606 873 4673 quando
891 4605 980 4658 otonis
1001 4605 1060 4658 die·
1088 4606 1240 4673 trudmari,
1266 4616 1298 4662 ut
1322 4609 1376 4664 sibi
1398 4609 1523 4679 impensa
1546 4616 1665 4680 statuat,
1696 4626 1768 4681 quae
1792 4627 1822 4665 se
1846 4612 1922 4667 illius

227 4710 290 4746 rum
310 4692 453 4744 distinctio
471 4693 587 4744 desinet
1087 4706 1221 4760 personae
1239 4712 1294 4748 uon
1311 4696 1436 4750 recolent
1451 4695 1626 4766 impendisse.
1661 4696 1740 4750 Beda
1757 4696 1786 4750 in
1804 4714 1920 4759 comm:

97 4793 207 4847 Quassus
262 4782 305 4832 68.
341 4776 488 4841 Quaeritur
508 4782 532 4831 t.
558 4777 605 4829 An
621 4778 773 4831 sentcntiae
788 4777 982 4846 promnlqotio
996 4794 1060 4831 ooee
1089 4776 1189 4831 Sancti
1201 4780 1299 4833 dicunt
1317 4783 1398 4848 iaec,
1422 4783 1479 4836 sive
1495 4782 1619 4849 gloriam
1640 4781 1746 4835 utristi
1774 4784 1918 4852 mirantes,

97 4843 211 4938 {gnssgm
228 4871 343 4918 enter-m
369 4863 405 4915 ab
432 4864 557 4917 omnibns
585 4864 742 4932 audiendo,
777 4880 815 4918 an
844 4881 911 4918 cero
942 4864 1060 4917 interius
1087 4863 1144 4917 siue
1174 4866 1250 4933 qnod
1272 4884 1377 4935 parum
1404 4868 1445 4920 eis
1471 4878 1536 4921 tunc
1560 4869 1674 4922 uidetur
1701 4885 1780 4922 omne
1811 4869 1921 4938 bonum,

99 4959 214 5040 ffifilw·
228 4952 366 5004 duruerat
384 4950 414 5001 in
431 4949 565 5016 cuiusque
583 4950 753 5003 comcientia
779 4951 816 5004 sit
838 4951 960 5014 futura!
995 4950 1059 5014 Qui·
1088 4952 1165 5017 qaod
1189 4952 1319 5014 fecerunt
1339 4972 1396 5024 pro
1415 4956 1610 5024 maqnitudine
1635 4955 1754 5008 terroris
1781 4964 1808 5008 et
1835 4957 1921 5011 abusa

98 5049 214 5103 protenu-
228 5036 293 5091 dam
311 5033 454 5090 affirmant
470 5035 620 5104 posterius':
650 5036 712 5089 lien
729 5053 834 5104 repam,
858 5037 899 5091 ait
914 5036 1059 5108 Remigius
1087 5036 1188 5090 dantia
1218 5039 1419 5094 retributionis.
1455 5040 1557 5095 Glossa
1584 5040 1725 5095 ordinaria
1752 5040 1851 5095 Msnh.
1872 5048 1920 5098 252

99 5100 145 5144 ‘¹⁸'
228 5121 553 5177 iucomm.lt1atth.2b.
579 5121 639 5175 sine
657 5123 778 5190 strepitu
796 5123 943 5177 amborum
966 5125 1059 5193 loque·
1086 5121 1153 5174 Non
1171 5123 1342 5177 dissidentes
1360 5127 1396 5177 de
1414 5126 1505 5180 uerbis
1518 5125 1638 5179 Domini
1656 5126 1708 5179 ltoc
1722 5127 1820 5180 dicunt
1839 5128 1919 5194 insti,

228 5216 282 5276 tur,
308 5208 359 5262 lioc
378 5217 419 5262 est
437 5208 631 5273 manifestabit
649 5208 835 5263 cormcientias
852 5217 879 5263 et
896 5210 998 5264 merito
1017 5213 1060 5265 di·
1086 5208 1138 5260 ecd
1154 5208 1197 5262 vet
1215 5217 1356 5279 stupentes
1374 5228 1428 5279 pro
1447 5213 1640 5282 maqnitudine
1652 5213 1810 5281 majestatis
1821 5214 1918 5282 lieqis,

227 5301 323 5361 cetque
337 5312 390 5366 per
410 5294 589 5349 collationem
606 5294 727 5362 ploriae,
746 5296 835 5348 nerine
857 5295 989 5364 beneficio
1003 5298 1059 5349 Pa·
1086 5293 1130 5346 vel
1156 5296 1223 5362 quia
1248 5312 1354 5363 param
1380 5299 1493 5352 ridetur
1519 5299 1579 5352 illie
1606 5316 1685 5353 omne
1712 5317 1783 5369 opus
1810 5300 1920 5368 bonurn,

228 5380 280 5431 tris
310 5381 366 5433 mei
391 5378 516 5449 promoti
546 5380 588 5433 od
617 5379 795 5433 obtinendum
829 5398 944 5449 reqnum
978 5382 1059 5436 sitae.
1088 5382 1164 5448 quod
1190 5383 1328 5446 fecerunt.
1364 5389 1387 5439 3.
1417 5384 1491 5446 Quia
1516 5386 1700 5452 capitationes
1722 5386 1863 5441 bominum
1890 5405 1920 5442 se

227 5463 348 5520 Thomu
378 5466 408 5520 in
433 5466 568 5536 supplem.
595 5469 701 5537 quaest.
730 5469 772 5520 88.
797 5465 905 5522 articul
930 5473 962 5524 2:
992 5470 1060 5524 &im
1087 5465 1203 5520 invicem
1221 5477 1405 5524 crematuras
1423 5471 1467 5524 ccl
1487 5472 1654 5536 deserueras
1671 5471 1802 5527 dicuutur
1816 5473 1846 5526 in
1863 5475 1919 5541 die,
