4050 6014
222 311 284 371 ete
894 299 1123 361 maratus
1142 300 1290 360 sextus

222 459 306 513 Deus
334 458 396 526 ipsc
419 456 502 510 unico
527 456 628 511 intuitu
653 473 704 512 noe
727 457 877 512 mlecmhit
900 463 925 512 ct
947 456 1063 521 afdau.
1090 453 1198 527 colligit
1223 456 1278 510 sibi
1306 456 1451 512 ecclesiam
1476 455 1648 526 eandemque
1677 455 1812 511 adversus
1834 455 1926 511 hosta

223 542 327 612 Itaque
352 558 461 611 campas·
486 559 572 596 canus
590 549 616 597 et
633 543 762 606 ualidus,
790 542 1012 611 rcmpcrilactns
1037 547 1063 593 st
1089 545 1217 609 potenter
1235 540 1375 611 defendit,
1403 541 1489 597 corda
1513 541 1655 597 hominum
1681 558 1731 612 pes
1759 539 1877 597 verbum
1900 548 1930 599 et

107 642 152 684 xx.
165 641 210 683 eal.
225 628 345 696 alacris,
357 643 446 696 atquc
461 645 517 685 non
531 628 591 684 sols
611 637 638 684 et
652 628 722 683 luna
733 628 884 699 pulchrior
904 635 931 682 st
943 626 1064 681 nitidior
1091 625 1226 694 Spiritum
1247 633 1374 682 sanetum
1398 626 1548 692 illuminat,
1572 632 1736 698 mgenerm,
1762 626 1927 698 smoniae,

225 714 413 784 permanehic,
432 717 505 770 adso
520 722 551 768 ut
563 722 651 770 nestas
670 730 777 769 aureae
794 720 878 784 atque
889 730 1064 783 purpureas,
1092 719 1219 778 renovat,
1245 730 1331 768 noros
1355 718 1446 769 motus
1469 714 1499 768 in
1522 713 1577 768 illie
1593 713 1730 768 accendit.
1770 716 1862 785 Atque
1878 713 1932 770 boc

227 818 300 870 quas
320 815 399 869 repes
415 808 442 854 et
455 815 587 855 caesara
597 801 679 865 ferre
691 800 855 870 solmnpro
873 800 934 854 luto
951 806 978 853 ct
994 807 1065 853 ster-
1092 800 1135 850 est
1157 814 1275 868 regnum
1293 799 1409 868 Christi,
1434 799 1510 869 qnod
1532 800 1560 853 in
1583 799 1627 854 his
1645 799 1727 854 terris
1745 798 1931 868 administrat,

226 903 293 941 cors
308 887 455 941 ducmdae
471 886 539 953 rint,
556 886 584 939 ci
602 904 664 940 curn
681 903 735 942 uso
755 887 899 955 adspecta
918 903 975 955 quo
984 887 1065 940 Deus
1092 882 1141 937 ced
1163 882 1193 936 in
1216 884 1262 940 die
1277 884 1380 955 judicii
1402 887 1495 940 unam
1518 886 1595 940 illua
1612 902 1730 955 rspnum
1749 887 1815 940 Deo
1836 887 1931 956 Patri,

226 988 279 1024 nor
296 971 461 1035 illustrabit,
480 979 664 1041 comparatae
679 973 798 1037 fuerint.
829 971 932 1027 Refero
951 970 1006 1026 huc
1025 970 1064 1025 lo
1092 966 1930 1042 bemodnmillumadministrationieacregiminisabolebit
1944 972 1990 1015 ¹¹·
2009 980 2022 1005 '²

226 1073 291 1111 cnm
308 1056 526 1127 pulcherrimum
545 1073 580 1113 ex
599 1057 743 1129 Scaligero
760 1062 1001 1115 exercitarent.
1017 1061 1065 1113 26:
1092 1068 1126 1107 ee
1139 1053 1243 1110 electae
1259 1061 1358 1125 utpote
1374 1056 1454 1124 regni
1472 1055 1558 1126 hujus
1576 1056 1653 1111 cives
1668 1056 1728 1112 Deo
1744 1056 1824 1112 Patri
1844 1056 1928 1129 glori·

225 1142 385 1198 Beatitudo
403 1150 444 1198 cst
454 1144 563 1209 fruitio
575 1145 676 1198 cummi
687 1144 761 1212 honi,
779 1147 832 1200 sed
851 1145 923 1214 guid
939 1150 979 1198 set
990 1144 1066 1210 snii-
1092 1137 1216 1195 fiuandoe
1232 1141 1323 1208 sistet,
1349 1157 1406 1197 non
1432 1142 1552 1218 amplius
1574 1158 1625 1212 per
1649 1142 1767 1198 verbum
1791 1150 1821 1199 et
1838 1161 1929 1200 sacra·

226 1230 289 1283 tio!
309 1231 507 1298 participatio.
555 1230 700 1292 Quomodo
723 1231 918 1301 participatur
948 1231 988 1294 ei,
1017 1231 1069 1300 qni
1093 1232 1187 1280 menta
1203 1241 1267 1282 cnm
1277 1226 1347 1298 ipsis
1359 1234 1435 1299 eget,
1453 1227 1502 1285 sed
1519 1244 1550 1285 se
1568 1228 1700 1298 ipsamet
1712 1229 1831 1300 gloriam
1850 1245 1929 1286 snam

224 1315 357 1381 fruituri
374 1333 431 1370 non
442 1316 570 1371 abscedit
585 1317 622 1370 ah
635 1317 687 1371 illo
700 1316 845 1384 iiiapars,
864 1324 895 1370 ut
908 1316 974 1370 huic
994 1333 1066 1370 com-
1093 1309 1147 1364 illis
1173 1313 1396 1383 conspiciendam
1414 1313 1507 1383 sistet,
1535 1314 1661 1386 adeoque
1681 1332 1700 1370 a
1716 1314 1773 1371 tide
1789 1315 1827 1370 ad
1848 1332 1928 1387 pras·

226 1401 392 1467 muniretur,
411 1404 464 1457 sed
481 1403 532 1458 hoc
545 1419 607 1457 cum
626 1402 678 1458 illo
696 1420 791 1470 uuum,
811 1420 866 1472 guo
873 1410 968 1471 potest
982 1404 1065 1457 modo
1092 1405 1199 1454 sentem
1222 1399 1352 1455 intuitum
1372 1417 1420 1456 cos
1433 1401 1582 1470 perducet,
1608 1417 1665 1456 non
1688 1402 1808 1472 amplius
1833 1408 1930 1457 contu

225 1487 273 1544 sit.
311 1487 370 1550 Quo
393 1495 487 1556 potest
504 1487 607 1543 modo?
626 1495 755 1556 potertnc
771 1489 883 1551 sinuum
899 1506 984 1542 unum
1001 1490 1067 1552 heri
1092 1482 1185 1540 hostes
1209 1501 1256 1541 eos
1275 1485 1420 1552 desendet,
1446 1484 1495 1540 sed
1518 1502 1614 1543 omnes
1631 1485 1724 1544 hostes
1744 1495 1774 1544 et
1791 1489 1865 1543 inter
1882 1505 1930 1544 cos

221 1590 289 1638 ¹cum
307 1574 439 1641 infinito!
459 1591 517 1628 non
534 1574 595 1640 hoc,
615 1591 670 1643 quo
689 1574 767 1629 illud
786 1574 926 1639 infinitum
944 1582 995 1640 ost,
1013 1576 1066 1628 eccl
1092 1568 1180 1638 ipsam
1198 1577 1313 1627 mortem
1328 1572 1439 1641 penitus
1458 1571 1596 1640 destruet,
1621 1577 1654 1626 ut
1678 1571 1715 1628 ab
1742 1572 1798 1628 illis
1823 1575 1929 1629 nullum

226 1675 281 1728 quo
299 1660 406 1726 honum,
425 1659 478 1713 hoc
496 1660 607 1725 sinuum
625 1662 657 1724 ru
669 1677 732 1714 cum
749 1661 802 1715 illo
815 1677 901 1714 unum
915 1677 970 1729 per
988 1660 1065 1714 rimi·
1092 1655 1212 1726 emplius
1235 1656 1415 1711 metuendum
1440 1656 1478 1710 eit
1501 1657 1671 1726 perieulum,
1696 1660 1792 1713 omnia
1808 1659 1930 1728 pedihus

226 1745 382 1799 latudinem.
417 1746 481 1799 Hoc
500 1747 536 1806 dc
552 1761 586 1799 eo
605 1745 787 1815 cranmere,
805 1761 878 1815 quac
895 1746 926 1800 in
939 1746 1063 1814 subjecto
1092 1743 1151 1794 cuia
1168 1742 1304 1810 subjiciet,
1323 1740 1351 1798 h.
1369 1759 1393 1798 a
1412 1739 1526 1811 publice
1544 1743 1574 1798 in
1593 1743 1930 1813 conspectarengelornm

226 1837 268 1886 cet
293 1837 320 1884 st
347 1847 404 1899 guo
425 1829 577 1900 subjectum
599 1832 632 1895 ht
652 1833 770 1886 beatum.
806 1832 857 1886 Fit
882 1847 966 1901 ergo,
996 1833 1065 1899 guia
1092 1834 1120 1883 et
1137 1828 1280 1883 hominum
1294 1827 1523 1893 manifestabitur,
1543 1829 1619 1899 quod
1636 1829 1729 1884 omnia
1745 1829 1859 1885 aPatre
1877 1830 1931 1900 ipsi

226 1932 286 1969 una
310 1918 342 1981 fit
360 1916 503 1970 beatitudo
522 1933 585 1970 cum
607 1916 662 1971 illa
679 1916 868 1984 heatitudine,
886 1934 959 1985 quac
976 1933 1064 1985 neque
1092 1914 1148 1968 nint
1165 1913 1299 1984 subjecta,
1319 1915 1476 1983 ipccetiam
1488 1916 1633 1983 cubicetur
1644 1915 1699 1969 crit
1716 1917 1811 1984 Patri,
1829 1916 1932 1972 insuia

225 2003 257 2056 in
268 2003 393 2071 subjecto
406 2003 458 2058 illo
473 2010 524 2070 eet,
544 2019 632 2072 neque
650 2003 714 2072 ipsa
732 2004 887 2072 subjectum
906 2003 1004 2056 mum
1092 2001 1199 2055 scilicet
1214 2000 1353 2065 membris,
1373 2017 1436 2056 eum
1455 1999 1557 2070 quibus
1569 2017 1655 2056 unum
1667 2018 1768 2072 eorpus
1779 2001 1930 2072 mysticum

82 2089 213 2140 Exu¹¹⁰⁸l¹⁰
261 2091 303 2144 62.
340 2086 470 2143 Omnium
493 2087 734 2144 reuerentissime
758 2095 786 2144 et
810 2088 970 2159 plenissime
995 2104 1064 2157 apo-
1093 2086 1243 2142 comtituuit
1278 2086 1324 2140 Pii
1341 2086 1371 2140 in
1388 2085 1440 2141 hac
1458 2087 1517 2141 vita
1535 2093 1601 2141 sunt
1616 2086 1737 2158 subjecti
1751 2088 1813 2143 Deo
1832 2103 1931 2142 secun·

70 2141 316 2241 ‘¹1¹gf'{‡‘{{‘·5101m
333 2173 468 2245 explicet,
498 2179 632 2244 quantum
662 2173 767 2229 bonum
793 2173 919 2230 futurum
945 2174 982 2228 sit
1008 2172 1063 2228 Dei
1093 2170 1159 2225 dum
1177 2171 1319 2241 spiritum,
1345 2171 1395 2227 sed
1420 2172 1553 2243 quamdiu
1570 2173 1599 2226 in
1616 2172 1685 2242 ipsis
1703 2190 1774 2228 caro
1791 2176 1933 2228 adcerrrn

81 2245 202 2337 ffifflss
225 2259 310 2326 risio,
334 2259 447 2329 quando
475 2258 638 2330 1.Cor.15,
664 2276 689 2312 v.
714 2263 756 2316 28.
800 2262 896 2314 Deum
921 2261 1015 2313 omnia
1034 2261 1066 2313 in
1091 2257 1224 2325 epiritrsm
1250 2258 1435 2326 concupiscit,
1470 2258 1592 2313 nondum
1622 2275 1656 2314 ex
1682 2259 1790 2330 integro
1819 2259 1868 2314 sed
1898 2275 1931 2314 ex

83 2351 198 2390 0mnum.
228 2345 355 2399 onmihue
367 2345 442 2411 fore,
457 2344 628 2413 pronuntiat
658 2344 745 2399 Plura
762 2344 875 2414 quidem
893 2345 922 2399 in
938 2343 983 2399 his
1003 2361 1065 2400 rer·
1092 2347 1171 2412 parte
1189 2343 1251 2398 Deo
1267 2342 1387 2414 subjecti
1403 2349 1476 2410 sunt,
1493 2350 1525 2398 ut
1541 2350 1622 2399 notat
1641 2343 1776 2416 Origenes
1792 2344 1887 2401 bomil.
1906 2352 1932 2402 7.

228 2429 272 2483 bis
289 2430 478 2498 eontinentur,
508 2446 593 2498 quam
619 2430 757 2484 humanus
781 2431 940 2486 intellectus
964 2430 995 2485 in
1013 2429 1067 2485 hac
1092 2429 1121 2482 in
1139 2443 1199 2498 cap.
1214 2434 1253 2484 10.
1266 2428 1354 2484 Lavit
1372 2445 1437 2500 pag.
1451 2434 1509 2487 138.
1525 2435 1593 2484 tunc
1604 2447 1670 2486 vero
1682 2431 1793 2501 penitus
1810 2430 1932 2486 ceseebit

228 2514 288 2569 rita
297 2515 408 2586 assequi
423 2515 519 2584 possit,
541 2514 652 2570 interim
668 2523 700 2571 ut
716 2516 811 2586 aliquo
829 2517 967 2572 duntaxat
982 2516 1065 2571 modo
1092 2514 1168 2569 lucta
1187 2514 1279 2570 earnis
1297 2513 1430 2569 aduersus
1447 2514 1584 2585 spiritum,
1602 2532 1636 2570 ao
1655 2515 1695 2585 pii
1712 2516 1803 2585 plene,
1822 2516 1932 2587 integre

228 2615 271 2666 ao,
288 2606 321 2655 ut
332 2600 489 2671 philosophi
510 2602 670 2671 loquuntur,
688 2598 766 2672 adep
784 2605 911 2673 λογισμῷ
930 2619 1065 2656 summam
1092 2617 1126 2656 ac
1145 2598 1269 2671 perfecte
1286 2598 1442 2655 seeundum
1459 2615 1570 2655 carnem
1588 2606 1617 2656 et
1628 2600 1756 2670 spiritum
1770 2602 1832 2658 Deo
1849 2607 1934 2657 erunt

226 2686 496 2742 illambeatiundinis
505 2687 704 2756 perfectionem
713 2688 907 2757 exprimamus,
923 2688 1066 2760 progredi·
1093 2687 1221 2757 subjecti.
1256 2685 1290 2740 In
1314 2685 1449 2744 haesita
1465 2687 1520 2756 piis
1538 2685 1631 2742 adhuc
1648 2687 1773 2743 imminet
1790 2705 1825 2744 aa
1842 2688 1930 2745 domi-

228 2788 290 2826 mnr
300 2771 355 2825 hac
363 2771 480 2840 ratione,
500 2778 532 2826 ut
546 2776 707 2838 statuamus,
725 2771 819 2829 Deum
836 2773 865 2827 in
876 2774 936 2827 rite
953 2781 1067 2829 aeterna
1092 2777 1176 2827 natur
1194 2787 1267 2826 mors
1282 2771 1456 2841 temporalis,
1475 2771 1525 2827 sed
1544 2777 1626 2842 tnnc,
1653 2773 1765 2844 quando
1786 2791 1859 2830 mors
1879 2790 1929 2846 pe-

227 2855 287 2912 fore
299 2856 392 2913 emnia
409 2857 439 2910 in
455 2856 593 2921 omnibus,
612 2863 637 2914 1.
655 2858 766 2912 ratione
779 2858 890 2926 aperitis
900 2859 1065 2914 immediati.
1092 2858 1168 2913 nitus
1188 2856 1359 2924 abolebitur,
1385 2865 1576 2913 consummata
1603 2859 1655 2916 erit
1684 2858 1767 2915 beata
1794 2860 1844 2916 illa
1865 2861 1929 2917 sub

162 2944 165 2949 “
223 2941 262 2997 -In
277 2942 399 2997 bacvita
407 2950 542 3012 operatur
551 2941 630 2998 Deus
638 2943 908 3001 emniainomnibue
919 2950 940 3000 1.
952 2945 1013 3002 Cor.
1025 2951 1066 3014 12,
1087 2944 1183 3013 jectio.
1221 2942 1310 3000 Oscae
1331 2947 1371 3008 12,
1396 2960 1423 3002 v.
1447 2949 1486 3000 11.
1511 2944 1579 3000 dicit
1606 2944 1757 3000 Dominus:
1789 2949 1853 3017 Epo
1875 2963 1930 3017 per

227 3046 254 3085 v.
268 3033 292 3084 6.
311 3020 360 3082 sid
381 3033 448 3082 tunc
466 3029 522 3082 crit
538 3027 632 3084 omnia
649 3028 678 3081 in
692 3028 829 3085 omnbus.
857 3029 1024 3086 ”Brentius
1037 3032 1065 3086 in
1093 3047 1205 3085 manum
1215 3031 1419 3100 prophatarum
1431 3031 1551 3108 fllp'ltff,
1568 3031 1747 3085 assimilatur
1764 3049 1825 3085 eum
1841 3033 1929 3102 (poni-

227 3114 363 3184 recognit
370 3120 434 3168 tam.
441 3115 883 3186 8.pag.1tltidzPauluanondioit
890 3115 1066 3185 rimplicitsr,
1092 3123 1138 3171 tur
1159 3115 1232 3172 enim
1249 3114 1375 3170 futurum
1389 3132 1438 3184 pro
1450 3115 1601 3185 praeterito
1613 3117 1698 3185 juxta
1716 3116 1861 3188 vulgarem
1871 3117 1929 3174 He

227 3202 310 3254 Deus
327 3198 381 3254 crit
399 3201 507 3264 omnia,
530 3203 582 3255 sed
605 3201 690 3254 addit
710 3201 740 3254 in
759 3200 897 3257 omnihue.
934 3204 996 3257 Nec
1016 3218 1066 3271 epo
1092 3201 1184 3258 bracis
1192 3201 1371 3265 idiotismum,
1388 3200 1463 3257 unde
1472 3200 1556 3255 LXX
1567 3200 1732 3272 interpretes
1745 3203 1930 3259 reddiderunt

228 3286 353 3341 Paulum
368 3288 579 3356 aaponenediai
594 3287 1066 3356 sinpliciter,1)nusrucoclum,
1092 3285 1266 3362 iporeiam),
1286 3302 1321 3342 ex
1341 3303 1397 3357 quo
1415 3287 1569 3358 colligitur,
1588 3288 1663 3359 quod
1680 3288 1835 3359 prophetae
1854 3296 1883 3344 et
1901 3289 1929 3344 in

229 3372 320 3438 locum
339 3373 532 3442 dirumpatur
550 3372 720 3440 etreliqua,
751 3374 803 3426 red
826 3373 935 3450 addidi
960 3381 1065 3427 noster.
1092 3389 1195 3445 genere
1211 3390 1305 3428 omnes
1323 3372 1459 3430 eeclesiae
1475 3373 1593 3428 ministri
1603 3374 1660 3429 sint
1672 3374 1748 3430 velut
1759 3375 1814 3431 Dei
1827 3375 1929 3441 larvea.

231 3457 325 3520 Quare
344 3460 580 3527 quemadmodum
598 3473 648 3511 ncc
668 3457 793 3524 Paulus,
817 3458 860 3511 ita
876 3473 927 3512 nec
945 3474 996 3526 epo
1016 3476 1065 3512 un·
1093 3477 1143 3530 per
1160 3475 1229 3531 quae
1245 3458 1390 3514 nobiscum
1410 3459 1547 3528 loquitur,
1572 3460 1645 3514 sicut
1664 3459 1804 3515 Lutherus
1828 3461 1858 3515 in
1882 3476 1929 3514 an·

136 3566 142 3573 ·
229 3561 314 3614 quam
333 3545 417 3611 amsi,
436 3545 533 3598 omnia
549 3544 708 3610 redipenda
725 3544 756 3597 in
776 3544 885 3608 Deum,
901 3547 954 3598 red
971 3546 1066 3599 Deum
1092 3552 1149 3601 not.
1169 3544 1285 3615 margin.
1306 3544 1385 3599 istius
1402 3544 1458 3600 loci
1472 3544 1581 3600 scribit:
1611 3545 1661 3602 ffiit
1678 3544 1826 3615 litobbelttt
1841 3555 1929 3604 marm

227 3632 295 3697 fore
315 3632 409 3684 omnia
430 3631 461 3683 s'n
478 3631 567 3699 nobum
582 3631 611 3683 in
623 3631 704 3685 nobie
713 3629 838 3700 inquam,
854 3631 986 3686 uidelicet
999 3638 1065 3700 apte
1092 3631 1173 3688 meite
1190 3631 1290 3689 Batbtn
1310 3629 1369 3687 ubet
1385 3629 1527 3698 barionem,
1551 3631 1675 3687 batunttt
1694 3630 1729 3700 lib
1747 3630 1930 3701 parentella

227 3717 400 3786 sipnirtcanc,
420 3733 471 3770 nos
489 3733 545 3770 non
559 3717 730 3786 redipondos
748 3718 778 3770 in
797 3717 925 3784 nihilum,
945 3725 975 3771 ut
992 3717 1066 3771 nihil
1092 3717 1139 3785 lia
1157 3717 1222 3774 eure
1243 3714 1300 3782 lbet
1319 3714 1372 3772 aab
1384 3716 1482 3773 nbcte.-
1499 3716 1739 3782 Quemadmodum
1750 3717 1837 3789 igitur
1848 3717 1930 3773 homo

222 3819 348 3871 proreue
364 3810 482 3871 praeter
501 3804 596 3857 Deum
613 3811 765 3870 rentansat,
781 3805 834 3857 red
852 3820 903 3858 noe
920 3805 951 3856 in
967 3811 1065 3857 nostra
1091 3807 1255 3874 personatus
1273 3802 1388 3872 deponit
1406 3802 1527 3869 larvam,
1551 3802 1665 3872 quando
1683 3819 1715 3858 se
1732 3803 1823 3874 ipsum
1843 3803 1929 3859 meni·

227 3887 386 3941 anhelantia
399 3888 590 3954 reconcilatus,
607 3905 663 3942 non
681 3889 849 3944 collecturae
864 3888 1064 3957 particulatim
1091 3887 1194 3944 faetere
1210 3887 1300 3957 eupit3
1319 3887 1359 3941 sie
1377 3893 1453 3942 Deus
1472 3887 1571 3942 taciem
1589 3904 1677 3954 suam,
1697 3888 1726 3945 b.
1745 3905 1770 3944 e.
1789 3905 1819 3944 se
1838 3889 1929 3959 ipsum

228 3982 254 4028 ct
272 3974 355 4043 man
368 3975 562 4029 emendicatum
582 3989 625 4043 co,
645 3990 717 4043 quac
737 3981 802 4027 eunt
821 3974 900 4027 nolis
918 3976 959 4029 acl
977 3976 1064 4029 uitam
1092 3973 1188 4029 electis
1213 3973 1341 4043 deposita
1365 3973 1444 4028 verbi
1468 3974 1546 4027 larva
1569 3973 1600 4028 in
1623 3974 1683 4029 vita
1709 3981 1823 4031 aeterna
1842 3975 1929 4030 mani·

228 4068 255 4114 st
277 4060 398 4114 ralutsm
427 4068 554 4115 nostram
573 4062 748 4124 neccssaria,
771 4060 807 4113 ah
833 4060 902 4113 aliis
925 4063 1065 4115 creaturis
1091 4057 1214 4113 iactabit.
1261 4059 1296 4113 In
1320 4063 1498 4118 commentar.
1527 4057 1590 4112 Lat.
1620 4057 1667 4113 fol.
1697 4064 1754 4117 542.
1785 4059 1929 4116 Lutherns

227 4146 362 4213 mediam,
385 4147 618 4214 quemadmodum
642 4147 675 4200 in
701 4146 752 4198 hoc
776 4146 871 4200 seculo
897 4146 962 4210 deri
986 4147 1065 4210 solet,
1092 4145 1207 4216 exponit
1226 4143 1330 4206 actius,
1356 4144 1430 4214 quod
1451 4142 1604 4214 prophetae
1623 4144 1680 4198 sint
1699 4144 1784 4200 veluti
1808 4146 1929 4216 pictores

227 4233 279 4285 sed
298 4248 349 4284 nos
369 4232 513 4286 habituros
531 4247 636 4286 omnem
647 4238 773 4284 nuaram
787 4230 956 4293 felicitatem
975 4239 1001 4286 et
1019 4249 1064 4285 ea·
1092 4230 1154 4298 Dei,
1165 4230 1311 4301 qniDenm
1322 4229 1403 4285 nobis
1413 4229 1442 4284 in
1452 4228 1536 4285 verbo
1545 4246 1638 4301 anper
1647 4232 1760 4287 verbnm
1773 4230 1929 4303 depingunt

226 4317 312 4372 lutens
331 4336 351 4371 a
376 4319 441 4373 Deo
462 4318 524 4386 ipso
547 4316 709 4370 immediate
733 4314 824 4371 otest*
861 4314 979 4372 Dixerat
999 4334 1064 4386 apo·
1091 4334 1125 4373 aa
1145 4317 1293 4384 imaginem
1318 4317 1378 4386 ejua
1403 4316 1529 4371 velutin
1548 4316 1761 4386 speculonobis
1788 4317 1928 4374 exhibent

226 4403 315 4458 etolns
338 4403 368 4458 in
392 4402 641 4473 praecedentibus,
668 4401 758 4472 primo
785 4402 924 4457 Christum
941 4404 1063 4457 mariun·
1090 4405 1232 4474 Proponit
1251 4403 1364 4473 (inquit)
1382 4404 1463 4457 nohis
1473 4405 1555 4457 Deua
1569 4406 1599 4458 in
1613 4406 1698 4458 verbo
1713 4404 1928 4459 similitudinem

226 4507 289 4544 rum
298 4505 416 4558 repnum
424 4490 490 4542 Deo
499 4489 588 4543 Patri
592 4507 603 4556 ,·
618 4488 739 4544 meando
749 4497 950 4544 evacuaturum
958 4507 1064 4544 ornnem
1090 4490 1144 4554 eui,
1164 4490 1189 4546 h
1202 4506 1224 4544 c.
1235 4490 1333 4559 pinpit
1345 4489 1516 4543 uoluntatem
1527 4506 1616 4553 mam,
1631 4492 1667 4545 dc
1678 4508 1734 4559 quea
1745 4508 1802 4544 non
1809 4497 1929 4559 parcunt

222 4577 416 4646 principatum
444 4582 471 4628 et
491 4582 659 4644 potestatem
681 4583 708 4629 et
728 4576 857 4631 uirtutan
875 4594 901 4630 v.
922 4582 963 4632 24.
982 4577 1064 4631 tertio
1092 4575 1231 4638 dubitare,
1252 4576 1302 4644 gui
1320 4574 1431 4628 uerbum
1450 4574 1573 4638 fideliter
1590 4576 1717 4629 retinent.
1755 4575 1837 4630 Sicut
1855 4576 1927 4630 enim

223 4664 372 4730 ponendos
389 4676 483 4714 omnes
500 4661 591 4715 melca
607 4662 658 4715 sub
670 4664 759 4731 pedes
776 4663 838 4730 sjue
855 4681 881 4717 r.
900 4668 942 4717 25.
963 4669 1063 4733 quarto
1085 4663 1202 4734 pictura
1227 4663 1319 4726 refert
1338 4661 1446 4724 facicm
1464 4659 1598 4727 hominis,
1625 4663 1667 4714 ita
1696 4661 1809 4715 nahum
1832 4678 1928 4718 ceram

225 4750 404 4806 nosasinun
416 4746 520 4799 hostem
533 4756 649 4802 mortem
664 4764 725 4802 cess
739 4749 897 4818 aliqumdo
917 4750 1063 4802 deetrrsen-
1090 4748 1151 4803 Dei
1166 4747 1296 4802 notitiam
1308 4746 1389 4800 nohr'c
1399 4745 1544 4815 proponit.
1577 4745 1631 4800 Sed
1651 4746 1722 4802 haec
1735 4746 1789 4801 Dei
1808 4747 1927 4816 pictura,

225 4840 293 4892 dum
313 4854 340 4891 v.
360 4842 403 4896 26.
426 4836 523 4906 quinto
544 4836 638 4889 omnia
653 4835 777 4904 pedihus
804 4835 866 4902 ejus
882 4835 1062 4903 eubjicicnda
1089 4833 1158 4888 haec
1182 4832 1339 4887 umbratilis
1363 4848 1397 4886 ac
1424 4831 1576 4901 specularis
1596 4831 1650 4886 Dei
1674 4831 1798 4902 cognitio
1823 4833 1852 4887 in
1868 4833 1926 4889 vita

220 4931 340 4992 proctcr
358 4939 433 4988 eum,
460 4923 510 4990 qui
535 4922 652 4988 oubjccit
679 4920 736 4990 ipei
760 4921 856 4973 omnia
878 4938 905 4977 v.
924 4924 966 4976 tt.
984 4926 1062 4975 sexto
1088 4927 1202 4976 aeterna
1221 4917 1387 4986 abolebitur,
1405 4925 1471 4971 tunc
1489 4919 1563 4971 enim
1580 4919 1736 4972 amolimur
1754 4935 1824 4989 cum,
1842 4921 1928 4974 eicuti

224 5008 353 5077 deniqne,
365 5025 428 5061 cnm
442 5009 537 5061 omnia
550 5007 666 5076 fuerint
678 5007 727 5060 illi
735 5006 870 5074 subjecta,
888 5013 953 5060 tunc
969 5007 1061 5074 speum
1088 5015 1137 5073 oct,
1158 5022 1213 5060 non
1232 5004 1351 5073 amplius
1370 5021 1421 5073 per
1438 5004 1586 5058 obscuram
1605 5004 1746 5074 quandam
1766 5004 1926 5077 imaginem.

224 5110 332 5162 quoquc
350 5094 459 5148 Filium
479 5094 633 5160 subjectum
651 5093 718 5155 fore
736 5092 777 5158 ei,
797 5093 847 5161 qni
865 5092 985 5157 subiecit
1004 5093 1063 5161 ipsi
1088 5094 1175 5162 Apoe.
1196 5095 1238 5160 21,
1257 5107 1281 5143 v.
1301 5095 1347 5145 22:
1376 5091 1525 5158 Templum
1540 5108 1595 5144 non
1614 5090 1677 5143 uidi
1695 5091 1724 5142 in
1745 5107 1779 5144 ea
1800 5090 1925 5159 (coelesti

224 5180 335 5248 omnia,
361 5187 392 5233 ut
417 5180 459 5233 sio
476 5182 557 5234 Deua
575 5179 612 5231 sit
632 5179 727 5232 omnia
745 5177 775 5229 in
793 5177 927 5232 omnibus.
956 5177 999 5231 Ex
1018 5178 1061 5233 his
1087 5176 1297 5247 Hierosolyma,
1326 5175 1355 5230 in
1380 5193 1435 5248 quo
1462 5174 1587 5231 homines
1612 5193 1663 5245 per
1681 5175 1759 5231 verbi
1778 5177 1924 5246 praediea·

223 5281 307 5320 verne
330 5270 358 5320 et
377 5265 515 5336 genuinus
532 5264 615 5334 hujus
639 5262 771 5332 phraseos
796 5278 893 5316 senene
918 5267 1061 5335 uteunque
1099 5265 1190 5319 ionem
1202 5262 1401 5329 instituantur),
1416 5263 1557 5317 Dominae
1570 5263 1643 5316 caim
1655 5263 1735 5315 Dens
1749 5263 1924 5332 omnipotens

224 5351 319 5421 colligi
337 5358 444 5420 potest:
467 5351 544 5406 Dens
567 5350 596 5404 in
620 5348 674 5403 hac
691 5348 751 5402 vita
766 5346 909 5403 nobiseum
929 5348 989 5419 agit
1005 5367 1060 5406 nen
1087 5350 1219 5418 templum
1238 5349 1300 5417 ciue
1318 5355 1344 5402 ct
1365 5347 1465 5417 Apnsu
1491 5345 1673 5418 (qniaiacie
1691 5345 1845 5403 adfaciem
1863 5349 1925 5404 sine

224 5438 384 5492 immediate
409 5437 459 5491 sed
484 5437 613 5490 mediate.
650 5435 705 5489 Per
722 5434 905 5490 ministerium
922 5435 1001 5490 verbi
1019 5437 1059 5490 in·
1085 5434 1164 5490 verbi
1188 5434 1330 5488 involucro
1354 5434 1391 5487 ab
1414 5433 1510 5488 electis
1528 5433 1657 5499 videtur).
1692 5431 1876 5489 Caaeiodorue
1893 5435 1924 5489 in

223 5522 324 5578 formet
341 5539 392 5578 nos
410 5523 445 5577 de
464 5524 510 5579 via
523 5521 630 5591 euntis,
647 5538 697 5593 per
713 5520 829 5576 verbum
842 5528 871 5576 et
886 5519 1192 5590 sacramentalCantic.
1217 5535 1277 5590 cap.
1301 5525 1330 5574 4:
1361 5518 1528 5573 Sanctorum
1559 5520 1705 5573 doctorum
1728 5519 1758 5572 in
1777 5519 1925 5588 promerui
