4050 6014
223 315 280 372 178
865 304 1093 362 matuatus
1113 304 1292 371 QUARTUS

218 468 352 525 extrema,
376 479 513 516 summum
536 461 642 517 scilieet
667 461 775 517 coelum
800 478 833 517 ac
856 462 978 517 infimam
996 468 1050 517 ter·
1079 470 1104 514 et
1121 469 1268 516 oetemam
1285 461 1379 529 uttam,
1398 461 1518 530 ideoque
1535 459 1618 515 etiam
1635 475 1753 530 corpora
1770 459 1912 515 hominnm

218 564 285 616 ram,
304 547 439 617 nominat,
467 554 498 602 ut
516 553 585 618 typo
605 548 689 618 hujus
715 548 824 614 mundi,
848 549 878 603 in
901 566 955 619 quo
977 565 1050 603 nunc
1076 563 1110 602 ex
1128 549 1243 603 mortuis
1262 547 1422 616 suscitabit3
1449 548 1498 603 sed
1515 562 1733 603 macrocosmum
1749 546 1810 601 sive
1827 552 1911 602 totam

217 633 343 698 vivimus,
362 638 520 708 μέλλουσαν
538 632 614 688 illam
638 639 805 709 οἰκουμένην
830 633 915 691 Hebr.
935 639 959 701 2,
979 653 1005 689 v.
1024 641 1048 690 6.
1074 633 1227 689 visibilium
1245 640 1435 690 creaturarum
1460 634 1668 691 universitatem
1692 632 1819 689 condidit
1843 631 1911 688 dnu-

216 720 245 772 in
266 737 321 791 qua
339 728 481 776 aeternum
502 720 602 774 victuri
623 738 725 789 sumus,
743 730 890 792 utrumque
903 720 982 777 nobis
998 721 1047 775 ad·
1074 726 1151 774 taxat
1168 725 1283 791 propter
1299 737 1430 791 praesens
1450 722 1586 789 seculum,
1610 721 1651 776 uti
1668 720 1696 775 in
1713 720 1773 775 vita
1798 718 1911 774 animali

215 807 332 866 umbrat.
368 808 473 872 Quodsi
490 808 518 862 in
538 808 656 878 typicis,
680 806 846 877 parabolicis
872 824 905 862 ac
924 806 1048 877 mysticis
1074 805 1215 862 homiuum
1231 808 1294 862 usui
1314 808 1467 872 inserviret,
1492 807 1610 880 ideoque
1628 805 1794 884 ἀφθαρσίας
1820 812 1851 862 ει
1867 820 1911 862 ae·

215 892 269 955 illis
288 892 520 963 descriptionibus
538 893 571 949 τὸ
590 890 673 968 ῥητόν
697 900 771 948 arcte
790 893 929 964 quispiam
954 897 1049 948 tenere
1074 893 1211 948 territatio
1232 910 1293 949 eam
1313 895 1426 951 minime
1442 895 1605 966 participem
1621 893 1701 962 fecit,
1723 893 1774 948 sed
1799 898 1831 948 ut
1854 909 1911 949 cer·

214 978 290 1048 velit,
302 986 423 1034 statuere
438 980 521 1035 etiam
534 986 649 1052 cogetur
662 995 769 1048 aurum,
788 980 961 1051 margaritas,
973 996 1048 1051 gem-
1074 988 1133 1036 tum
1151 982 1281 1051 temporis
1299 981 1445 1037 articulum
1463 980 1500 1036 ab
1522 988 1633 1038 aeterno
1650 981 1677 1036 ei
1694 981 1854 1048 constituit,
1882 980 1911 1035 in

214 1080 283 1135 ruas,
301 1067 413 1122 arbores
431 1084 494 1122 cum
513 1067 614 1122 nostris
633 1067 725 1138 specie
741 1066 936 1122 couvenientes
948 1066 977 1120 in
988 1082 1048 1122 coe
1074 1084 1130 1140 quo
1149 1073 1177 1123 et
1198 1085 1260 1123 cum
1280 1084 1335 1139 quo
1354 1084 1404 1138 per
1422 1067 1610 1122 immediatam
1627 1067 1796 1123 creationem
1814 1065 1911 1122 debuit

81 1166 102 1206 a.
117 1165 151 1205 ur
165 1167 200 1205 u-
214 1150 276 1207 losti
293 1153 488 1223 Hierosolyma
506 1152 620 1209 futuras.
659 1159 682 1209 8.
711 1155 758 1207 Εε
775 1153 880 1208 diluuii
897 1152 1048 1217 conformi·
1074 1171 1173 1225 capere
1189 1154 1348 1224 exordium,
1372 1154 1412 1210 ita
1430 1170 1541 1226 quoque
1561 1159 1667 1209 certum
1688 1152 1823 1225 temporis
1848 1151 1912 1208 arti·

70 1216 194 1310 issssgffl
213 1246 278 1293 tute.
315 1240 396 1293 Siout
414 1241 445 1293 iu
461 1240 571 1294 cidariu
590 1257 645 1296 nort
658 1241 749 1309 pettit
767 1240 867 1294 munds·
882 1240 1048 1308 substantio,
1074 1241 1167 1294 culum
1192 1247 1305 1297 aeterno
1330 1241 1443 1296 decreto
1462 1241 1487 1296 ei
1511 1240 1654 1313 praefixit,
1678 1240 1708 1295 in
1727 1257 1783 1312 quo
1801 1247 1831 1296 et
1849 1256 1912 1296 cum

212 1324 254 1379 ita
272 1342 323 1379 uec
349 1327 379 1380 tn
403 1328 458 1391 fine
481 1328 570 1381 seculi
594 1326 735 1396 interibit,
760 1325 895 1380 Martinus
918 1327 948 1379 in
967 1325 1047 1380 theol.
1075 1343 1130 1397 qno
1149 1327 1302 1383 durationis
1323 1344 1389 1382 susa
1408 1327 1491 1382 tinem
1511 1327 1636 1383 obtinere
1654 1326 1762 1383 debeat
1800 1332 1839 1384 16.
1865 1329 1976 1383 ΕεΙΗ

212 1427 241 1483 p.
263 1418 337 1471 1076.
372 1411 595 1483 Respondemus:
618 1413 775 1485 primaevus
794 1412 840 1466 ille
861 1411 981 1466 mundus
999 1427 1048 1481 per
1072 1414 1200 1482 justitiae
1224 1414 1374 1483 aequitate.
1415 1415 1572 1469 &caturae
1596 1414 1626 1467 iu
1648 1414 1700 1468 boc
1723 1414 1783 1467 otta
1805 1385 1976 1487 homtsiffl

212 1498 348 1553 diluvium
367 1516 424 1554 non
441 1503 484 1553 est
501 1499 530 1553 iu
547 1498 688 1556 meliorem
711 1504 815 1553 statum
838 1503 975 1565 mutatus,
998 1497 1048 1552 sad
1071 1500 1276 1569 prueatitmut
1294 1500 1453 1570 obsequium
1468 1509 1494 1556 et
1508 1499 1703 1570 ministerium,
1721 1517 1844 1569 aequum
1858 1500 1909 1569 iqi-

212 1585 311 1641 misara
329 1586 505 1651 devastatus,
532 1586 622 1640 atilli
641 1591 766 1656 sperant,
795 1601 845 1655 per
862 1584 989 1640 ultimum
1007 1583 1047 1637 iu·
1073 1594 1120 1640 tur
1137 1593 1187 1654 εει,
1209 1570 1450 1641 ειέεηεεειιεειε
1467 1586 1625 1656 aliquando
1644 1586 1807 1659 percipiant
1824 1602 1909 1656 prae·

211 1672 339 1728 caudium
363 1672 497 1728 muudum
526 1673 559 1726 iri
587 1678 757 1728 renovatum.
792 1672 956 1743 Agnoscent
981 1687 1047 1742 ergo
1073 1673 1167 1743 mium,
1179 1671 1330 1727 Gemonias
1340 1673 1365 1727 d.
1376 1673 1394 1727 l.
1413 1672 1637 1745 Respondemus:
1657 1688 1909 1744 comaquensergo

211 1760 325 1814 rationis
345 1758 545 1829 disparitatem,
573 1774 656 1830 quam
675 1758 830 1815 evidentius
845 1758 996 1828 probamus
1014 1774 1046 1813 ex
1072 1757 1156 1823 foret,
1182 1759 1264 1815 etiam
1289 1759 1372 1815 bruta
1397 1759 1529 1814 animalia
1556 1759 1593 1814 ad
1618 1757 1909 1830 incorruptibilitatem

211 1862 252 1915 eo,
271 1847 346 1917 quod
364 1845 515 1901 destructio
535 1844 631 1902 mundi
650 1862 700 1917 per
719 1845 853 1900 diluvium
873 1861 906 1898 ex
924 1843 977 1899 Dei
1000 1844 1046 1899 de
1072 1861 1132 1900 asse
1152 1846 1355 1915 resuscitanda,
1379 1846 1447 1916 quia
1465 1846 1528 1916 ipsa
1546 1860 1601 1900 nou
1620 1845 1710 1900 miuus
1737 1861 1822 1917 quam
1846 1861 1908 1901 coe·

210 1940 286 1988 croto
302 1949 354 1987 nac
372 1932 471 1988 totalis
488 1949 539 1988 nec
557 1933 656 1998 riualis
675 1931 768 2002 fuant,
795 1931 861 2001 quia
877 1936 1047 1987 reservatum
1071 1932 1128 1987 lusu
1141 1937 1170 1987 et
1188 1938 1263 1988 terra
1279 1932 1441 2004 obsequium
1461 1932 1565 1989 homiui
1582 1932 1752 2003 praestitere.
1777 1930 1909 1996 Quinimo

209 2019 264 2075 fuit
279 2020 309 2074 in
326 2036 393 2076 arca
418 2020 529 2090 generis
552 2019 665 2073 humaui
689 2017 880 2085 seminarium,
902 2034 955 2073 uec
980 2018 1046 2072 dum
1072 2019 1231 2087 ammantia,
1249 2019 1370 2089 arbores,
1386 2019 1506 2090 plantae,
1527 2035 1600 2088 sves,
1620 2020 1711 2090 pisces
1720 2024 1773 2075 etc.
1794 2035 1850 2076 non
1864 2034 1907 2074 so·

211 2108 367 2177 completus
384 2113 444 2163 erat
471 2109 623 2162 electorum
646 2121 790 2174 uumerus,
814 2104 864 2159 sed
887 2103 1046 2174 destructio,
1072 2106 1130 2160 lum
1147 2122 1259 2178 operam
1278 2112 1306 2162 et
1324 2106 1496 2179 obsequium,
1514 2106 1563 2162 sed
1581 2107 1671 2178 ipsam
1692 2122 1804 2178 qnoque
1822 2105 1907 2162 sitam

211 2211 281 2265 quaa
307 2195 472 2266 perignem
495 2193 720 2265 conflagrationis
740 2198 872 2264 sequetur
896 2197 925 2246 at
950 2192 1046 2247 totalis
1072 2201 1100 2249 et
1121 2193 1306 2249 substantiam
1331 2192 1449 2249 hominis
1473 2194 1535 2248 usui
1557 2192 1759 2264 impenderunt.
1801 2191 1907 2260 Quodsi

209 2288 238 2336 et
252 2282 354 2349 finatis
372 2280 433 2351 erit,
460 2281 526 2352 quia
544 2280 663 2351 tempori
681 2280 813 2335 succedet
829 2294 905 2335 mera
929 2279 1044 2335 aeterni·
1072 2295 1137 2351 argo
1155 2279 1232 2336 coelo
1249 2297 1283 2337 ac
1301 2287 1391 2336 terrae
1411 2279 1538 2352 obtinget
1559 2279 1702 2336 renovatio
1725 2279 1754 2334 in
1779 2276 1906 2351 obsequii

208 2374 266 2437 tas,
290 2384 323 2422 ac
342 2369 415 2423 coeti
431 2370 496 2424 root
508 2375 536 2423 et
556 2377 635 2423 terra
652 2386 726 2422 uouu
752 2366 883 2422 divinitus
909 2365 1045 2424 creabun-
1071 2365 1228 2421 homiuibus
1236 2366 1351 2423 exhibiti
1364 2372 1524 2437 praemium,
1540 2368 1604 2437 jure
1617 2366 1723 2437 majore
1734 2372 1764 2421 et
1775 2365 1907 2434 aequiore

209 2459 264 2512 tur.
288 2454 322 2508 In
342 2455 415 2509 dicto
434 2454 586 2525 apostolico
606 2461 631 2511 2.
646 2455 721 2510 Petr.
735 2458 759 2522 ³,
777 2470 804 2510 v.
819 2460 842 2510 6.
854 2469 953 2524 parum
967 2468 1044 2523 prae
1071 2451 1224 2509 animantia
1242 2453 1311 2508 illud
1329 2453 1438 2522 exigere
1458 2459 1487 2509 et
1504 2470 1616 2525 sperare
1632 2459 1770 2524 poterunt
1805 2451 1907 2507 Coelos

208 2539 272 2595 sidii
290 2541 413 2597 invenire
426 2548 563 2612 poterunt,
580 2541 647 2613 quia
657 2558 710 2597 vox
727 2541 825 2594 mundi
839 2539 878 2594 ibi
892 2558 949 2595 non
961 2539 1044 2611 signi·
1070 2555 1156 2594 novos
1177 2556 1213 2594 ac
1237 2547 1344 2594 terram
1367 2557 1467 2595 nouum
1490 2539 1604 2611 gratuiti
1627 2538 1743 2610 praemii
1766 2538 1828 2594 loco
1852 2537 1907 2609 piis

208 2626 275 2682 licat
294 2633 383 2683 totum
401 2627 567 2697 universum,
584 2644 640 2700 quo
661 2644 744 2682 seusu
763 2625 792 2681 iu
810 2625 872 2680 aliis
885 2625 1044 2695 Scripturas
1070 2626 1205 2694 promissa
1221 2641 1283 2681 esse
1299 2626 1441 2698 apostolus
1458 2626 1558 2682 asserit
1574 2631 1599 2683 ².
1619 2623 1693 2680 Patr.
1710 2629 1734 2693 3,
1751 2642 1779 2679 v.
1797 2629 1837 2684 ta.
1856 2623 1906 2679 sed

208 2713 290 2768 dictis
309 2714 344 2769 de
355 2714 590 2770 consummatione
614 2715 702 2770 seculi
727 2713 876 2785 agentibus
899 2711 1043 2782 accipitur,
1072 2713 1107 2765 de
1123 2712 1248 2781 praemio
1266 2712 1455 2769 renovationis
1472 2712 1607 2768 creaturis
1618 2711 1777 2766 inanimatis
1789 2711 1835 2766 vel
1847 2709 1906 2767 ani·

208 2799 344 2872 siquidem
369 2802 489 2856 mundus
513 2800 560 2855 ille
582 2800 683 2856 dicitur
710 2817 787 2870 aqrsu
812 2799 981 2865 inundatus,
1014 2804 1044 2853 at
1069 2797 1150 2852 matis
1179 2798 1292 2871 reliquis
1314 2800 1449 2871 promisso
1471 2798 1558 2853 altum
1581 2798 1610 2852 in
1630 2796 1780 2869 Scriptun‘s
1803 2802 1848 2852 est
1869 2796 1905 2852 si·

208 2904 283 2959 aqua
299 2905 355 2944 non
372 2886 519 2943 inundavit
541 2885 759 2953 firmamentum,
785 2902 837 2940 nec
859 2884 968 2957 ignem,
991 2900 1043 2940 uec
1069 2885 1192 2940 lentium.

208 2975 377 3045 superiorem
394 2973 467 3029 atris
486 2972 635 3045 regionem,
653 2973 703 3029 sed
717 2977 797 3028 notat
810 2970 983 3042 superficiem
1001 2979 1043 3028 oi·

207 3066 356 3134 κουμιεης,
378 3057 453 3115 orbis
476 3065 612 3114 terrarum
633 3057 807 3122 habitabilis,
830 3074 865 3114 ac
889 3058 991 3114 δεειίει
1014 3062 1044 3113 ει
1376 3098 1582 3106 -—.-

208 3145 332 3201 homiues
349 3161 432 3215 super
457 3143 535 3199 illam
559 3144 708 3215 degentes,
731 3160 814 3214 qnam
836 3160 911 3217 aqua
935 3160 991 3199 non
1014 3142 1043 3197 in

208 3229 348 3286 meliorem
368 3236 473 3286 statum
494 3229 615 3301 redegit,
639 3229 689 3284 sed
708 3229 876 3287 horribiliter
900 3230 1042 3286 destruxit.

208 3316 255 3373 Sic
273 3335 339 3390 ergo
357 3317 441 3373 etiam
457 3316 505 3373 ille
520 3317 655 3387 mundus,
678 3317 726 3388 qui
749 3318 779 3372 iu
800 3316 854 3373 line
874 3317 960 3373 seculi
978 3333 1042 3372 cou-
1338 3282 1360 3343 ⁰
1378 3281 1406 3342 Δ
1424 3282 1449 3343 P
1468 3283 1496 3343 u
1514 3284 1539 3342 Τ
1578 3281 1637 3344 Ἦ·

208 3404 347 3476 flagrabit,
366 3421 422 3460 nou
441 3405 470 3458 iu
489 3403 631 3460 meliorem
651 3408 753 3458 statum
777 3421 827 3474 per
852 3404 1042 3461 alterationem
1082 3407 1088 3418 '
1148 3437 1202 3492 DE
1218 3436 1309 3496 FINE
1329 3438 1670 3497 CONSUMMATIONIS
1691 3436 1835 3497 smum

207 3490 363 3562 redigetur,
389 3490 439 3545 sed
456 3490 548 3563 potius
565 3507 616 3561 per
633 3489 860 3546 annihilationem
876 3490 1042 3547 destruetur.

101 3592 122 3636 a.
136 3592 170 3632 nx
208 3583 233 3632 9.
260 3578 306 3632 Eu
329 3577 451 3633 rationis
472 3578 608 3647 paritate.
644 3577 737 3631 Homo
760 3585 801 3632 ert
821 3580 892 3647 finis
921 3578 1043 3632 omnium
1114 3584 1156 3635 64.
1174 3577 1289 3650 Egimus
1300 3578 1431 3634 hactenus
1444 3577 1734 3646 ιιεεειιεεεήἳεὶεειε,
1747 3579 1976 3634 mmmmm

89 3644 194 3743 ,ξζῇῗξέζ
208 3672 413 3729 creaturarum,
434 3681 522 3733 qrsure
541 3681 604 3718 cum
624 3665 705 3718 homo
721 3666 899 3719 renovandus
915 3665 960 3732 sit,
980 3681 1044 3719 cou-
1068 3667 1166 3730 formu
1182 3665 1429 3721 cousummationis
1448 3666 1547 3730 seculi,
1571 3670 1658 3721 restat
1677 3672 1709 3721 ut
1725 3665 1761 3721 de
1777 3664 1905 3737 ejusdem
1917 3647 1976 3730 ξπ

208 3759 369 3806 centaurum
387 3757 440 3816 εει,
464 3758 495 3804 ut
519 3749 648 3819 reliquae
674 3751 757 3804 etiam
781 3760 929 3805 meaturue
953 3751 1044 3822 ipsius
1063 3754 1125 3821 fine
1144 3751 1276 3808 brevibus
1295 3753 1469 3810 disseramus.
1504 3752 1595 3819 diuis,
1619 3758 1840 3825 propterquam
1862 3740 1976 3843 tabl:

208 3855 297 3892 causa
330 3837 461 3891 conditae
495 3844 671 3891 renouentur.
718 3836 798 3891 Sicut
831 3838 947 3906 dippum
977 3838 1044 3902 fuit,
1069 3844 1129 3893 tum
1146 3839 1199 3895 hoc
1216 3839 1373 3895 universum
1393 3839 1598 3906 destruendum,
1616 3845 1661 3895 est
1677 3840 1723 3895 vel
1742 3840 1906 3910 primarias
1918 3834 1976 3893 ‘rou‘

209 3926 286 3994 quod
302 3924 435 3978 elemento
456 3931 665 3994 purpurentur,
691 3941 722 3980 eo
746 3926 824 3992 quod
849 3925 956 3987 infecto
979 3925 1043 3989 fue·
1070 3943 1105 3980 oc
1117 3925 1301 3998 principalis,
1324 3927 1369 3981 vel
1386 3926 1573 3981 secundariae
1590 3943 1625 3981 oc
1644 3927 1736 3981 miuus
1753 3927 1905 3999 principu-

207 4021 275 4066 ram
288 4019 411 4080 propter
428 4019 575 4082 peecatum
588 4011 724 4075 homiuia5
742 4012 783 4089 stc
804 4013 921 4081 diquum
935 4011 995 4078 erit,
1012 4019 1043 4065 at
1070 4013 1115 4069 lr's.
1142 4013 1305 4067 Primorr‘as
1323 4011 1423 4084 Deum
1441 4014 1625 4070 emendarios
1642 4013 1768 4069 homiues
1781 4014 1905 4087 respicit.

208 4099 329 4153 mundus
354 4098 502 4153 innooetur
522 4106 641 4168 propter
659 4099 893 4170 qlon'ficats'ouem
915 4098 1043 4168 hominis,
1072 4099 1182 4155 l.Fs'm'a
1188 4099 1413 4170 principatuset
1424 4099 1905 4168 Deiqlors'ficotio,indestxuctione

209 4194 240 4240 ut
257 4186 311 4239 boc
327 4185 440 4240 ratione
466 4193 538 4241 totus
565 4188 701 4256 mundius,
722 4194 812 4258 prout
831 4186 968 4256 possibile
993 4193 1042 4256 εει,
1069 4186 1142 4242 anim
1158 4186 1255 4243 muudi
1274 4187 1460 4259 conspicietur
1481 4193 1504 4251 1.
1523 4188 1584 4242 Det
1601 4188 1708 4243 υεείιεε
1725 4196 1752 4243 ει
1770 4189 1900 4244 immuto·

107 4281 195 4324 aaa
208 4273 400 4337 conformetur
418 4272 526 4326 bomini
542 4272 710 4343 clarificato.
739 4272 889 4329 Gersonius
902 4272 1041 4327 insumm.
1069 4274 1174 4329 edum.
1209 4273 1286 4328 Deus
1305 4273 1342 4329 ab
1359 4280 1472 4331 aeterno
1490 4274 1613 4331 decrevit
1631 4282 1659 4332 et
1678 4275 1732 4333 boc
1749 4293 1833 4333 suum
1857 4276 1903 4333 dc·

209 4358 244 4414 de
264 4357 374 4430 gaudiis
396 4357 517 4430 paradisi
543 4358 591 4414 fol.
611 4364 677 4417 433:
714 4361 795 4414 Deua
819 4360 914 4429 primo
939 4360 1043 4414 meavit
1069 4366 1174 4417 cretum
1192 4360 1221 4414 in
1239 4360 1322 4417 verbo
1341 4360 1480 4432 patefecit,
1510 4363 1587 4433 quod
1608 4368 1684 4419 certo
1704 4370 1732 4419 et
1751 4364 1902 4420 constituto

207 4446 349 4514 muudum,
368 4445 420 4500 hoo
437 4454 477 4501 εει
494 4445 601 4501 coehtm
620 4455 646 4501 ει
660 4454 774 4511 maur,
794 4454 895 4516 postea
913 4463 946 4501 eu
965 4455 1043 4501 terra
1069 4451 1195 4518 tempore
1214 4444 1350 4503 visibilem
1376 4446 1454 4503 illam
1480 4448 1549 4504 coeli
1575 4454 1722 4521 terraeque
1748 4448 1905 4507 machinam

206 4532 344 4597 formauit
364 4550 466 4604 corpus
481 4534 574 4603 prims·
590 4533 719 4600 hominu,
744 4551 763 4587 a
782 4550 836 4603 quo
853 4540 939 4587 totum
956 4549 1043 4602 penus
1070 4534 1211 4590 destruere
1228 4549 1262 4590 ac
1279 4551 1380 4590 novum
1398 4535 1504 4591 coelum
1526 4542 1555 4592 et
1574 4554 1675 4593 novam
1692 4543 1797 4593 terram
1808 4548 1904 4594 creare
1975 4564 1976 4569 ¹

207 4620 359 4675 humanum
374 4629 581 4690 propagatum·
608 4638 641 4675 eu
657 4620 709 4675 itio
727 4637 827 4689 qaaere
851 4620 971 4674 humano
996 4637 1041 4674 oc·
1071 4619 1145 4675 velit.
1182 4619 1299 4686 Quando
1318 4622 1403 4693 igtur
1421 4621 1475 4678 hoc
1493 4621 1637 4678 decretum
1663 4623 1833 4680 exsecutioni
1857 4624 1905 4681 da-

208 4706 283 4775 eeps't
306 4723 429 4762 musmm
452 4707 613 4777 torpuistis,
639 4724 653 4760 ε
679 4722 735 4775 quo
758 4723 862 4775 corpur
885 4704 965 4762 attio
993 4725 1043 4762 suo
1069 4706 1120 4774 bit,
1139 4708 1258 4779 gloriam
1277 4722 1344 4762 suae
1361 4707 1487 4763 veritatis
1507 4725 1598 4765 coram
1616 4711 1725 4781 angelis
1742 4717 1771 4768 et
1787 4702 1976 4768 homin-¹1¹⁸

153 4844 157 4855 ,
206 4793 355 4863 formauit,
384 4795 461 4863 quod
483 4796 508 4848 is
532 4795 562 4848 ia
585 4809 726 4864 pascuae
751 4793 886 4848 unitatem
911 4796 1043 4863 assumta·
1070 4793 1123 4849 bus
1141 4793 1330 4850 manifestabit
1348 4811 1434 4867 seque
1447 4812 1572 4853 vmacem
1587 4803 1616 4853 et
1628 4797 1902 4857 immutabilemesse

208 4880 250 4933 ita
269 4896 377 4949 quoquo
396 4880 497 4935 ordisse
524 4882 691 4951 retroqrudo
708 4880 829 4948 primum
850 4896 952 4948 empus
970 4882 1046 4937 Fuit
1069 4880 1131 4953 ipso
1149 4880 1225 4935 facto
1244 4879 1451 4937 demonstrabit.
1488 4889 1510 4939 2.
1540 4884 1601 4938 Dei
1617 4885 1749 4955 potentio
1767 4894 1794 4941 et
1814 4888 1901 4958 maja·

208 4966 254 5018 sui
273 4982 306 5019 eu
326 4966 444 5021 mortuis
462 4967 621 5036 suscitavit,
644 4965 790 5019 renouauit
808 4971 833 5018 ει
851 4967 892 5019 ad
916 4968 1042 5022 uestram
1068 4975 1136 5022 stoa.
1171 4966 1408 5031 Quemadmodum
1429 4971 1506 5027 Deus
1525 4971 1554 5025 in
1571 4970 1668 5026 mundi
1686 4972 1828 5030 mentione
1854 4990 1902 5046 po·

207 5053 335 5106 suumin
357 5053 522 5108 coelestibus
540 5053 704 5117 collocavit,
726 5059 828 5122 posteo
846 5053 969 5106 omnium
994 5055 1042 5108 ho·
1069 5054 1186 5109 tantiam
1208 5069 1241 5108 ac
1266 5055 1439 5124 majestatem
1464 5074 1543 5112 suem
1565 5059 1699 5130 exseruit,
1723 5075 1786 5115 cnm
1808 5076 1901 5118 rerum

207 5141 311 5194 minum
328 5158 451 5211 corpora
472 5141 501 5195 in
520 5141 567 5195 die
583 5141 734 5196 moissimo
759 5157 793 5194 ec
811 5141 931 5210 puluere
955 5143 1041 5197 susci·
1068 5141 1192 5196 omnium
1215 5158 1248 5196 ex
1274 5139 1363 5197 nihilo
1387 5144 1533 5214 productio
1554 5145 1592 5200 sit
1616 5145 1741 5223 infinitae
1758 5148 1901 5218 potentiae

208 5226 423 5297 tarditatemque
445 5227 529 5281 mium
548 5244 651 5296 eorpus
668 5227 769 5280 muudi
786 5228 828 5280 ad
845 5227 1042 5300 incormqrtibi·
1070 5246 1140 5298 opus
1165 5226 1368 5298 <Tertullianus
1388 5230 1417 5284 in
1435 5230 1543 5302 apolog.
1564 5248 1623 5303 cap.
1645 5238 1692 5289 16:
1726 5233 1812 5297 Quod
1835 5234 1900 5290 eolt'·

207 5312 316 5367 litatem
341 5314 494 5367 renovabit.
530 5312 753 5382 Respondemus:
780 5321 823 5368 est
850 5313 944 5383 dispar
971 5315 1042 5370 ratio
1068 5334 1142 5385 mus,
1168 5317 1248 5371 Dassa
1264 5335 1337 5371 uuus
1355 5324 1408 5384 εει,
1432 5318 1483 5388 qut
1501 5324 1590 5372 totam
1608 5320 1709 5373 molem
1727 5320 1813 5375 iatum
1841 5338 1900 5377 cass

210 5397 382 5454 microcosmi
402 5416 436 5453 ac
455 5398 641 5454 macrocosmi.
676 5398 888 5455 Microcosmunr
915 5400 973 5456 sive
990 5401 1041 5458 ho·
1069 5402 1551 5470 omuiiuatrumeutoetemcutorum,
1570 5421 1729 5477 corporum,
1747 5406 1899 5476 spirituum

210 5485 310 5539 minam
329 5484 405 5539 Deus
425 5485 532 5540 creavit
550 5504 605 5541 nou
623 5484 711 5542 solum
730 5487 766 5541 ad
793 5486 866 5542 hanc
889 5488 1042 5545 autumem
1067 5492 1164 5559 ambo,
1190 5506 1244 5559 quo
1254 5489 1359 5559 jussit,
1384 5490 1510 5560 rots'orse,
1533 5508 1591 5561 qua
1608 5492 1766 5564 disposuit,
1792 5495 1901 5567 unua

208 5576 236 5622 et
254 5570 459 5641 transitoriam,
477 5572 526 5627 sed
538 5572 623 5629 enam
634 5572 672 5629 ed
687 5574 877 5643 spirituatem,
895 5574 1040 5632 coetmtem
1067 5596 1124 5649 qua
1137 5578 1240 5647 potuit,
1267 5580 1303 5633 ste
1322 5576 1412 5632 nilu'to
1430 5580 1566 5647 erprmsit
1584 5581 1614 5634 ta
1632 5588 1824 5638 ommmmbsm
1843 5600 1899 5639 mu·
