4050 6014
680 344 733 400 nu
748 344 1088 404 oonsunnfflouu
1107 346 1251 404 secum.
1744 356 1805 414 203

103 499 221 568 florere,
246 504 355 553 walum
374 498 544 571 inerepands‘
560 509 588 555 et
607 503 764 557 areimis·
779 509 852 571 sant,
874 517 944 572 2222
970 501 1098 558 omnibus
1116 503 1291 575 putredinem
1311 508 1341 558 et
1359 502 1562 574 corruptionem
1587 504 1747 572 adhaerere,
1767 510 1808 559 ta-

106 586 206 656 pes-ire
233 604 296 640 eam
321 596 458 656 pereunte
475 582 605 646 22122221.
627 606 708 646 serm.
729 593 768 646 29.
786 589 823 646 de
842 589 944 645 morbis
972 589 1081 645 meniu
1100 589 1256 646 novissimis
1274 589 1369 645 mundi
1387 589 1487 644 diebus
1504 590 1723 658 thesaurizastis,
1742 590 1924 646 1212222122

110 670 237 728 Domini:
275 674 300 727 O
322 677 424 729 inuade
453 675 594 730 immunde
621 677 693 747 quid
719 675 843 745 mepisi
874 677 945 746 qaid
971 692 1074 748 aerugo
1094 676 1210 733 terrenis
1230 677 1336 732 divitiis
1355 676 1509 732 adhaerens
1530 676 1558 729 in
1576 676 1622 730 die
1633 676 1736 747 judieii
1753 676 1807 733 erit

111 766 237 814 22222222
256 761 391 815 eoaars'sl
418 770 511 816 tenere
528 763 571 816 eie
586 765 710 833 periens,
735 763 805 834 mis
820 765 944 834 faceres,
972 761 1051 818 vobis
1068 763 1097 817 in
1115 764 1311 828 testimonium,
1332 764 1406 834 quod
1424 779 1480 819 non
1497 779 1548 833 pro
1565 763 1638 816 veris
1655 762 1759 818 divitiis
1773 780 1807 818 aa

109 846 139 899 ei
153 850 300 901 2222222223
319 863 399 916 quern
423 865 479 902 soa
497 849 641 918 deriperas
659 848 759 918 2121222,
780 849 809 902 ei
824 866 943 903 amares:
973 865 1036 903 vero
1050 848 1180 904 thesauro
1199 866 1233 904 ea
1251 848 1354 904 habere
1373 848 1548 904 debuissetis.
1575 847 1649 913 Quid
1667 866 1769 904 aarum
1781 857 1808 904 et

111 933 248 988 alimenta
271 934 421 988 mentiris!
448 950 529 990 serm.
553 941 611 992 245.
635 934 672 989 (12
696 940 795 1006 temp:
820 935 856 990 Si
880 936 946 998 finis
971 944 1124 1004 arpentum,
1145 937 1219 1008 quod
1236 942 1489 1007 tantopereomnee
1502 935 1725 1006 ooneupisount?
1741 954 1807 1007 spu·

111 1021 212 1074 mundi
226 1028 275 1089 ert,
294 1020 476 1090 seips-andam
495 1029 537 1075 est
558 1023 715 1092 demando,
732 1040 789 1075 aaa
804 1024 945 1076 amandes:
971 1037 1017 1074 ma
1034 1023 1063 1076 in
1078 1021 1231 1077 visceribus
1248 1027 1338 1077 terrae
1357 1038 1391 1076 ex
1409 1020 1515 1078 sulfure
1531 1028 1560 1074 et
1577 1020 1714 1077 mercurio
1731 1028 1806 1077 nata.

110 1107 289 1163 armandas.
305 1107 520 1162 Eceeturlatar
528 1110 648 1162 mondus
660 1116 806 1164 stamnum
815 1109 943 1161 mandas.
972 1107 1046 1173 Quid
1063 1109 1192 1173 22222222,
1213 1125 1268 1179 quo
1293 1108 1410 1163 fastuosi
1426 1106 1610 1178 superbiunt?
1627 1114 1733 1164 stereus
1748 1126 1808 1163 ver·

114 1193 227 1256 sts'dei
237 1193 412 1262 2222221122
423 1201 491 1247 esset
500 1196 643 1249 mandas?
664 1197 793 1260 formoso
806 1196 946 1264 quomoda
973 1193 1068 1250 mium.
1077 1194 1151 1259 Quid
1163 1202 1251 1250 aestas
1262 1195 1384 1249 lamae!
1399 1194 1487 1249 rellns
1500 1193 1653 1249 oeeisorum
1667 1211 1808 1265 perosum.

111 1281 254 1346 haereres,
264 1280 314 1351 orsi
327 1280 695 1351 eieompleoters'ofoedumi
708 1284 796 1353 flores
807 1282 870 1351 ejus
881 1300 946 1352 quo·
975 1278 1048 1342 Quid
1060 1281 1196 1348 palatia!
1213 1280 1320 1351 lapides
1337 1280 1488 1337 insensiles.
1506 1280 1580 1346 Quid
1588 1282 1676 1351 april
1694 1288 1808 1352 torpens

111 1369 196 1421 modo
208 1366 362 1434 eoilipsree,
383 1367 434 1436 pai
449 1368 486 1422 al
498 1368 590 1437 spiar'e
606 1388 662 1423 noa
680 1385 797 1424 reeoeas
812 1371 948 1424 manem!
975 1365 1082 1420 humus.
1120 1365 1194 1431 Quid
1221 1368 1315 1421 omnia
1342 1375 1464 1433 lmese,
1496 1383 1528 1422 er
1562 1364 1664 1438 quibus
1695 1367 1808 1423 divitiae

111 1452 264 1525 Gregorius
273 1452 365 1507 homil.
381 1457 421 1510 18.
434 1454 591 1512 iniissent
611 1456 646 1511 82·
654 1457 741 1511 mum
750 1458 885 1510 mamam
894 1458 945 1509 ad-
974 1454 1190 1523 comparantur?
1218 1455 1335 1520 vanitas,
1359 1454 1461 1521 sumus,
1486 1453 1562 1508 nihil
1602 1454 1659 1517 Qai
1682 1455 1713 1509 ia
1729 1463 1808 1509 terra

110 1539 164 1593 lue
181 1539 336 1609 dilipimae,
360 1559 416 1594 naa
435 1542 502 1610 jam
520 1542 630 1611 paedia
650 1544 702 1597 reri
723 1543 844 1598 2212222
867 1560 949 1597 oma-
974 1540 1173 1608 tbesaarisant,
1189 1541 1279 1612 inquit
1296 1540 1471 1612 Augustinus
1490 1541 1518 1597 in
1538 1557 1627 1596 enarr.
1646 1540 1749 1596 Psalm.
1765 1548 1806 1597 18.

110 1643 172 1680 mas
191 1631 244 1684 eto.
276 1626 476 1695 Despiciamue
493 1643 526 1681 ee
545 1634 605 1682 toto
626 1628 722 1682 animo
741 1629 793 1684 loe
807 1646 947 1699 praesens
974 1626 1081 1680 similes
1098 1634 1163 1680 eost
1182 1627 1251 1690 illis,
1269 1627 1320 1696 pai
1337 1628 1438 1696 fropes
1456 1645 1525 1681 snus
1543 1628 1574 1680 in
1592 1627 1658 1681 imis
1677 1628 1807 1682 22112222·-

109 1713 235 1767 reeulum
254 1713 298 1767 eel
316 1713 486 1769 aretinorum.
516 1715 666 1769 Finiamns
682 1714 784 1770 mandi
801 1715 947 1771 desideria
974 1711 1020 1766 die
1034 1712 1106 1766 loeis
1119 1713 1282 1780 recondant,
1299 1730 1356 1767 aaa
1369 1712 1643 1780 animadvertentes,⁸
1657 1713 1722 1768 lieo
1731 1716 1807 1782 fore,

110 1799 211 1855 nauem
229 1816 290 1853 eum
310 1800 410 1854 maadi
426 1801 489 1864 fias.
508 1800 656 1857 homilis.
670 1802 698 1856 12
715 1818 830 1873 evang:
850 1801 949 1856 Sancti
974 1806 1004 1852 a:
1021 1798 1348 1869 222222222212222222.
1383 1799 1523 1855 Terrenae
1550 1798 1665 1855 divitiae
1681 1805 1731 1855 aut
1757 1818 1808 1856 nos

110 1886 168 1955 isti,
187 1887 230 1939 ad
241 1901 358 1955 quoram
370 1887 493 1940 tumbam
504 1888 689 1954 eomistienas,
703 1891 850 1959 florentem
869 1906 946 1942 man·
975 1884 1102 1940 deserent
1116 1885 1144 1940 in
1165 1884 1251 1940 seeuli
1270 1885 1515 1952 consummatione,
1533 1892 1583 1941 snt
1600 1903 1651 1940 nos
1668 1902 1715 1941 eas
1729 1886 1806 1942 dese

111 1971 429 2044 dammsstiederpeeta
439 1974 769 2043 :merbena-uatum:
780 1975 948 2040 2221212292,
973 1988 1064 2026 remus
1084 1971 1113 2026 in
1130 1977 1225 2027 morte.
1249 1970 1373 2027 Pereunt
1387 1976 1558 2044 eongregata
1576 1972 1677 2037 omnia,
1694 1973 1743 2028 sed
1761 1971 1808 2028 de·

110 2058 192 2113 salus
211 2059 353 2126 22222222,
380 2060 527 2128 opulenrs'a
552 2061 582 2115 in
598 2061 690 2129 rebus,
711 2060 893 2126 faeermdr'tas
916 2060 946 2113 in
973 2057 1059 2112 terius
1078 2057 1151 2128 perit
1178 2072 1273 2113 eornm
1297 2065 1492 2130 congregator,
1515 2058 1583 2131 quia
1607 2059 1690 2114 labor
1707 2076 1807 2114 arara·

106 2142 277 2218 prepapime,
297 2145 493 2215 tranquillitas
512 2146 543 2201 in
563 2148 698 2201 dionem
715 2164 796 2216 paee,
814 2154 946 2201 ettamen
972 2162 1037 2198 rum
1053 2162 1108 2198 san
1123 2145 1215 2199 solam
1229 2152 1270 2198 ert
1276 2146 1432 2214 perituras,
1450 2147 1502 2200 sed
1513 2147 1598 2200 etiam
1608 2148 1806 2215 peremtorias,

110 2248 173 2285 enm
191 2232 220 2284 sir
233 2247 263 2285 se
276 2231 339 2300 ipsa
351 2233 476 2300 floreret
487 2233 554 2303 jam
570 2234 600 2287 s'n
614 2249 709 2289 samm
721 2234 855 2288 cordibae
869 2250 947 2286 mun-
972 2229 1150 2287 Bernhardus
1169 2236 1322 2287 eonversat.
1342 2247 1402 2302 cap.
1427 2237 1465 2287 12.

111 2319 167 2371 das
186 2325 349 2374 2222222221.
383 2318 460 2372 Ε222
475 2319 537 2386 iam
553 2321 676 2373 maedus
692 2320 723 2373 iss
740 2336 771 2373 se
789 2320 852 2388 ipsa
870 2320 948 2373 amit
1009 2322 1066 2373 121.
1093 2321 1119 2373 t.
1148 2317 1176 2371 A
1188 2317 1381 2390 paenitentiae
1398 2317 1548 2375 dilatione.
1568 2315 1649 2372 Siout
1665 2332 1739 2372 mors
1759 2318 1965 2383 1222222221-

112 2411 139 2458 et
157 2404 253 2460 adine
272 2404 303 2457 s'a
324 2405 456 2459 :ordibus
478 2406 583 2460 metris
600 2408 693 2476 floret
735 2406 840 2476 Ubique
862 2423 947 2470 mars,
973 2403 1040 2458 mini
1066 2409 1143 2458 eerta
1167 2410 1218 2471 est,
1248 2404 1433 2460 horrentem
1459 2403 1554 2460 mortis
1578 2404 1667 2460 eidem
1689 2404 1804 2459 iuuene:
1822 2385 1957 2476 iffi*

112 2491 213 2562 abique
225 2491 326 2561 maras,
345 2492 446 2563 aesque
460 2492 608 2558 22221222,
629 2495 753 2563 undique
764 2493 946 2565 percutimur,
973 2490 1013 2545 sie
1033 2489 1233 2545 consummatio
1253 2491 1340 2546 seeuli
1358 2497 1434 2547 eerta
1446 2498 1496 2560 est,
1514 2495 1624 2562 tempus
1638 2495 1732 2545 eutem
1747 2504 1810 2546 aen-

111 2577 237 2647 asanaa
260 2577 501 2633 amaritudinibus
523 2579 675 2649 replemur,
700 2587 726 2633 et
750 2587 844 2634 mmess
861 2594 948 2633 22222
973 2577 1163 2632 summationis
1180 2576 1317 2633 ineertum
1335 2583 1364 2633 et
1390 2576 1570 2650 incognitum.
1606 2576 1809 2632 Paenitentiam

111 2671 201 2718 messe
218 2663 346 2718 22222122
363 2665 605 2734 empiseentiae
624 2666 705 2735 22222
728 2667 790 2736 eius
810 2665 948 2719 amorm-
973 2679 1041 2735 ergo
1058 2669 1181 2719 nostram
1199 2663 1469 2720 nondiffersmusin
1482 2664 1642 2731 erastinum,
1661 2663 1721 2718 fieri
1735 2663 1808 2718 enim

112 2751 194 2806 disee
211 2766 347 2805 amamus.
377 2750 541 2818 Mentem
558 2752 709 2822 22222222,
729 2752 836 2808 labanti
851 2751 948 2805 isiae·
973 2754 1074 2821 potest,
1091 2755 1124 2805 ut
1142 2748 1189 2806 hie
1204 2750 1265 2822 ipse
1284 2750 1344 2806 dies
1364 2751 1409 2806 rel
1428 2749 1540 2816 mundo,
1558 2748 1696 2806 velnobis
1714 2750 1809 2804 sitno-

110 2854 211 2895 remsrs.
248 2839 288 2892 Et
310 2837 379 2906 qaia
395 2838 541 2892 'labentem
567 2839 687 2893 retsisere
711 2855 767 2892 non
790 2854 949 2908 poseamus,
973 2835 1109 2891 sissimus.
1154 2835 1255 2893 Omnia
1284 2836 1406 2893 risibilia
1440 2838 1569 2906 clamant,
1598 2834 1681 2891 finem
1713 2835 1809 2890 mundi

112 2943 174 2980 eum
200 2926 264 2994 spen
289 2924 420 2992 labimur,
446 2941 526 2992 qoem
549 2926 695 2978 2222221222
718 2933 849 2979 uremur.
885 2924 949 2977 Ali·
973 2923 1079 2988 ederae,
1103 2938 1187 2979 eeeur
1203 2922 1292 2996 igitur
1309 2923 1409 2980 nostris
1427 2923 1549 2994 pennatis
1567 2940 1623 2978 non
1643 2921 1810 2993 imponimus

112 3012 227 3083 quando
251 3027 303 3064 nor
322 3012 446 3064 mundas
466 3010 651 3066 2212222222
674 3012 796 3065 sarneii
818 3028 838 3064 a
866 3013 948 3079 Deo,-
973 3008 1077 3067 1122211
1096 3014 1209 3066 aeterua
1226 3015 1426 3081 praestosum,
1445 3026 1494 3064 eur
1513 3007 1672 3064 aeternitati
1687 3009 1809 3064 nondum

112 3115 186 3153 nana
205 3097 291 3151 tantis
304 3097 405 3166 plaps's
419 3096 524 3165 plenus
536 3106 585 3162 eat,
603 3105 634 3152 ut
652 3097 776 3166 ipsam
787 3099 853 3168 jam
870 3114 946 3151 mun·
974 3112 1025 3151 nos
1050 3096 1201 3167 paramus?
1236 3095 1300 3152 Filii
1324 3101 1353 3152 et
1378 3095 1453 3151 iilise
1476 3094 1541 3152 lobi
1565 3099 1664 3150 mutua
1688 3095 1761 3150 inter
1780 3111 1810 3150 ee

113 3187 167 3239 dm
190 3184 281 3237 mittat
304 3184 345 3236 ad
371 3185 471 3236 Deam.
509 3183 603 3240 homil.
626 3188 667 3240 36.
691 3183 719 3238 in
746 3199 859 3254 evang.:
899 3182 948 3237 oe
973 3182 1041 3238 laeti
1060 3182 1189 3239 oonrivia
1207 3188 1338 3239 eurantes
1363 3183 1474 3239 aedium
1498 3181 1580 3237 ruina
1598 3181 1745 3237 subitanea
1762 3198 1810 3252 op·

112 3280 255 3327 teneamus
273 3286 315 3332 22,
334 3285 407 3339 quae
426 3276 492 3324 saa:
511 3270 596 3339 sajus
612 3271 720 3338 mundi,
740 3277 770 3323 22
789 3277 882 3324 tamea
892 3284 948 3340 per
974 3268 1132 3339 primuntur
1149 3268 1214 3326 Job.
1235 3275 1260 3338 1,
1277 3286 1304 3324 r.
1328 3275 1366 3326 19.
1394 3269 1435 3324 212
1461 3269 1490 3323 in
1509 3268 1745 3324 eonsummatione
1768 3285 1809 3323 se·

113 3374 147 3410 aa
162 3364 385 3420 nonuneomur,
404 3354 496 3409 eitres
515 3356 680 3424 temporalis
702 3357 732 3409 ia
751 3373 812 3422 asa,
831 3362 947 3409 2222222
974 3354 1028 3411 auli
1050 3355 1121 3410 eoeli
1146 3361 1294 3428 terraeque
1319 3355 1483 3428 repentinus
1507 3355 1560 3411 erit
1583 3354 1729 3426 collapsus,
1755 3372 1810 3426 quo

113 3444 143 3498 ia
163 3443 314 3508 desiderio,
340 3443 378 3495 sit
396 3456 443 3496 res
460 3441 626 3510 temporalis
647 3442 677 3496 s'n
699 3442 807 3508 itinere,
832 3448 948 3496 aeterna
974 3441 1064 3496 seeuri
1088 3447 1117 3497 et
1146 3441 1359 3512 impoenitentes
1384 3441 1414 3496 in
1444 3440 1584 3496 infernum
1609 3458 1698 3512 usque
1722 3441 1811 3513 depri-

113 3531 289 3586 derideretur
315 3529 346 3583 ia
368 3528 557 3599 perventione.
592 3527 644 3583 Est
671 3532 701 3584 et
724 3526 778 3584 hoe
805 3525 948 3598 Gregorii:
975 3532 1092 3582 mentur.

114 3617 244 3672 Mundus
269 3622 312 3671 eet
336 3615 429 3669 instar
449 3615 529 3670 22222
548 3631 655 3680 eaesae,
681 3616 804 3669 exterius
827 3615 948 3684 paura
1010 3609 1632 3687 ros.s.11«9avsm6;siveeeiormsartas
1647 3629 1713 3667 usus
1731 3613 1760 3668 in
1779 3628 1812 3668 eo
1825 3640 1846 3681 ς,
1860 3640 1948 3680 mm.

113 3706 233 3769 eidetar,
256 3703 309 3757 sed
326 3702 353 3756 si
370 3701 485 3756 22122122
502 3702 631 3756 perstatis
649 3701 806 3774 aperiatur,
826 3701 948 3756 22222ιά22
975 3700 1109 3764 consistit,
1134 3700 1209 3770 quod
1235 3698 1379 3755 meditatio
1397 3698 1644 3754 consummationis
1660 3699 1747 3754 sonuli
1769 3716 1811 3755 er-
1825 3691 1927 3784 aggf·

107 3790 289 3862 pumediaem
306 3796 333 3842 et
347 3803 464 3843 eermea
974 3787 1044 3843 eitat
1068 3803 1119 3841 nos
1139 3793 1160 3843 1.
1188 3789 1229 3842 ari
1256 3787 1396 3841 sinceram
1422 3787 1482 3840 Dei
1510 3786 1643 3841 timorem.
1680 3783 1761 3840 Coeli
1787 3792 1869 3838 etuas
1883 3795 1940 3835 usse

59 3902 97 3932 n·
149 3881 205 3933 122.
225 3882 249 3931 2.
270 3874 591 3930 Abararads‘es‘tiarum
605 3873 798 3943 aepmrinose.
812 3873 912 3932 1122112
922 3879 948 3938 6,
974 3882 1052 3929 terra
1071 3888 1173 3944 magno
1193 3888 1226 3928 22
1253 3871 1379 3928 horribili
1398 3872 1510 3945 fragore
1535 3873 1693 3942 aliqnando
1720 3879 1812 3925 trane·
1826 3846 1951 3938 i‘fi‘iii'.

59 3945 97 4037 ’,Ἐξ
112 3981 138 4019 v.
160 3969 204 4022 it:
224 3963 323 4018 Nolite
339 3961 534 4016 :sesamam
553 3960 631 4015 22222
648 3961 796 4016 thesauros
812 3961 843 4015 iss
860 3969 948 4031 terra,
975 3962 1052 4014 ibunt
1072 3966 1096 4016 2.
1115 3959 1190 4015 Petr.
1205 3963 1229 4029 2,
1248 3978 1272 4015 r.
1286 3964 1327 4016 to.
1343 3959 1490 4015 timeamus
1503 3965 1618 4030 propter
1635 3959 1714 4014 illum
1728 3958 1812 4013 inter·
1825 3950 1955 4041 {ffiss‘¹

62 4058 99 4089 ¹¹⁸·
114 4050 163 4105 abi
178 4066 285 4118 aarapo
302 4047 413 4102 ettinm
430 4047 592 4115 demolirem,
610 4054 637 4100 st
652 4047 702 4100 ubi
712 4048 796 4110 feres
812 4048 949 4118 effodisset
975 4048 1053 4117 itum,
1073 4063 1109 4102 ue
1125 4046 1213 4118 ipsius
1226 4046 1353 4104 interitus
1365 4053 1489 4119 tempore
1502 4046 1638 4102 inutiliter
1648 4053 1809 4100 terreamur.
1937 4032 1942 4043 ’

115 4147 143 4194 et
157 4137 303 4200 furantur,
323 4133 341 4188 i.
360 4151 385 4190 e.
409 4139 520 4189 terrena
538 4133 633 4189 omnis
652 4133 831 4205 eorruptioni,
856 4140 949 4204 putre·
977 4136 1027 4189 Me
1047 4151 1114 4205 erpa
1128 4152 1184 4190 222
1198 4134 1339 4202 timebitis,
1359 4134 1400 4190 ait
1420 4133 1555 4189 Dominus
1573 4133 1675 4189 Jerem.
1694 4137 1717 4199 5,
1732 4149 1757 4184 v.
1768 4135 1809 4186 22.

116 4223 173 4280 diui
190 4227 220 4277 et
238 4221 331 4278 iurum
348 4217 457 4275 insidiis
470 4225 537 4275 sunt
552 4219 680 4290 obnoxia,
698 4237 766 4293 ergo
785 4237 820 4278 sa
833 4237 889 4276 non
901 4220 949 4275 ha·
976 4228 1002 4274 st
1020 4239 1039 4274 a
1055 4221 1136 4285 faeie
1153 4237 1216 4277 msa
1240 4237 1297 4275 noa
1316 4220 1480 4290 parebitis!
1511 4219 1561 4290 qui
1580 4216 1671 4287 posui
1692 4232 1810 4270 arenam

115 4310 230 4366 banus
247 4323 298 4379 pro
317 4306 390 4363 veris
407 4305 554 4362 1122222212.
575 4311 753 4376 2122222
777 4306 950 4376 Quidprad·
975 4308 1123 4362 mininam
1140 4309 1218 4362 mars·
1233 4313 1286 4363 eto.
1318 4306 1346 4361 Si
1367 4304 1505 4360 timendus
1526 4310 1569 4359 est
1586 4303 1730 4367 Dominus,
1748 4319 1809 4373 pro·

116 4405 156 4452 eet
172 4394 286 4466 bams'ai,
306 4395 333 4448 ei
349 4394 475 4448 12222222·
492 4394 628 4448 mandam
647 4393 814 4462 2222222222,
838 4393 950 4446 ammae
976 4400 1071 4467 pterea
1090 4394 1166 4467 quod
1186 4396 1274 4466 possit
1293 4395 1428 4466 repagula
1449 4392 1532 4447 meris
1550 4389 1694 4445 recludere
1720 4395 1748 4445 et
1768 4389 1808 4443 in-

115 4499 181 4538 2222
198 4480 471 4537 maedetrimentam
479 4479 632 4552 patiatur!
648 4494 704 4551 qno
718 4477 819 4535 dieitur
830 4478 949 4534 mundus
976 4481 1156 4538 undationem
1180 4480 1240 4537 orbi
1268 4481 1433 4548 immittere,
1461 4482 1566 4549 quanto
1595 4476 1683 4548 magis
1713 4476 1809 4531 timen-

116 4567 291 4626 trsnsitoriua
310 4573 353 4623 est
370 4582 403 4622 ae
417 4566 565 4638 periturus,
589 4567 694 4637 siquis
714 4581 781 4637 ergo
799 4566 843 4619 vel
860 4565 950 4622 mui-
976 4570 1029 4624 dns
1047 4567 1107 4636 erit,
1133 4568 1200 4640 qnia
1223 4567 1335 4622 flamma
1358 4565 1431 4637 ignis
1458 4563 1566 4619 eoelum
1586 4578 1620 4618 ae
1644 4563 1811 4618 1222212211-

116 4658 265 4711 metatum
288 4653 445 4726 requireret
462 4652 605 4722 mundum,
626 4651 735 4707 nnllam
751 4650 890 4707 obtineret
908 4653 948 4707 ln·
977 4655 1089 4728 qnando
1106 4653 1252 4710 constitnit
1266 4650 1432 4710 absumere?
1453 4655 1477 4707 2.
1497 4650 1548 4705 Ad
1559 4651 1721 4705 coelestiam
1739 4650 1844 4706 desi-a
1861 4663 1894 4704 su
1908 4673 1958 4704 ss·-

116 4759 201 4811 erum,
219 4741 243 4795 si
261 4757 319 4795 non
335 4745 410 4795 esset
425 4739 456 4792 iss
474 4740 538 4793 Deo
552 4741 636 4806 dina,
656 4738 723 4811 quia
739 4744 857 4808 pereunt
870 4752 949 4794 mun·
977 4743 1087 4796 derium
1107 4749 1134 4796 et
1152 4758 1284 4796 amorem.
1315 4740 1440 4796 Primum
1460 4738 1567 4794 eoelum
1585 4744 1614 4793 et
1633 4737 1722 4809 prima
1738 4743 1812 4792 terra
1824 4715 1935 4810 22:253,

116 4829 198 4894 dana,
228 4827 321 4882 anima
342 4842 408 4882 vero
433 4824 511 4881 avari
537 4825 679 4880 mundana
705 4829 802 4880 eontra
822 4823 950 4894 justitiae
977 4827 1074 4898 abibit,
1093 4827 1200 4884 oreabit
1217 4831 1309 4882 autem
1328 4825 1405 4881 Deus
1423 4842 1524 4880 aarum
1543 4825 1693 4880 aestumat
1710 4841 1811 4878 aonam

116 4915 206 4988 legem
227 4910 396 4984 possidentis
410 4911 440 4965 in
459 4909 580 4966 aeternis
591 4910 735 4966 tormentis
749 4910 831 4966 vivet
847 4908 910 4966 lae
925 4919 949 4978 t,
976 4924 1091 4983 taram,
1110 4913 1141 4968 s'a
1158 4913 1258 4983 paitru
1276 4912 1389 4980 institia
1407 4911 1515 4965 habitat
1536 4916 1560 4966 2.
1580 4910 1655 4965 Petr.
1673 4915 1697 4978 ³,
1716 4926 1744 4963 r.
1769 4912 1809 4964 1³.

116 5018 143 5058 r.
163 5007 191 5058 1:
220 5000 338 5055 Plarate
363 4998 472 5067 uiriles,
495 5015 523 5052 r.
543 5002 567 5053 2.
593 4998 712 5052 dirimire
729 5005 839 5052 merrae
851 5005 951 5068 patre·
976 5003 1060 5072 Apoe.
1079 5005 1120 5064 21,
1145 5016 1171 5054 v.
1192 5005 1214 5054 1.
1241 4998 1402 5054 eduorum
1425 4997 1494 5053 illnd
1520 4996 1627 5053 eoelum
1652 5012 1685 5051 ae
1710 5010 1810 5049 noram

116 5092 213 5156 factae
229 5094 294 5142 sust
309 5093 337 5140 et
352 5085 515 5141 sosimenes
527 5090 621 5138 restra
634 5104 654 5138 a
664 5085 820 5140 1222222222
831 5099 949 5149 eomsaa,
975 5095 1088 5154 terram,
1110 5085 1146 5141 ad
1166 5085 1290 5156 praemia
1306 5085 1356 5140 illa
1373 5084 1519 5141 beatorum
1536 5083 1686 5138 invisibilia
1711 5081 1810 5152 spretis

116 5193 142 5234 s.
162 5181 187 5232 ³.
214 5190 317 5230 aarum
340 5182 367 5228 et
391 5179 539 5241 arpentum
560 5178 681 5225 22222222
706 5172 895 5242 aerapinaoit,
923 5180 950 5225 et
976 5172 1134 5229 visibilibus
1158 5188 1191 5226 ao
1220 5170 1387 5227 transitoriis
1409 5176 1469 5228 toto
1495 5176 1606 5242 pectore
1631 5169 1809 5239 adspiremue.

118 5280 224 5332 222222
243 5278 340 5316 eorum
357 5260 386 5314 in
403 5259 591 5313 testimoninm
615 5258 669 5311 erit
693 5259 771 5313 nobis
790 5266 816 5312 et
832 5260 950 5313 manda·
977 5259 1172 5315 Nazianzenus
1190 5263 1298 5313 1222122.
1324 5257 1360 5312 (12
1378 5257 1452 5312 ritae
1470 5254 1628 5311 itineribus:
1655 5256 1810 5309 12122222-

117 5350 191 5405 oabit
213 5365 316 5403 earnes
341 5354 449 5402 nestrae
472 5346 544 5399 acar
566 5343 658 5414 ipsin-
686 5345 897 5400 thesaurizastis
920 5346 950 5399 in
976 5347 1102 5401 stiriam
1120 5351 1168 5412 est,
1191 5351 1222 5398 at
1246 5360 1292 5398 ree
1308 5359 1401 5398 omnes
1419 5342 1505 5410 injus
1521 5342 1595 5395 vitoe
1613 5342 1737 5395 incertae
1754 5341 1811 5394 sint

117 5436 276 5492 amierimie
306 5435 412 5502 212222,
435 5450 490 5505 quo
513 5432 615 5488 dieitur
636 5449 698 5486 eum
721 5448 776 5486 non
807 5433 894 5488 solum
917 5449 950 5488 ex
977 5451 1012 5487 ae
1026 5431 1181 5502 instabiles,
1202 5439 1232 5484 ut
1245 5448 1338 5486 rernm
1349 5429 1811 5498 siromrumstabiliamqueamora

119 5521 203 5578 verbo
231 5521 361 5591 audiatis,
388 5520 437 5576 aed
462 5519 546 5575 etiam
569 5535 661 5574 eoram
685 5517 870 5589 conspiciatis,
895 5519 951 5575 imo
977 5535 1013 5575 ae
1031 5518 1178 5574 desiderio
1198 5518 1420 5573 inardescamus.
1448 5516 1582 5572 Adrenae
1599 5515 1644 5571 hie
1668 5532 1762 5570 sumna
1783 5520 1811 5570 et

118 5607 245 5665 manibus
277 5605 407 5682 palpetis,
428 5605 525 5662 mundi
550 5603 635 5662 finem
657 5603 808 5673 imminere,
834 5603 951 5662 terrenis
973 5605 1124 5678 peraprirri
1146 5605 1250 5663 Pealrn.
1269 5610 1312 5676 32,
1336 5622 1363 5661 v.
1383 5609 1422 5662 le.
1448 5609 1607 5680 πολίτευμα
1631 5610 1756 5659 noemam
1779 5603 1810 5657 ia
