4050 6014
727 372 779 428 Dli
795 372 888 429 Vtut
903 373 1096 431 AETERNA.
1707 386 1766 442 407

69 533 194 599 Propter
203 531 256 583 boc
266 537 421 598 exspectate
434 531 546 583 verbnm
557 546 654 597 meam,
665 529 748 582 idest
758 527 906 596 Messinm,
934 530 964 582 in
983 529 1077 582 altero
1094 530 1152 583 sita
1165 530 1360 583 renovabimur
1370 546 1424 599 per
1435 528 1578 583 Christum
1590 538 1616 583 et
1624 537 1769 599 parentes,

69 618 166 670 indie
193 616 360 670 ostensionis
382 632 461 668 meae
481 618 523 668 ad
534 615 742 683 judicandam,
763 620 793 669 ct
820 613 906 667 infra:
932 631 1047 678 naeres,
1074 615 1179 669 liberos
1204 622 1231 668 et
1249 615 1390 684 qafflqnid
1411 624 1464 684 est,
1497 615 1584 669 multo
1612 615 1770 684 perfectius

70 703 138 771 qnia
168 702 199 754 in
226 703 290 768 igne
317 700 459 754 vindictae
487 717 565 753 meae
590 708 787 754 consumentur
813 714 907 753 omnes
933 717 1122 769 agnoscemus,
1141 717 1224 769 qaam
1245 708 1309 754 tuno
1322 702 1413 754 anm
1430 702 1561 754 Adamas
1579 701 1768 768 cognoscebat.

70 789 155 857 impii
177 796 277 842 terrae.
303 786 393 840 'Tunc
417 803 483 855 ergo
507 786 543 841 ad
567 803 662 841 omnes
679 786 775 840 beatos
794 801 907 840 1011111·
933 785 1069 840 Referunt
1090 785 1162 840 Phil.
1187 785 1348 841 Melanthea
1378 789 1406 840 in
1430 791 1498 841 orat.
1518 784 1627 839 funebr.
1648 786 1768 841 Matthe-

70 881 146 929 tetur
170 875 279 927 lobiam
305 874 429 938 electam,
455 872 485 927 id
513 879 556 927 est
577 888 633 927 una
663 871 774 943 lingua,
802 872 908 926 scilicet
934 872 991 925 sius
1009 872 1038 925 in
1056 889 1133 926 conc.
1154 871 1259 926 desita
1276 872 1389 926 Lutber.
1402 871 1550 928 Slcidanus
1567 871 1616 926 lib.
1636 877 1676 927 16.
1694 887 1769 926 com·

71 960 227 1024 Hebraea,
251 959 341 1014 Deum
358 957 526 1026 laudabunt,
545 960 623 1028 ‘quae
640 962 787 1027 propterea
806 957 908 1011 dicitur
935 963 1110 1012 menterno
1131 963 1205 1013 ibib.
1225 975 1288 1028 pag.
1308 962 1365 1014 488,
1396 958 1471 1012 llaec
1490 956 1607 1012 Lutberi
1627 955 1769 1026 responsio

72 1047 180 1101 labium
199 1046 328 1107 electum,
354 1043 420 1114 quia
435 1042 513 1097 Deus
531 1058 592 1096 cam
613 1059 680 1113 prae
698 1043 797 1097 ceteris
815 1042 908 1112 elegit,
934 1042 1046 1111 probari
1072 1049 1165 1112 potest
1192 1059 1225 1097 ex
1248 1041 1326 1098 bisce
1349 1042 1546 1110 fundamentis,
1574 1044 1599 1109 1)
1613 1061 1632 1094 a
1647 1042 1771 1113 plenita-

72 1149 130 1203 qua
147 1137 175 1186 11
196 1130 324 1201 patribus
342 1130 511 1199 loqueretur,
531 1130 668 1199 allegem
688 1144 766 1182 suam
784 1126 908 1198 promul·
935 1128 1001 1181 dine
1026 1129 1194 1194 cognitionis
1216 1130 1247 1182 in
1273 1130 1368 1182 beatis.
1403 1127 1534 1198 Fulgebit
1557 1127 1695 1182 iubentis
1715 1127 1772 1183 cla·

71 1223 160 1289 garet.
196 1223 220 1273 2.
247 1218 294 1270 Ea
309 1217 466 1288 primorum
480 1222 633 1283 parentam
654 1215 787 1283 enempto.
822 1212 909 1266 Primi
935 1215 1043 1268 rissima
1069 1214 1207 1285 quaedam
1233 1214 1280 1268 lux
1308 1212 1487 1285 cognitionis,
1518 1231 1575 1283 qua
1602 1230 1657 1267 uon
1681 1212 1770 1268 solum

71 1308 202 1373 parentes
230 1302 327 1371 lingua
354 1300 483 1354 Hebraea
509 1300 538 1353 iu
564 1298 695 1369 paradiso
715 1297 908 1369 loquebantur,
938 1302 1026 1354 ileum
1046 1301 1120 1354 clare
1137 1306 1166 1355 et
1183 1301 1310 1355 intuitire
1323 1304 1500 1371 cognoscent,
1521 1300 1570 1354 sed
1588 1300 1671 1354 etiam
1690 1299 1770 1370 quid·

71 1389 225 1458 eademque
249 1386 329 1441 electi
352 1401 448 1440 omnes
472 1385 501 1438 in
525 1389 601 1438 statu
626 1384 800 1438 innocentiae
823 1382 909 1436 locuti
936 1386 1003 1456 quid
1030 1386 1065 1439 ad
1087 1385 1250 1440 felicitatem
1276 1392 1304 1440 et
1331 1386 1464 1456 gaudium
1491 1386 1612 1455 ipsorum
1638 1384 1769 1455 pertinet.

71 1474 201 1541 fuissent,
229 1472 252 1527 si
282 1472 362 1541 primi
389 1476 519 1540 parentes
546 1470 576 1523 iu
598 1470 690 1540 grstia
715 1469 908 1539 perstitissent
937 1472 998 1524 Ena.
1020 1477 1061 1533 60,
1081 1487 1106 1527 r,
1129 1476 1172 1525 19:
1199 1473 1341 1525 Dominus
1358 1473 1412 1525 erit
1437 1472 1485 1524 lna
1512 1480 1561 1523 sna
1588 1471 1768 1539 sempiterna,

73 1565 98 1614 3.
119 1562 165 1612 Ea
183 1577 235 1611 asa
255 1559 380 1625 antiquo.
417 1556 655 1622 Quemadmodum
673 1562 738 1610 ante
752 1555 908 1625 linguarum
937 1559 963 1624 1)
983 1558 1010 1610 Α
1023 1558 1228 1618 reformatione
1242 1559 1356 1610 (lisinae
1370 1558 1509 1626 imaginis.
1538 1557 1570 1610 In
1584 1558 1642 1610 rita
1656 1563 1770 1611 aeterua

71 1646 236 1700 divisionem
256 1645 284 1697 in
304 1644 373 1697 turri
385 1643 472 1698 Babel
487 1643 589 1697 factam
605 1645 737 1695 universa
754 1650 830 1694 terra
847 1648 909 1693 erat
936 1643 1027 1712 imago
1046 1642 1141 1696 divina
1161 1643 1188 1696 in
1207 1641 1295 1696 beatis
1311 1641 1433 1711 perfecte
1453 1642 1656 1711 reformabitur,
1675 1648 1707 1695 ut
1725 1658 1770 1695 su·

72 1733 146 1786 labii
161 1732 264 1794 onias‚·
281 1730 322 1783 ita
335 1729 363 1783 iu
379 1729 580 1783 resurrectione
598 1745 692 1783 omncs
707 1727 832 1781 homines
853 1742 910 1779 una
936 1728 1029 1797 perias
1054 1727 1232 1782 ostendimus.
1267 1728 1331 1783 dam
1357 1745 1422 1783 vero
1442 1728 1567 1783 Adamas
1591 1745 1625 1782 ex
1649 1727 1710 1782 lucc
1731 1727 1772 1781 di·

72 1818 223 1888 loqnentur
243 1816 355 1885 lingua,
383 1815 489 1869 scilicet
503 1813 640 1869 Hebraea.
677 1818 703 1876 t)
719 1813 804 1866 Hisce
825 1829 908 1881 argu·
936 1813 1017 1866 vinae
1042 1813 1173 1884 imaginis
1206 1813 1377 1884 agnoscebat
1402 1813 1489 1867 Eram
1524 1830 1665 1884 nunquam
1694 1812 1770 1883 prius

72 1903 172 1957 mentis
197 1901 306 1954 addunt
333 1900 484 1968 Csjetanus
509 1900 538 1953 iu
563 1917 660 1954 comm.
689 1906 710 1954 1.
729 1898 791 1953 001.
815 1904 853 1952 13.
881 1901 910 1950 11
936 1899 1029 1954 visam
1066 1900 1093 1965 3)
1117 1899 1163 1951 Ab
1181 1900 1308 1967 exemplo
1325 1901 1488 1965 cordionis.
1524 1898 1623 1954 Matth.
1646 1905 1685 1963 17,
1705 1917 1730 1953 r.
1746 1904 1770 1955 3.

72 1987 226 2058 Vigucrius
248 1987 278 2039 in
298 1986 416 2039 institut.
443 2003 465 2039 c.
484 1992 508 2041 9.
532 1986 607 2055 quod
631 1984 774 2055 apostolus
806 1989 827 2038 1.
846 1982 908 2037 eor.
938 1985 1023 2039 Marc.
1043 1989 1067 2049 9,
1084 2002 1110 2042 r.
1129 1990 1154 2040 4.
1173 1984 1242 2038 Luc.
1261 1991 1285 2050 9,
1310 2002 1335 2041 v.
1353 1990 1395 2040 33.
1422 1986 1450 2038 in
1469 1985 1570 2040 Christi
1587 1983 1771 2055 uansfigura·

25 2078 28 2082 ⁴
77 2079 115 2142 13,
126 2092 150 2126 v.
166 2080 189 2128 8.
201 2072 276 2137 dicit,
295 2072 408 2137 linguas
422 2079 590 2138 cessaturas,
603 2087 659 2123 uon
676 2075 769 2124 autem
785 2069 909 2139 linguam
936 2072 1012 2125 tione
1020 2069 1131 2138 Petrus,
1147 2069 1604 2126 111101111111101111111111111111
1617 2074 1773 2140 agnoscunt

72 2165 258 2223 cessaturam,
277 2164 310 2211 ut
329 2158 441 2225 innuat,
468 2156 542 2226 quod
560 2157 588 2209 iu
608 2156 666 2209 vita
686 2163 799 2209 aeterna
818 2170 910 2209 cessa·
938 2156 1058 2223 Moysen
1080 2165 1107 2210 et
1124 2158 1222 2210 Elian
1240 2164 1323 2210 antea
1339 2174 1482 2226 nunquam
1497 2157 1577 2212 visos.
1614 2162 1641 2219 tl
1660 2157 1687 2209 A
1707 2172 1774 2226 per·

72 2252 138 2301 tura
150 2245 186 2298 sit
197 2243 317 2297 11111111
330 2243 498 2314 linguarum,
517 2258 571 2295 non
591 2247 684 2295 tamen
703 2241 793 2294 omnis
804 2241 909 2307 lingua,
937 2244 1058 2303 festiano
1078 2244 1247 2297 dilectionis.
1284 2243 1312 2298 Si
1339 2244 1451 2298 dilectio
1469 2249 1497 2297 et
1515 2243 1680 2313 gaudiorum
1700 2259 1773 2296 com·

74 2332 142 2401 quia
154 2329 229 2384 beati
242 2345 296 2382 nou
307 2333 417 2381 tantum
428 2334 519 2381 mente
540 2328 589 2380 sed
609 2327 691 2380 etiam
710 2325 909 2397 linguassDeum
937 2327 1030 2384 munio
1057 2329 1087 2382 iu
1113 2329 1171 2383 rita
1191 2335 1304 2384 aeterna
1329 2329 1381 2383 crit
1399 2329 1538 2398 perfecta,
1566 2328 1664 2398 utique
1689 2328 1773 2382 etiam

74 2415 239 2481 laudabunt,
253 2429 286 2467 ac
298 2412 415 2483 proinde
429 2429 484 2466 una
496 2411 650 2466 remanebit
663 2412 768 2482 lingua,
781 2409 912 2465 videlicet
937 2414 1027 2468 sancti
1060 2431 1120 2469 sess
1142 2422 1244 2474 mutuo
1278 2422 1437 2485 agnoscent,
1484 2414 1538 2468 sed
1570 2430 1665 2468 verum
1696 2413 1774 2483 prius

74 2501 214 2556 Hebraea.
260 2500 286 2567 5)
317 2498 412 2553 Sancti
439 2498 532 2570 angeli
550 2498 657 2566 {eedem
685 2500 745 2553 Deo
772 2497 911 2564 occinunt,
941 2498 1041 2555 1001.
1059 2504 1141 2568 t3,v.
1160 2503 1199 2555 13.
1231 2498 1371 2553 Connexio
1388 2505 1472 2568 patet,
1493 2499 1774 2569 quiadilectioprae·

77 2589 207 2650 Sanctae,
230 2593 356 2649 sanctus,
380 2593 495 2637 sannas
521 2583 662 2637 Dominus
688 2584 768 2636 Dens
787 2579 912 2637 Zebaotlt
938 2584 1071 2654 supponit
1084 2584 1210 2638 notitiam
1223 2583 1334 2653 objecti,
1352 2585 1380 2637 in
1395 2584 1470 2655 quod
1488 2583 1584 2638 femur.
1621 2586 1648 2650 b)
1668 2585 1695 2637 A
1708 2592 1773 2654 typo

75 2673 140 2727 Esa.
159 2680 183 2741 6,
202 2690 228 2726 r.
248 2676 271 2725 3.
313 2669 416 2724 Omnes
440 2668 614 2739 patriarchae
639 2675 668 2723 et
689 2668 841 2738 prophetae
859 2664 912 2719 hac
938 2671 1133 2724 restitutionis.
1168 2668 1406 2731 Quemadmodum
1426 2668 1552 2724 Christus
1565 2669 1775 2738 filiamoiduae

76 2760 174 2830 lingue
189 2758 246 2826 usi;
273 2756 399 2810 Christus
423 2756 482 2825 ipse
504 2755 533 2809 in
558 2754 657 2809 diebus
677 2754 768 2807 carnis
788 2752 913 2822 Syriaca,
939 2755 970 2808 in
988 2756 1067 2808 Nais
1088 2772 1105 2808 a
1123 2771 1153 2809 se
1170 2754 1363 2809 resuscitatum
1380 2756 1501 2809 restituit
1520 2756 1600 2809 matri
1619 2770 1686 2810 suae
1705 2755 1774 2811 Luc.

78 2862 150 2915 quae
168 2843 316 2898 Hebraeae
333 2841 470 2895 disiectus
486 2849 537 2910 est,
556 2840 610 2895 fait
625 2858 691 2895 usus
707 2856 740 2893 ac
757 2846 911 2909 postauam
941 2849 965 2907 1,
984 2859 1010 2896 v.
1032 2846 1073 2899 15.
1092 2858 1126 2895 ec
1144 2840 1244 2895 Petrus
1265 2841 1412 2894 Tobitbam
1430 2857 1464 2895 ex
1482 2841 1597 2895 mortuis
1615 2847 1773 2895 revocatam

76 2932 105 2987 in
124 2931 214 2985 coelos
234 2928 442 2983 adscensionem
460 2929 569 3001 1110111111
590 2929 724 2997 διαλέκτῳ
744 2926 780 2979 ad
795 2923 913 2978 Paulum
939 2929 1111 2999 παρέστησεν
1126 2926 1222 2980 amicis
1237 2932 1265 2981 et
1279 2925 1462 2980 familiaribus
1479 2927 1574 2982 Actor.
1593 2934 1617 2992 9,
1636 2944 1661 2982 v.
1676 2931 1717 2982 11.
1736 2925 1775 2979 110

77 3017 188 3071 locutus
208 3015 412 3079 astrimonii,
431 3031 456 3066 r.
479 3019 517 3068 14.
542 3011 650 3066 Erimus
671 3008 825 3083 ἰσάγγελοι,
847 3025 913 3079 ergo
940 3014 970 3065 in
988 3015 1035 3066 dis
1055 3013 1241 3067 restitutionis
1258 3013 1380 3065 omnium
1392 3011 1485 3067 Actor.
1500 3018 1523 3076 3,
1539 3030 1563 3068 r.
1579 3017 1621 3070 11.
1640 3012 1677 3080 pii
1695 3010 1774 3067 liberi

79 3104 163 3158 etiam
187 3102 285 3170 lingua
306 3101 469 3170 angelorum
491 3098 637 3168 loquemur
653 3104 684 3152 11.
703 3097 765 3151 Cor.
782 3101 823 3160 13,
848 3114 873 3148 r.
892 3099 914 3148 1.
940 3106 969 3153 et
981 3099 1093 3170 cognati
1105 3097 1194 3154 beatis
1208 3098 1379 3168 parentibus,
1399 3098 1526 3169 cognatis
1540 3103 1569 3152 et
1581 3098 1686 3166 amicis,
1707 3113 1773 3168 quo·

80 3194 106 3253 6)
127 3189 159 3241 In
179 3186 348 3256 Apocalypsi
368 3186 458 3239 sancti
478 3184 610 3237 dicuntur
629 3184 657 3237 iu
678 3177 755 3237 coelo
775 3179 914 3235 cantaturi
940 3203 1001 3239 rum
1020 3185 1129 3255 aliquos
1144 3201 1201 3238 non
1214 3184 1345 3238 viderunt
1362 3184 1391 3237 in
1409 3184 1461 3238 hac
1478 3183 1544 3248 rita,
1561 3200 1595 3238 ac
1615 3184 1675 3238 rice
1695 3199 1775 3238 versa

80 3275 178 3340 Amen,
195 3271 335 3338 Allelnja,
354 3287 426 3339 quae
443 3275 509 3323 sunt
520 3267 675 3323 Hebraicae
687 3284 778 3334 voces,
796 3272 913 3335 capiti.
942 3276 1069 3340 parentes
1095 3269 1190 3323 liberis
1215 3270 1395 3324 restituentur
1419 3270 1454 3323 sd
1478 3269 1668 3323 suavissimam
1685 3276 1713 3323 et
1728 3270 1773 3338 ju·

80 3377 105 3414 v.
126 3366 149 3414 1.
186 3357 304 3420 Quidem
325 3362 423 3410 contra
440 3361 579 3422 statuunt,
604 3371 697 3408 ornnes
715 3354 837 3422 linpnas,
855 3353 915 3420 qei-
941 3356 1137 3410 candissimam
1163 3355 1399 3410 conversationem
1427 3356 1455 3408 in
1482 3356 1606 3426 ejusdem
1632 3354 1775 3408 felicitatis

80 3448 130 3497 bns
147 3446 177 3496 in
195 3444 248 3496 bac
266 3444 324 3494 osta
343 3443 462 3506 utimur,
487 3448 661 3506 cessaturas,
686 3457 747 3492 eum
769 3439 915 3507 apostolas
941 3439 1080 3511 etgaudii
1098 3445 1240 3512 κοινωνίᾳ.
1275 3439 1345 3496 Gen.
1370 3447 1409 3506 15,
1429 3458 1455 3494 v.
1479 3446 1523 3496 15:
1544 3441 1607 3494 Ibis
1625 3444 1776 3509 adpatres

80 3531 251 3602 generaliter
264 3529 397 3596 loquatur
420 3533 441 3581 1.
457 3526 519 3580 Cor.
537 3532 576 3588 1³,
594 3544 620 3581 v.
634 3531 658 3581 8.
676 3543 710 3578 ae
725 3524 812 3577 aliam
826 3541 914 3591 qnan-
941 3534 1010 3582 taos.
1046 3525 1774 3595 9111131,11191.Ιο11911110011111111011.181111.

81 3621 148 3671 dam
157 3615 317 3668 sensibilem
331 3613 625 3680 linguambaonostra
645 3613 727 3679 longe
747 3610 913 3664 nobiliorem
943 3618 983 3679 12,
1000 3629 1025 3665 v.
1046 3617 1090 3667 2³:
1116 3614 1181 3677 Epo
1206 3614 1311 3665 eadam
1339 3614 1381 3664 ad
1405 3629 1474 3667 eam.
1512 3611 1596 3665 Hebr.
1620 3616 1660 3679 tt,
1684 3630 1708 3666 v.
1727 3615 1773 3665 22:

80 3714 105 3757 et
125 3703 267 3756 1011111101
287 3700 376 3752 beatis
386 3699 614 3766 «infundendam,
632 3713 705 3767 qnae
723 3699 820 3750 deceat
839 3713 870 3749 os
890 3703 915 3748 et
940 3697 1108 3751 Accessistis
1128 3699 1171 3750 ad
1194 3699 1335 3751 cecitatem
1356 3699 1415 3749 Dei
1436 3698 1554 3750 uiuentis
1580 3715 1606 3753 v.
1629 3697 1777 3752 1111111

80 3806 184 3857 corpus
210 3786 380 3851 gloriosum,
407 3799 464 3851 arsa
481 3785 576 3835 Deum
594 3783 679 3835 etiam
698 3782 832 3835 vocaliter
851 3782 914 3834 lou·
940 3782 1059 3851 spiritns
1075 3783 1215 3850 iustorum
1223 3786 1426 3851 perfectorum.
1457 3789 1482 3845 (il
1500 3784 1527 3836 A
1541 3782 1776 3850 0111111111ρίοή-

20 3880 154 3950 mrtem.
191 3872 309 3935 Quidam
328 3870 493 3932 existimant,
515 3869 657 3920 locuturos
671 3869 773 3935 beatos,
793 3885 914 3935 quomen-
941 3868 1089 3931 flectionis.
1126 3867 1154 3922 si
1172 3869 1276 3938 gradm
1296 3867 1401 3938 gloriae
1413 3873 1495 3922 erunt
1512 3869 1584 3923 inter
1599 3868 1705 3936 beatos,
1723 3867 1777 3921 1111-

81 3978 132 4029 que
145 3960 244 4024 lingna
257 3956 381 4023 libuerit,
401 3956 469 4023 qaia
481 3971 574 4007 omnes
587 3955 712 4007 omnibus
724 3963 806 4007 1111111
821 3962 914 4017 notae,
942 3971 996 4026 que
1013 3954 1096 4007 etiam
1110 3952 1323 4008 beatiomnibus
1342 3960 1423 4007 erunt
1441 3954 1597 4009 noscibiles.
1633 3953 1776 4008 Nsmsiae

79 4047 201 4114 proinde
222 4043 428 4110 qnibrcscnnqne
444 4041 531 4105 velint
546 4058 602 4108 pro
623 4040 704 4092 libitu
717 4041 760 4092 ati
773 4047 915 4108 poterant.
942 4039 1057 4093 aliorum
1077 4038 1219 4107 agnitione
1243 4045 1270 4095 et
1296 4038 1480 4094 celebratione
1505 4040 1583 4094 nulla
1608 4046 1777 4109 potestesse

82 4131 137 4187 Sed
160 4131 229 4184 haec
246 4128 358 4181 futurae
378 4127 478 4181 beatae
496 4124 686 4193 experientiae
707 4124 810 4179 rectius
830 4141 915 4179 reser-
943 4124 1034 4194 gloria
1046 4141 1097 4178 nec
1118 4124 1176 4177 ulla
1194 4124 1374 4177 animadverti
1391 4124 1555 4179 differentia.
1588 4125 1663 4194 Ergo
1675 4124 1780 4177 lumina

81 4224 290 4284 necunquam
311 4212 472 4282 scrupulose
491 4211 676 4281 disputantur.
944 4211 991 4264 illa
1014 4211 1123 4280 generis
1140 4210 1267 4275 humani,
1293 4226 1365 4280 quae
1386 4210 1455 4265 alios
1482 4211 1517 4264 ad
1534 4210 1671 4280 justitiam
1689 4209 1781 4264 erudi·

10 4333 61 4375 gp,
120 4307 175 4356 111.
212 4307 235 4356 1.
262 4298 306 4351 De
324 4297 404 4350 bonis
428 4297 546 4350 internis
565 4295 690 4349 alterutri
713 4295 794 4364 parti,
812 4300 841 4348 11
859 4295 918 4366 qui·
945 4301 1034 4361 amnt,
1052 4295 1174 4366 conspici
1195 4295 1271 4349 etab
1288 4294 1350 4349 aliis
1369 4296 1458 4350 beatis
1471 4295 1619 4350 internosci
1633 4295 1779 4366 oportebit.

10 4385 68 4425 ¹⁰⁰¹*
84 4388 146 4440 dem
176 4391 198 4443 1.
223 4384 335 4436 animae
350 4383 494 4450 propriis,
523 4380 665 4451 quaeritur
690 4386 712 4434 1.
739 4398 775 4431 an
797 4381 873 4433 beati
888 4383 918 4433 in
947 4382 974 4446 7)
993 4381 1359 4451 Ansoessitateillationis.
1382 4380 1411 4435 Si
1425 4381 1503 4435 dives
1518 4381 1602 4450 epulo
1615 4380 1642 4433 in
1662 4379 1779 4434 flammis
1793 4389 1837 4432 11.
1854 4389 1901 4431 111

10 4448 69 4528 iiia
83 4474 142 4525 oita
171 4479 287 4522 aeterna
318 4484 378 4520 sese
407 4468 524 4519 inuicem
550 4468 608 4519 sint
635 4465 763 4534 agnituri
770 4468 783 4518 i
817 4464 920 4519 Noster
945 4465 1127 4520 infernalibus
1147 4467 1315 4520 constitutus
1337 4465 1475 4520 Lazarum
1499 4466 1528 4520 in
1558 4467 1621 4520 sinu
1648 4466 1779 4520 Abrahae

10 4540 70 4630 ’,ᾖξ’
85 4555 225 4611 Lutberus
243 4554 272 4607 in
290 4568 385 4616 coena,
406 4568 488 4620 quam
507 4568 568 4605 cum
582 4550 678 4604 amicis
691 4567 725 4604 ac
736 4549 918 4604 familiaribus
945 4551 1237 4621 agnovitLuc.16‚v.
1256 4557 1298 4607 23.
1323 4557 1427 4622 quanto
1447 4551 1535 4621 magis
1551 4551 1626 4605 beati
1645 4551 1733 4605 socios
1751 4558 1780 4606 et

10 4643 45 4682 ¹¹¹·
85 4645 113 4696 iu
133 4640 176 4694 his
195 4638 275 4693 terris
294 4636 444 4692 celebravit
466 4635 599 4705 ultimam,
618 4637 701 4691 variis
721 4635 852 4690 derebus
872 4637 919 4705 pia
945 4645 1085 4691 consortes
1099 4655 1166 4692 suae
1185 4637 1365 4692 beatitudinis
1385 4637 1549 4708 agnoscent!
1587 4637 1616 4688 Si
1635 4636 1780 4691 lohannes

84 4744 146 4781 cum
165 4725 233 4793 ipsis
251 4724 368 4778 miscens
389 4721 530 4792 colloquia
546 4720 600 4777 hoc
618 4722 702 4775 etiam
715 4721 787 4774 iuter
799 4721 855 4774 alia
875 4738 919 4774 ro·
946 4724 973 4776 in
999 4730 1078 4777 utero
1101 4731 1227 4779 materno
1251 4724 1343 4779 adhuc
1362 4724 1474 4776 latitans
1491 4723 1631 4777 Christum
1651 4739 1779 4792 praesen·

85 4811 180 4883 gabat,
199 4829 264 4863 nam
281 4810 311 4861 in
329 4809 500 4877 sempiterna
521 4807 576 4860 illa
599 4808 658 4861 oda
677 4808 764 4860 simm
784 4808 859 4860 alter
878 4807 920 4860 ol·
944 4815 1000 4862 tem
1022 4809 1138 4878 agnovit
1157 4809 1224 4863 Luc.
1244 4816 1267 4879 1,
1290 4827 1315 4863 v.
1336 4816 1376 4863 41.
1402 4813 1506 4878 quanto
1533 4808 1621 4879 magis
1652 4809 1726 4863 beati
1751 4809 1780 4861 iu

85 4907 176 4952 terum
188 4896 363 4965 recognituri
369 4897 382 4948 1
400 4910 519 4962 cumque
533 4892 574 4947 illi
590 4901 705 4947 arerent
716 4909 750 4946 ex
765 4892 826 4962 ipso
840 4893 919 4955 scire,
946 4894 1056 4964 plenam
1083 4895 1211 4948 coelestis
1237 4893 1379 4949 felicitatis
1405 4895 1604 4964 possessionem
1629 4893 1779 4948 introducti

88 4985 173 5050 Quid,
192 4980 292 5052 inquit,
313 4981 418 5033 accidit
433 4980 567 5032 Adamol
585 4996 728 5048 nunqnam
746 4978 795 5033 ille
809 4979 920 5032 viderat
949 4980 1096 5046 Christum,
1115 4981 1296 5050 patriarchas,
1311 4982 1470 5052 prophetas,
1483 4979 1622 5050 apostolos
1641 4988 1669 5033 et
1685 4996 1779 5034 omnes

86 5072 186 5133 anm,
204 5069 257 5120 sed
274 5084 337 5119 cam
354 5081 416 5118 earn
435 5066 578 5127 formaret
592 5065 680 5128 Dens,
698 5065 760 5133 ipse
778 5065 920 5118 altissima
946 5064 1126 5120 beatitudinis
1148 5082 1215 5120 suae
1241 5073 1381 5120 consortes
1407 5065 1573 5137 agnoscenti
1620 5064 1649 5117 Si
1674 5065 1703 5117 iu
1727 5065 1780 5120 hac

85 5156 177 5224 quiete
206 5153 318 5207 interim
351 5153 458 5220 sopitus
486 5151 651 5206 dormiebat.
691 5131 1004 5265 Eeperpesoetns'vita
1034 5149 1115 5203 liberi
1151 5156 1307 5220 agnoscunt
1339 5168 1403 5205 suos
1434 5156 1563 5221 parentes
1594 5155 1623 5204 et
1652 5157 1781 5221 parentes

86 5248 177 5294 aedem
198 5257 259 5292 cnm
285 5238 368 5291 illam
385 5238 506 5299 uideret,
524 5255 580 5290 non
598 5243 695 5303 rogat,
716 5252 788 5305 qaae
808 5237 853 5303 sit,
871 5244 921 5288 ant
946 5241 1103 5307 agnoscunt
1119 5252 1184 5289 suos
1205 5234 1321 5303 liberos,
1346 5237 1444 5306 ntique
1462 5236 1546 5291 etiam
1566 5236 1594 5289 iu
1611 5236 1670 5289 rita
1686 5235 1782 5289 futura

86 5327 162 5378 ande
178 5327 280 5392 veniat,
300 5324 354 5375 sed
370 5338 483 5375 carnem
503 5324 786 5375 111οά1111110111
805 5322 876 5374 dicit
895 5330 921 5375 et
946 5321 1098 5389 Abraham,
1116 5319 1268 5392 prophetae
1292 5327 1320 5375 et
1337 5321 1455 5390 apostoli
1474 5325 1604 5391 parentes
1624 5321 1781 5391 spirituales

87 5428 118 5463 os
131 5411 167 5462 cle
181 5411 240 5462 snio
253 5409 369 5463 ossibna
407 5406 462 5468 Qui
478 5424 544 5461 oero
557 5408 661 5460 sciebat
673 5408 772 5460 11111111
788 5407 921 5460 nimirum
947 5414 1100 5530 agsposccut
1120 5407 1190 5461 filios
1206 5423 1272 5460 suos
1283 5406 1449 5476 spirituales,
1467 5412 1537 5476 puta
1555 5424 1651 5461 omnes
1668 5408 1782 5475 electos,

89 5495 201 5563 Spiritu
217 5502 315 5550 saneto
330 5495 434 5564 plenas
453 5502 480 5547 et
496 5511 565 5546 uera
587 5495 645 5547 Dei
664 5493 820 5559 cognitione
833 5510 921 5562 prae·
947 5501 976 5550 et
1011 5495 1071 5550 vice
1100 5511 1186 5550 versa.
1230 5493 1392 5549 Absurdum
1427 5494 1501 5546 enim
1530 5493 1614 5561 foret,
1649 5495 1782 5564 majorem

87 5581 165 5633 1111111
178 5578 220 5634 ita
230 5581 442 5649 pronuntiabat.
469 5581 521 5634 Ad
529 5581 646 5634 1111111111
654 5579 825 5633 medemnos
835 5580 920 5632 etiam
946 5580 1135 5652 cognitionem
1160 5580 1189 5633 in
1214 5577 1268 5633 hac
1292 5594 1376 5648 quam
1402 5577 1430 5631 in
1454 5577 1550 5632 futura
1572 5578 1631 5632 rita
1651 5583 1781 5635 statuere.
