4050 6014
207 311 266 370 sss
312 281 315 289 ’
850 298 1082 358 moninus
1100 297 1268 366 cunnus

204 459 285 514 Iram
305 460 424 514 Domini
442 459 589 526 scutinebo,
614 458 745 528 quoniam
758 456 877 526 peccari
893 457 928 525 ei,
946 458 1034 511 donec
1060 458 1247 528 propiciatio
1266 455 1440 520 consessione
1465 455 1494 507 in
1520 453 1590 524 ipsis
1608 454 1754 508 tormentis
1771 453 1900 508 ammam

198 546 337 617 justificet
356 563 471 600 causam
489 559 578 597 meum
605 552 631 597 et
653 546 770 612 auferat
783 543 928 612 judicium
947 560 1035 597 meum
1061 546 1193 612 reddunt,
1214 544 1269 596 atii
1286 559 1352 597 vero
1371 542 1480 610 inipso
1494 541 1558 610 jam
1574 556 1694 593 coronae
1709 542 1794 593 aditu
1806 539 1900 608 positi

204 640 230 686 et
250 633 351 686 educat
367 649 409 685 me
427 633 457 685 in
474 631 563 684 lucem
582 630 672 684 Miri.
690 633 710 682 7.
741 629 919 688 Etruscum:
944 631 1034 683 Bene-
1062 633 1198 699 denepant
1209 631 1302 694 tidem,
1317 645 1400 699 ossam
1411 643 1498 696 usque
1512 628 1553 680 cd
1563 635 1677 680 mortem
1685 632 1899 695 proposuerant

205 720 299 774 dicum
318 727 345 772 te
362 720 493 785 Domine,
512 719 644 786 qnoniam
662 717 752 769 iratus
770 732 798 768 ee
812 714 890 782 milti,
909 715 1037 768 avertisti
1061 717 1196 782 confiteri.
1238 718 1277 770 Et
1294 717 1346 769 boc
1365 734 1421 768 non
1440 715 1532 783 utique
1551 713 1736 767 diminutione
1751 712 1900 781 propositi

202 806 309 870 facicm
327 813 432 858 tuomo
452 823 501 868 me,
520 811 546 857 et
563 804 693 857 misertus
712 819 740 855 es
757 800 812 855 mci
831 802 898 856 Ero.
916 804 956 856 12.
977 803 1034 856 Do·
1060 805 1221 873 patiuntur,
1255 804 1308 854 secl
1336 803 1365 854 ui
1395 801 1504 854 doloris
1532 801 1620 853 nimia
1651 808 1676 852 et
1705 797 1900 867 insuperabili

206 893 297 945 minus
325 907 433 960 quoque
452 890 578 959 loquitur
600 890 641 942 ad
662 897 853 958 peccatorem:
899 886 967 941 Cum
988 889 1034 941 ira
1062 889 1194 959 superati.
1234 887 1269 941 Si
1284 905 1350 957 erpo
1368 887 1399 940 in
1414 888 1468 940 troc
1485 886 1631 955 praesenti
1646 884 1705 938 nito
1722 892 1779 937 tam
1798 884 1897 938 intole-

203 977 504 1044 furorismeiuenerit‚
523 975 771 1043 rursumsanabo;
791 974 879 1028 elios
895 980 942 1036 cst,
959 974 1036 1041 qssod
1062 976 1166 1029 rutiles
1186 981 1251 1028 sunt
1273 990 1426 1042 poenarum
1453 972 1579 1037 dolores,
1599 987 1660 1024 cum
1668 972 1734 1040 jam
1752 970 1895 1024 maceio-i

204 1065 234 1118 in
256 1064 315 1118 atio
333 1063 394 1118 loco
411 1063 534 1116 dicitur:
561 1062 649 1124 Quem
661 1061 780 1129 prandia
797 1059 945 1113 multitudo
958 1059 1032 1111 toni·
1063 1063 1157 1114 anima
1177 1061 1268 1114 utitur
1286 1061 1462 1120 indumento,
1487 1059 1557 1126 quid
1576 1059 1731 1126 putandum
1751 1065 1807 1122 eet,
1834 1073 1896 1109 oum

203 1152 270 1204 tatis
289 1158 367 1215 tuae,
387 1149 524 1216 Domine,
543 1166 625 1217 quam
646 1147 818 1201 abscondisti
836 1145 990 1199 timentibus
1011 1151 1036 1197 te
1064 1151 1095 1200 irl
1107 1147 1258 1217 spirituale
1272 1149 1396 1218 effectum
1415 1163 1449 1199 en
1465 1147 1669 1200 esurrectione
1685 1145 1802 1213 redpiet
1820 1150 1847 1197 et
1865 1160 1898 1196 en

204 1236 312 1292 Ptatm.
336 1237 381 1290 30.
418 1233 473 1289 Sed
497 1233 615 1306 quilibet
634 1233 726 1299 Videt,
749 1230 817 1287 hacc
835 1230 910 1284 dictu
927 1245 982 1283 non
1000 1228 1035 1281 ad
1063 1235 1244 1290 vehementius
1256 1234 1360 1304 ntique,
1376 1251 1429 1303 qno
1444 1233 1574 1287 srrblilt'ue
1586 1233 1684 1286 tantist
1697 1232 1753 1285 vim
1768 1231 1900 1286 dolorm

202 1324 327 1378 futurum
346 1319 395 1374 sed
413 1320 450 1376 ud
471 1337 602 1390 praesens
619 1319 750 1385 seculum,
770 1334 820 1372 nco
838 1317 874 1371 ud
893 1315 1036 1370 damnatos
1064 1323 1137 1376 Peto
1155 1321 1235 1378 enim,
1255 1322 1332 1389 qnod
1349 1327 1455 1388 quanta
1472 1320 1633 1389 differentia
1650 1325 1689 1372 est
1707 1319 1737 1370 in
1749 1317 1898 1388 praesenti

203 1409 252 1466 ted
270 1408 306 1463 ad
324 1408 499 1479 poenitentes
520 1408 666 1476 pertinere.
1063 1408 1156 1462 secum
1182 1408 1286 1460 nudum
1310 1405 1455 1459 uerberari
1475 1423 1558 1474 ossam
1574 1406 1708 1473 uestitum,
1727 1406 1767 1459 ad
1780 1420 1897 1473 percen-

59 1497 80 1542 t·
94 1500 188 1548 ΜΝ·
272 1499 314 1551 66.
343 1492 529 1565 Exposuimut
544 1491 676 1547 hactenus
689 1493 871 1561 quantitatem
880 1507 1036 1562 poenarum
1064 1497 1185 1549 tiendum
1213 1492 1320 1546 scinu
1345 1492 1513 1553 cruciatum,
1549 1507 1580 1543 eo
1608 1493 1686 1560 quod
1709 1489 1897 1544 vehementius

60 1551 191 1644 metuit?
203 1581 391 1647 infernalium
408 1584 467 1632 tum
486 1580 651 1643 discretam,
672 1584 731 1632 tum
752 1578 924 1646 continuam,
942 1581 1037 1638 restat,
1063 1583 1169 1634 neretum
1187 1597 1288 1648 corpru
1308 1578 1432 1632 munient
1452 1579 1568 1630 vertera
1582 1594 1665 1646 qnam
1683 1579 1817 1641 uestitum,
1836 1584 1896 1630 tan·

60 1653 189 1697 mmm·
202 1674 235 1724 ut
259 1684 355 1723 earum
383 1665 467 1720 ctiam
493 1665 657 1733 qualitatem
686 1668 828 1734 utcunque
857 1662 1035 1717 declaremus.
1063 1676 1120 1723 tam
1138 1674 1206 1737 pato
1223 1667 1353 1731 futuram
1374 1665 1563 1735 differmtiam
1576 1664 1693 1729 doloris,
1714 1681 1775 1717 cum
1793 1679 1897 1733 corpus

204 1752 443 1819 Quemadmodum
467 1751 586 1806 discreta
613 1751 754 1821 quantitas
780 1765 930 1819 potamum
954 1747 1036 1802 infer·
1061 1756 1211 1809 numanum
1244 1752 1441 1805 crassitudinis
1467 1751 1551 1820 liujus
1577 1751 1736 1804 indumento
1766 1750 1896 1818 deposito

203 1841 306 1896 uallum
327 1838 528 1893 aametotemet
543 1836 782 1890 universalitatem
797 1834 927 1890 contiuua
940 1851 1034 1890 arun·
1061 1842 1135 1896 velat
1169 1842 1275 1893 nedem
1312 1854 1415 1907 eorpnss
1453 1837 1575 1906 eoeperit
1610 1837 1712 1889 sentire
1749 1842 1896 1892 immensa,

203 1927 266 1982 dem
296 1927 509 1980 continuitatem
537 1941 572 1976 αθ
603 1923 810 1988 anianensem,
846 1921 885 1975 sic
917 1920 1036 1990 (involitat
1062 1927 1153 1996 (Quod
1171 1925 1488 1997 corporadamuatcrum
1505 1923 1634 1977 dicuntur
1647 1923 1822 1992 spiritualia,
1840 1938 1896 1977 non

201 2027 352 2084 poenarum
381 2010 495 2064 tflttlfflm
524 2009 711 2063 Mtttttattm'
730 2016 757 2062 tt
782 2008 1034 2074 tusttttttwtttssttm
1062 2022 1104 2069 est
1122 2012 1313 2082 accipiendum
1326 2028 1408 2065 sensu
1421 2009 1597 2081 Origeniuno,
1615 2010 1694 2081 quasi
1714 2027 1766 2064 nec
1784 2025 1896 2063 caruem

70 2116 189 2158 Acerbitas
202 2098 401 2167 complectitur.
437 2097 610 2150 Acerbitatt't
630 2095 740 2150 nomine
762 2093 942 2164 intelligimus
964 2110 1034 2147 sum·
1063 2115 1114 2154 nee
1128 2115 1190 2154 0⁸⁸8
1208 2098 1263 2153 tint
1281 2097 1424 2162 habitum
1446 2112 1496 2150 nee
1517 2112 1599 2149 sensu
1617 2110 1658 2162 eo,
1676 2111 1732 2163 quo
1750 2095 1896 2150 beatorum

65 2178 188 2260 tssfffl'm
203 2201 278 2239 mum
305 2182 479 2239 infernalium
509 2181 633 2236 dolorum
663 2181 791 2252 gradum·
838 2179 937 2249 Neque
962 2179 1034 2233 enim
1062 2203 1178 2257 corpora
1196 2185 1324 2239 dicuntur
1342 2181 1498 2252 spiritualia
1518 2187 1546 2236 et
1558 2183 1718 2250 plorificato
1740 2181 1838 2237 tuor.
1856 2187 1895 2250 15,

58 2270 133 2313 -nnnn
202 2270 296 2324 verius
313 2277 342 2324 et
361 2285 475 2323 numero
493 2268 647 2338 complures
665 2267 800 2320 duntaxat
818 2270 899 2320 erunt
922 2282 1034 2336 poenae,
1063 2290 1087 2326 ι.
1106 2279 1146 2328 tt.
1174 2274 1223 2327 sed
1241 2288 1323 2324 sensu
1343 2270 1460 2335 latiore,
1485 2275 1516 2322 ut
1536 2268 1685 2339 opponitur
1707 2267 1817 2337 corpori
1838 2266 1895 2321 aui·

204 2372 255 2411 nec
275 2362 381 2409 tantum
400 2353 569 2408 universales
587 2353 616 2407 in
635 2352 760 2406 omnibus
780 2351 888 2405 animae
906 2349 1036 2420 potentiis
1063 2358 1135 2424 mali,
1161 2357 1234 2429 quod
1254 2355 1318 2425 eibi,
1341 2359 1431 2425 potue,
1455 2355 1572 2407 vestium
1590 2362 1641 2408 etc,
1668 2352 1836 2409 adminiculo
1855 2352 1896 2407 in.

204 2447 234 2498 ct
250 2441 372 2513 corporis
388 2439 526 2508 membris,
545 2455 595 2494 nec
610 2439 698 2493 solum
711 2437 867 2504 continuae,
880 2454 936 2492 non
953 2437 1030 2490 inter·
1062 2444 1158 2515 diget)
1201 2449 1223 2500 3,
1250 2446 1295 2497 En
1324 2457 1481 2511 poenarum
1508 2441 1725 2496 continuatione.
1769 2440 1896 2511 Exiguus
1944 2487 1946 2491 ,

202 2535 301 2600 ruptae
331 2532 358 2583 et
389 2534 531 2589 tetemet,
565 2525 614 2579 ted
648 2526 730 2579 ettam
762 2525 925 2592 acerrimae,
959 2540 1034 2576 8⁰⁶1·
1062 2530 1148 2600 dolor,
1167 2530 1188 2584 si
1209 2529 1315 2600 absque
1332 2528 1390 2582 ulla
1410 2526 1610 2582 intermissione
1629 2526 1814 2592 continuetur,
1835 2542 1897 2595 per·

205 2614 335 2671 bittimae
354 2621 382 2669 at
402 2615 437 2668 ad
458 2630 595 2667 tammum
615 2611 748 2682 pastionit
767 2611 884 2683 pedum
903 2610 1035 2677 elevatae,
1062 2634 1144 2689 quam
1164 2616 1280 2671 acerbus
1298 2621 1326 2669 et
1346 2614 1484 2680 molestus,
1505 2613 1606 2684 ecquid
1618 2630 1684 2683 ergo
1701 2611 1825 2666 futurum
1845 2628 1896 2682 pn·

202 2718 235 2758 ac
254 2708 285 2756 ut
303 2700 386 2756 verbo
406 2701 504 2767 dicum,
524 2716 579 2753 non
597 2700 686 2753 solum
706 2699 841 2753 ostensive
865 2697 971 2751 rationo
991 2713 1033 2750 ae·
1062 2715 1160 2770 temen,
1181 2703 1291 2775 quando
1310 2702 1337 2756 ie
1357 2701 1548 2755 dementatum
1567 2699 1662 2769 paenis
1679 2699 1732 2753 erit
1749 2698 1897 2768 mrdn'plea

201 2788 346 2852 munitatis,
366 2787 415 2842 scd
430 2786 513 2841 etiam
525 2787 659 2839 intensive
674 2785 782 2839 ratione
800 2783 935 2856 graduum
955 2790 1035 2838 esunt
1061 2794 1183 2847 varietas
1203 2799 1228 2845 et
1252 2807 1313 2843 enm
1338 2789 1473 2842 casinate
1499 2787 1636 2839 acerbitas
1661 2794 1687 2839 ei
1710 2803 1773 2840 essm
1790 2786 1896 2839 acerbi·

202 2892 333 2930 summas,
382 2873 415 2928 In
434 2872 485 2927 hnc
508 2872 565 2926 vita
589 2889 644 2926 non
669 2871 751 2925 datur
769 2888 890 2926 summus
911 2870 1033 2925 dolosum
1061 2885 1117 2932 tate
1138 2876 1404 2931 interminabilium
1439 2881 1461 2930 4.
1483 2874 1530 2926 En
1548 2879 1749 2927 tornsniornn
1767 2889 1896 2925 arcuna

201 2962 319 3034 medus,
343 2960 408 3031 quia
433 2976 513 3014 nemo
536 2959 654 3013 sustinet
678 2957 799 3013 dolorem
820 2956 903 3011 talem
921 2973 955 3011 ⁸²⁰
973 2962 1034 3008 tan·
1061 2965 1171 3018 latione.
1209 2960 1331 3026 Quando
1359 2977 1464 3032 poenae
1493 2958 1646 3029 complures
1671 2958 1754 3012 etiam
1779 2957 1896 3013 leviores

201 3054 275 3115 tum,
301 3063 357 3117 (1110
381 3044 472 3099 nullm
493 3046 574 3099 detur
593 3047 695 3116 1118301,
720 3044 767 3099 ted
784 3044 813 3098 in
830 3043 924 3097 futuro
943 3043 1034 3098 tecut⁰
1061 3052 1269 3121 conjunguntur
1285 3054 1313 3102 et
1331 3048 1548 3115 accumulantur,
1575 3052 1643 3100 tuuc
1661 3044 1738 3099 dolor
1756 3043 1822 3099 inde
1846 3060 1895 3098 ua·

203 3132 326 3188 damnmi
351 3148 471 3186 summos
490 3136 519 3185 et
536 3130 763 3200 exquisitissimae
781 3129 889 3184 dolores
906 3130 1034 3195 sentient,
1061 3137 1147 3192 eeiter
1173 3134 1310 3200 eeerbi0r3
1339 3134 1439 3204 ecquid
1467 3132 1591 3186 futurum
1608 3138 1753 3202 putamus,
1780 3131 1894 3203 qnando

203 3217 305 3289 quibus
322 3218 439 3288 majores
453 3234 508 3272 non
525 3217 585 3271 dari
600 3233 651 3272 uec
663 3215 780 3288 cogitari
794 3226 919 3286 possunt.
946 3214 1033 3269 Disci·
1060 3221 1240 3294 grevieeimee
1254 3236 1358 3289 poenae
1371 3236 1484 3273 nemeen
1499 3217 1804 3286 incompetentium,
1822 3234 1895 3286 pen.

201 3304 283 3377 putus
310 3303 345 3359 de
372 3307 496 3374 tempore
515 3302 630 3358 adducit
649 3302 753 3358 dictum
773 3302 918 3373 cujusdam
938 3317 972 3356 ex
990 3318 1033 3356 vs·
1062 3313 1128 3363 aero
1146 3307 1373 3369 inaestimatae,
1400 3313 1522 3374 tenpore
1550 3304 1770 3358 interminabiles
1794 3304 1823 3359 tn
1847 3303 1896 3358 ds-

201 3390 321 3447 teribtut
342 3392 377 3446 St
396 3408 488 3445 annet
505 3391 629 3445 hominii
647 3391 711 3443 nati
728 3390 763 3442 ab
778 3389 874 3443 Adam
892 3406 978 3458 utque
994 3390 1035 3441 dcl
1062 3395 1162 3450 mustis
1182 3392 1432 3464 aggregabuntur?
1449 3391 1510 3445 Erit
1524 3391 1596 3445 enim
1608 3390 1648 3445 ibi
1664 3391 1790 3445 absentia
1804 3392 1895 3445 omnis

201 3480 366 3533 hodiernum
378 3478 453 3531 diem
471 3485 496 3531 et
514 3478 638 3547 amplius
655 3478 794 3531 nascituri
811 3476 933 3530 uiuerent
949 3492 1034 3544 usque
1062 3483 1127 3536 tone·
1138 3489 1164 3534 at
1171 3480 1338 3549 praesentia
1351 3478 1440 3531 annuis
1459 3478 1536 3542 moli,
1557 3493 1590 3530 cc
1614 3493 1796 3548 quaecunque
1820 3476 1895 3531 mala

202 3567 243 3620 od
257 3565 435 3618 nwissimum
450 3564 533 3632 diem,
553 3572 577 3617 et
589 3565 683 3617 omnia
695 3563 836 3633 crumina,
853 3578 923 3631 quoe
936 3569 1033 3615 enoria
1061 3584 1120 3624 eece
1140 3570 1263 3637 possunt,
1278 3564 1348 3618 uilril
1367 3564 1402 3617 dc
1421 3561 1464 3616 his
1484 3562 1620 3617 damnatis
1637 3562 1760 3631 dcerunt,
1780 3563 1814 3618 de
1831 3563 1895 3635 qui·

203 3667 324 3718 uuquam
337 3652 463 3716 fuerunt,
480 3648 708 3718 attalianum,
726 3666 760 3702 aa
772 3650 798 3702 ti
811 3665 896 3703 uttam
902 3665 1033 3716 potitam,
1060 3655 1112 3708 bus
1132 3650 1229 3705 melius
1246 3649 1367 3720 lugendo
1387 3649 1502 3702 interius
1521 3666 1604 3721 quam
1625 3649 1762 3722 loquendo
1775 3650 1896 3703 exterius

201 3752 286 3806 quom
307 3736 420 3805 patitur
450 3735 547 3788 animo
567 3753 622 3805 pro
646 3742 838 3811 unolpoccato
864 3734 978 3788 mortali
1003 3736 1032 3786 in
1061 3738 1168 3810 aliquid
1201 3736 1373 3806 proterimus.
1418 3734 1651 3790 Intructuositatis
1678 3737 1788 3790 nomine
1813 3735 1894 3790 iutel-

200 3823 328 3887 inferno,
352 3838 384 3874 en
405 3838 494 3890 aequo
510 3820 702 3890 partirentur,
726 3822 768 3873 ito
786 3823 952 3875 uideretur
972 3819 1032 3871 ani·
1059 3825 1171 3897 ligimus
1185 3823 1264 3888 illud,
1275 3823 1350 3894 quod
1359 3837 1465 3892 poenae
1479 3821 1628 3876 infernales
1639 3822 1742 3876 nullam
1755 3822 1895 3878 damnetis

201 3909 300 3977 cuique
318 3908 424 3964 tantini
435 3925 509 3977 pars
526 3907 605 3960 illins
615 3923 842 3979 poenaeacouo;
862 3915 927 3959 tunc
942 3908 1031 3976 porti·
1060 3910 1177 3965 afferant
1200 3910 1364 3978 utilitatem,
1395 3909 1460 3979 quia
1485 3915 1595 3979 tempus
1621 3909 1806 3963 conversionis
1829 3926 1895 3963 cum

200 3995 265 4048 orda
278 3995 391 4064 quoeoie
402 3995 483 4048 titius
496 4009 609 4063 poenae
624 3994 745 4048 nominis
760 3993 842 4046 unius
857 3994 950 4062 major
963 4001 1032 4046 essct
1059 3998 1113 4052 hae
1131 3997 1190 4051 vite
1208 4001 1251 4050 est
1269 3995 1385 4050 finitum.
1425 3995 1542 4059 Quando
1560 3995 1638 4065 impii
1657 3994 1686 4049 in
1705 3994 1758 4049 hee
1776 3996 1834 4050 vite
1852 3995 1895 4050 di.

199 4097 283 4150 mum
301 4081 396 4135 omnio
414 4088 561 4147 tornesac,
580 4096 653 4150 qnae
678 4095 771 4131 omnes
788 4080 880 4132 tancti
897 4087 1033 4147 nsartpres
1060 4085 1162 4139 vinitus
1185 4083 1352 4154 puniuntur,
1371 4088 1438 4137 tunc
1462 4082 1597 4154 ejusmodi
1615 4098 1720 4151 poenas
1738 4087 1803 4136 sunt
1824 4084 1895 4152 ipsis

200 4175 227 4221 tt
247 4184 339 4221 omnes
359 4174 488 4236 ratitum
506 4174 532 4219 tt
554 4182 647 4218 omitt
667 4165 790 4229 matttct
813 4183 936 4235 utquam
950 4165 1033 4234 parti
1059 4170 1192 4226 salutaria
1216 4169 1429 4235 medicamenta,
1456 4169 1556 4239 quibus
1582 4185 1717 4223 venenum
1744 4168 1895 4239 impietatis

198 4252 323 4316 stimat·
354 4251 491 4308 Probatur
502 4257 593 4306 autem
613 4251 682 4307 haec
694 4267 844 4321 poendfflm
857 4250 1032 4305 infernalium
1059 4274 1091 4311 ac
1115 4256 1193 4311 labes
1214 4254 1369 4325 iniquitatis
1394 4253 1429 4308 ab
1450 4253 1505 4308 illis
1529 4261 1696 4320 removetur3
1719 4255 1767 4309 sed
1791 4253 1895 4309 inferni

82 4336 126 4381 ¹¹·
140 4335 186 4380 ω·
200 4338 337 4396 &orbitat
360 4345 381 4396 l.
399 4357 432 4393 ex
453 4358 550 4392 aarum
569 4341 598 4391 t'm
621 4340 713 4392 eacrt'a
728 4338 821 4391 titerta
834 4339 1033 4406 descriptione.
1060 4359 1166 4413 poenae
1188 4347 1269 4396 erunt
1291 4341 1358 4410 ipsis
1384 4356 1495 4411 prorsus
1521 4339 1556 4394 ad
1576 4340 1782 4396 conversionem
1802 4340 1894 4396 infm-

200 4425 319 4480 Psrctus
347 4426 419 4480 cuim
446 4424 556 4481 diabolo
585 4431 613 4480 ct
642 4425 779 4480 damnatis
804 4423 960 4478 hominibus
978 4440 1032 4477 non
1060 4436 1178 4484 ctuosae.
1217 4427 1247 4482 Si
1264 4427 1336 4481 enim
1357 4426 1503 4480 damnatus
1521 4424 1613 4481 flendo
1630 4432 1737 4481 tentum
1755 4426 1893 4498 delacry·

199 4511 403 4584 qualiscunque
414 4510 496 4583 ignis,
515 4510 564 4566 sed
574 4512 690 4580 plamnm
703 4513 784 4581 ienis,
805 4511 931 4563 caminus
950 4510 1032 4576 ienis,
1060 4516 1111 4569 mie
1129 4515 1279 4579 emitteret,
1306 4517 1440 4584 quantum
1465 4517 1508 4565 est
1526 4511 1561 4565 de
1580 4528 1653 4583 aqua
1673 4512 1702 4566 iu
1725 4513 1807 4578 mari,
1836 4531 1894 4569 non

199 4605 327 4666 menum
340 4598 422 4666 ienis,
442 4606 552 4653 torreris
568 4598 700 4666 sulj'nriu
721 4603 752 4650 ut
767 4596 885 4650 vidimus
898 4594 1032 4664 superius.
1058 4599 1198 4655 sufficeret
1217 4601 1254 4655 ad
1277 4599 1424 4653 lavandum
1444 4597 1580 4652 maculam
1596 4599 1678 4654 unius
1697 4601 1806 4670 peccati
1821 4618 1893 4656 mor·

199 4688 224 4740 2.
254 4685 299 4737 Ec
317 4700 465 4752 corporum
485 4684 651 4738 conditione.
688 4681 810 4753 Corpora
828 4681 899 4735 enim
917 4679 1032 4734 damna·
1058 4687 1130 4742 talis.
1162 4685 1192 4742 si
1212 4687 1249 4740 sd
1262 4685 1469 4740 conversionem
1489 4683 1620 4755 valerent,
1642 4685 1725 4741 finem
1744 4686 1900 4753 habereutt

199 4774 289 4824 torum
312 4784 345 4823 ex
367 4776 454 4822 morte
472 4768 667 4823 suscitatorum
687 4769 774 4838 ipsius
793 4767 846 4821 Dei
873 4783 957 4820 manu
975 4767 1031 4820 for·
1050 4774 1106 4830 scd
1130 4773 1197 4844 quia
1221 4771 1305 4826 linem
1328 4788 1362 4826 sc
1388 4771 1536 4826 terminum
1555 4789 1610 4827 nou
1628 4771 1745 4840 hebent,
1773 4773 1835 4828 ideo
1854 4774 1893 4828 ud

199 4861 274 4910 mata
306 4860 389 4910 erunt
414 4853 627 4926 exquisitissimo
658 4853 759 4909 doloris
792 4868 874 4907 sensu
897 4853 1031 4923 praedita,
1057 4860 1263 4915 eonvereienem
1282 4857 1375 4913 velere
1393 4858 1504 4914 minime
1521 4864 1643 4930 pessunt,

198 4957 261 4997 cum
283 4941 337 4996 line
358 4957 390 4997 sc
408 4959 425 4996 a
442 4940 503 4996 Deo
520 4941 689 4997 suscitentur
701 4957 734 4995 sc
751 4939 911 5003 formentur,
928 4946 960 4995 ut
978 4941 1033 4994 sint

199 5026 437 5084 acerbissimarum
456 5028 615 5098 passionum
641 5027 805 5098 subjectum.
844 5025 978 5099 Origenes
1002 5028 1030 5080 in
1093 5037 1134 5087 61.
1171 5029 1378 5084 Delineavimus
1398 5029 1453 5083 huc
1473 5046 1560 5102 usque
1576 5032 1701 5092 smmum
1720 5032 1830 5097 inferni
1846 5031 1891 5085 in·
1904 5045 1953 5088 xz
1968 5047 2014 5092 ate

199 5113 300 5173 Peslm.
318 5118 343 5171 6.
368 5113 444 5184 apud
467 5113 643 5184 Pamphilum
665 5113 693 5166 in
717 5112 856 5184 apologia:
893 5114 1032 5168 Possibile
1057 5126 1181 5184 ternam,
1206 5132 1289 5185 quam
1314 5115 1431 5170 docendi
1451 5133 1537 5172 causa
1559 5117 1751 5172 constituimus
1778 5118 1807 5172 in
1827 5135 1890 5190 gru·
1903 5113 2017 5208 {itm

199 5209 239 5255 est
259 5201 441 5255 cumderore
465 5218 498 5253 eo
524 5201 568 5254 tris
588 5200 706 5253 manime
726 5198 883 5266 dolositate,
909 5218 978 5269 quos
1002 5201 1030 5252 in
1057 5203 1175 5257 cissimis
1193 5202 1356 5272 illispoenis
1371 5219 1404 5257 uc
1418 5203 1558 5274 suppliciis
1573 5203 1798 5270 horribilissimis,
1818 5220 1985 5276 quuctsrnu
2016 5200 2017 5206 '

199 5286 250 5340 lsoc
261 5303 380 5354 corpore
391 5286 481 5357 positi
493 5287 634 5352 sentimus,
651 5286 701 5353 oui
716 5287 842 5354 occussis
854 5287 951 5356 moeni
966 5287 1031 5354 sint,
1057 5287 1180 5343 damuati
1206 5288 1235 5342 in
1260 5287 1367 5343 inferno
1392 5291 1527 5344 sustinere
1545 5295 1692 5362 cogentum
1719 5294 1891 5360 consequens

199 5373 288 5425 meum
306 5381 379 5426 certe
396 5380 459 5425 sunt
476 5372 616 5440 temporis,
634 5389 691 5440 pro
716 5389 747 5425 eo
763 5374 866 5441 mocisi
877 5373 970 5444 poulo
988 5390 1030 5426 re·
1057 5380 1107 5441 est,
1130 5383 1161 5428 ut
1177 5377 1307 5444 sormam
1333 5377 1394 5442 ejus
1415 5385 1555 5431 estunam
1578 5379 1635 5432 siue
1658 5379 1778 5448 tipnrom
1795 5378 1891 5449 aliquo

198 5458 381 5513 trementiores
397 5458 558 5525 maluerint,
574 5459 704 5513 continno
724 5460 807 5514 stiam
825 5459 898 5512 citas
916 5458 1031 5514 cebron
1057 5459 1138 5515 modo
1155 5461 1345 5532 depingamus.
1383 5462 1526 5534 Scriptura
1550 5479 1600 5533 per
1623 5463 1760 5535 quandam
1784 5464 1821 5520 sd
1838 5483 1890 5522 nos

199 5544 326 5608 mserum
343 5545 437 5614 mens.
481 5543 611 5613 Denique
627 5545 721 5611 mebi,
745 5546 773 5601 si
792 5561 838 5599 res
858 5547 1032 5615 poposcerit,
1057 5544 1264 5619 ouysmittaotn
1286 5564 1348 5603 cam
1371 5547 1412 5604 sic
1430 5546 1573 5618 describit,
1596 5549 1672 5621 quod
1689 5549 1727 5605 sit
1753 5557 1773 5606 t.
1790 5567 1890 5607 carcer
