4050 6014
763 237 1137 296 nemrssaunaun
1739 253 1799 312 379

44 380 83 424 14&
99 383 231 441 dicuntur
251 386 405 458 emerspti
422 388 453 441 in
472 389 574 458 ocelim
598 407 651 461 per
667 397 810 448 aeternam
827 391 936 447 scilicet
961 393 1093 464 jugibus!
1131 393 1299 464 Cumprimis
1316 411 1382 451 vero
1401 402 1537 467 quantum
1555 395 1659 452 bonum
1677 412 1711 452 ac
1732 413 1802 469 gau·

98 471 262 527 electionem
279 472 347 528 Luc.
364 479 404 541 10,
422 491 449 528 v.
465 480 506 530 10.
522 474 594 529 Phil.
611 481 639 544 4,
656 494 682 534 v.
702 483 725 534 3,
746 494 830 548 quam
849 477 936 533 homi·
963 478 1041 533 dium
1066 479 1119 535 erit
1140 478 1235 534 sidere
1256 478 1398 534 Christum
1423 496 1519 552 regem
1542 481 1670 538 omnibus
1693 482 1801 554 angelis

98 556 183 612 nibus
200 575 266 613 vere
282 565 311 615 et
328 566 538 628 perseveranter
551 561 580 616 in
595 561 738 617 Christum
757 563 936 619 credentibus
963 562 1090 620 etbeatis
1104 565 1323 635 praesidentem,
1340 565 1371 618 in
1388 567 1563 631 diademate,
1581 584 1636 636 quo
1654 569 1802 622 coronavi

97 659 154 698 non
178 648 273 699 autem
292 644 400 716 angelis
420 645 566 718 Scriptura
582 648 694 719 proprie
713 649 825 715 tribuit)
849 657 877 702 ct
895 651 936 702 cd
962 649 1045 704 illum
1068 658 1160 704 mater
1184 668 1238 704 saca
1256 651 1286 704 in
1306 653 1354 705 die
1373 653 1600 723 deopomationis
1619 653 1700 708 illius
1724 662 1751 709 et
1769 655 1801 708 in

96 729 216 797 spirituas
222 729 368 798 justorum
375 733 570 800 perfectorum
584 738 645 802 (per
658 750 728 803 qnos
743 733 936 805 intelliguntur
962 735 1009 789 dis
1021 736 1147 790 loetitiae
1163 738 1262 791 cordis
1272 737 1351 806 cius!
1369 736 1448 795 Cant.
1462 743 1487 806 1,
1505 754 1531 794 v.
1551 743 1592 794 11.
1611 738 1714 795 Confer
1727 756 1801 811 quas

97 813 208 869 animas
224 832 241 869 a
259 816 422 886 corporibus
440 824 587 888 separatae
598 826 627 874 et
640 818 671 873 in
680 819 788 874 coelum
798 827 936 890 receptae,
947 811 951 898 1
962 819 998 873 de
1016 820 1200 876 exsultatione
1218 830 1377 879 sanctorum
1394 823 1514 878 diximus
1528 825 1664 895 superius.
1685 825 1800 881 1811·
1813 805 1944 900 ἢῆ,

96 917 170 972 qnae
187 901 270 971 plene
289 909 355 958 suut
368 904 559 960 smctificatas
578 921 613 960 ac
630 905 820 975 glorificatae).
851 906 936 961 Beier
960 905 1106 959 oissimm
1117 906 1298 975 colloquium.
1329 907 1427 978 Neque
1442 909 1516 963 euim
1528 910 1604 964 beati
1617 916 1700 964 erunt
1716 909 1799 984 κωφὰ
1815 919 1877 949 nnn
1891 908 1941 951 ⁰⁰¹⁴

95 985 151 1041 hue
166 987 286 1044 visiones
301 990 520 1061 apocalypticus,
538 991 684 1062 inquibus
703 992 822 1047 ecclesia
838 992 934 1047 trium
961 987 1107 1063 speirano,
1127 991 1198 1046 muti
1218 997 1397 1062 spectatores,
1414 994 1464 1049 ssd
1483 995 1661 1051 suavissimos
1680 995 1800 1052 invicem
1813 961 1925 1012 mm

95 1072 187 1142 phana
213 1072 418 1146 praefiguratur
442 1075 603 1146 Apocalt,
627 1094 655 1134 v.
678 1083 703 1133 1.
721 1092 784 1148 cap.
809 1084 833 1145 5,
860 1094 886 1132 v.
910 1083 935 1135 8.
960 1091 1100 1131 sermones
1118 1077 1263 1132 conferent
1281 1078 1316 1132 ds
1334 1078 1505 1134 admirandis
1521 1080 1631 1135 divinae
1644 1080 1800 1151 sapientiae

95 1173 160 1228 csp.
174 1164 199 1227 ’1,
213 1164 274 1215 v.9.
294 1175 355 1230 cap.
374 1167 415 1230 11,
430 1177 457 1217 v.
474 1167 512 1218 lo.
531 1178 591 1232 cap.
609 1168 649 1230 11,
665 1180 691 1216 v.
707 1168 728 1220 1.
747 1169 933 1234 cap.1t,v.a.
960 1160 1087 1232 dometis,
1107 1161 1142 1217 ds
1159 1164 1305 1235 stupendis
1321 1163 1433 1219 diriuae
1446 1165 1588 1236 potentiae
1605 1166 1744 1237 operibus,
1763 1167 1799 1222 de

94 1258 157 1313 cap.
179 1249 220 1310 19,
240 1261 266 1298 v.
288 1250 311 1305 1.
330 1251 383 1303 etc.
960 1246 1075 1302 infinitis
1110 1248 1222 1304 divinae
1251 1250 1359 1320 gratiae
1387 1266 1422 1304 ac
1453 1249 1586 1306 bonitatis
1617 1254 1798 1323 argumentis.

785 1327 789 1333 ’
961 1331 1201 1398 Quemadmodum
1226 1334 1300 1389 enim
1319 1335 1431 1405 Moyses
1454 1344 1483 1391 et
1500 1336 1577 1391 Elias
1598 1338 1628 1392 in
1646 1339 1798 1412 transfigu-

44 1451 81 1484 „.
133 1419 190 1471 1111.
225 1414 268 1469 Ex
288 1415 341 1471 hac
360 1417 525 1474 suavissima
547 1425 576 1475 et
595 1421 770 1476 sanctissima
788 1421 934 1476 beatorum
961 1419 1067 1475 ratione
1079 1437 1143 1474 cum
1152 1418 1263 1476 Christo
1274 1421 1473 1489 colloquuntur
1485 1422 1523 1477 ds
1533 1422 1655 1479 instante
1668 1426 1798 1495 passione

44 1507 80 1590 h·
96 1501 229 1556 societate
246 1503 660 1575 orietnrscvigebitintcreos
680 1512 701 1562 1.
718 1517 831 1561 mutuus
844 1525 933 1574 amor,
961 1504 1207 1570 Μ1111.17,ν.3.
1240 1504 1310 1561 Luc.
1332 1511 1356 1571 9,
1380 1525 1406 1561 v.
1424 1512 1465 1562 11.
1493 1507 1533 1562 sic
1557 1508 1586 1563 in
1606 1509 1666 1564 vita
1683 1516 1798 1565 aeterna

44 1607 56 1638 s
96 1585 362 1664 laurentiumque.
397 1588 468 1645 Cum
481 1592 554 1646 enim
576 1593 677 1648 caritas
695 1593 724 1647 in
745 1594 805 1648 vita
821 1601 935 1649 aeterna
960 1589 1095 1659 vigebunt
1112 1591 1185 1647 inter
1197 1597 1308 1645 sanctos
1325 1597 1461 1662 perpetua
1478 1599 1507 1647 et
1520 1594 1726 1663 jucundissima
1743 1596 1798 1650 col·

93 1672 191 1727 futura
209 1673 247 1728 sit
263 1674 389 1745 perfecta
411 1681 433 1733 1.
446 1676 508 1731 Cor.
524 1682 563 1744 13,
583 1695 610 1733 v.
629 1684 652 1736 8.
672 1679 736 1734 ideo
750 1697 805 1735 non
824 1687 933 1735 tantum
960 1676 1056 1748 loquio
1064 1677 1100 1730 de
1112 1677 1249 1747 passionis
1265 1676 1429 1732 Dominicae
1443 1678 1545 1747 fructu,
1563 1684 1677 1734 aeterna
1691 1680 1799 1736 scilicet

93 1758 186 1814 Deum
213 1777 298 1830 super
320 1763 415 1816 omnia
433 1763 566 1835 diligent,
585 1765 634 1819 sed
652 1767 736 1821 stiam
756 1773 844 1821 semet
858 1766 932 1836 ipsos
960 1762 1104 1817 beatorum
1120 1761 1325 1834 glorificatione
1344 1779 1378 1817 ac
1395 1763 1431 1818 ds
1450 1764 1512 1819 aliis
1530 1764 1594 1820 fidei
1614 1771 1724 1821 nostras
1736 1783 1798 1837 my·

95 1844 214 1900 invicem
226 1847 375 1916 purissimo
388 1856 418 1905 et
428 1851 630 1920 perfectissimo
643 1868 737 1907 amore
747 1853 932 1922 complecten·
958 1848 1059 1913 steriis,
1079 1848 1116 1903 ad
1135 1865 1253 1919 quorum
1270 1849 1422 1919 perfectam
1434 1851 1604 1920 agnitionem
1615 1851 1645 1905 in
1664 1851 1718 1906 hac
1737 1853 1798 1906 vita

94 1936 149 1986 tur.
194 1932 337 1995 Quantum
365 1934 485 2006 quisquc
510 1952 540 1991 ss
565 1938 670 2007 ipsum,
697 1943 806 1992 tantum
832 1937 933 2009 diliget
957 1932 1103 2003 adspirare
1131 1934 1255 1989 nondum
1280 1940 1439 2005 potuerunt
1484 1936 1575 2002 Quam
1600 1945 1721 2008 augusta
1743 1937 1797 1992 erit

94 2016 178 2072 etiam
197 2017 322 2074 alterum.
357 2021 526 2077 Aushelmns
546 2023 575 2077 in
592 2025 676 2095 prosl.
700 2041 761 2094 cap.
782 2031 827 2080 25:
852 2026 932 2078 Jmti
958 2019 1012 2073 ista
1029 2020 1163 2090 synodus,
1180 2020 1209 2075 in
1227 2037 1284 2092 qua
1301 2021 1468 2077 convenient
1482 2038 1578 2077 omnes
1590 2023 1679 2077 sancti
1694 2022 1796 2077 veteris

95 2104 216 2171 diliqcnt
235 2107 330 2160 Deum
346 2107 414 2175 plus
432 2126 516 2178 quam
542 2126 573 2163 sc
591 2112 669 2178 ipsos
688 2118 716 2163 et
734 2111 851 2164 inuicem
868 2118 931 2164 tan·
959 2111 988 2160 st
1005 2106 1070 2159 novi
1088 2106 1261 2170 testamenti,
1290 2107 1372 2176 cujus
1392 2109 1507 2179 ἔξαρχος
1524 2108 1577 2162 erit
1598 2107 1738 2178 Christus,
1766 2112 1797 2162 in

94 2206 220 2257 mmmsc
233 2191 318 2259 ipsos,
332 2194 450 2246 etDcus
467 2194 534 2248 illos
547 2196 617 2263 plus
634 2213 717 2264 quam
735 2197 783 2250 elli
797 2213 827 2250 sc
846 2198 931 2267 ipsos,
959 2207 1015 2262 qua
1039 2208 1095 2246 non
1121 2193 1175 2247 erit
1198 2193 1386 2248 necessarium
1411 2192 1517 2248 solicito
1533 2194 1680 2249 veritatem
1704 2194 1796 2266 inqui·

94 2276 163 2345 quio
180 2276 229 2331 illi
247 2278 328 2331 allum
347 2286 466 2332 111111
487 2281 605 2335 invicem
620 2298 678 2350 per
693 2283 777 2337 illum
796 2291 821 2337 11
839 2283 932 2338 111111
959 2293 1028 2344 rere,
1049 2277 1099 2331 ted
1118 2277 1357 2333 ο11111111011111111111
1374 2285 1586 2335 111111111οω11
1602 2279 1761 2337 manifesta.

94 2369 122 2415 ct
138 2363 314 2432 1111111111
328 2365 428 2433 ipsum.
454 2365 523 2421 Vita
541 2384 613 2439 quae
630 2369 659 2422 in
677 2370 795 2425 caritate
812 2369 932 2438 ducitur,
1380 2403 1383 2407 ·

95 2447 263 2518 estoptima,
279 2450 484 2520 jucundissima
501 2459 530 2506 et
544 2453 725 2524 quietissima,
743 2454 817 2508 sicut
836 2470 852 2509 e
868 2471 932 2509 con·
996 2455 1054 2506 105.
1091 2449 1134 2505 De
1160 2449 1214 2505 bac
1242 2449 1387 2506 beatorum
1415 2452 1548 2506 societate
1573 2452 1614 2508 sic
1645 2453 1799 2525 loquuntur
1810 2465 1879 2506 nicta
1893 2475 1935 2506 vs·

94 2549 174 2588 verso
193 2535 259 2604 sita,
279 2552 351 2607 quae
363 2537 393 2592 iu
406 2537 486 2603 odiis,
507 2538 629 2593 dissidiis
644 2555 679 2593 ac
696 2539 794 2610 litigiis
812 2540 931 2606 ducitur,
959 2541 1074 2591 veteres.
1110 2535 1269 2606 Cyprianus
1286 2535 1336 2592 lib.
1349 2542 1374 2591 1.
1388 2538 1467 2608 epist
1481 2544 1512 2594 6:
1535 2537 1613 2599 Quae
1631 2541 1684 2593 trit
1702 2540 1798 2609 cloria
1810 2518 1930 2610 {2¹22ssss

94 2626 137 2675 est
156 2620 311 2676 miserrima
334 2639 367 2677 ac
391 2622 638 2679 turbulentissime
673 2625 767 2691 Quare
783 2643 846 2680 cum
866 2626 932 2682 bea·
959 2631 984 2677 11
1004 2630 1112 2691 quanta
1132 2623 1245 2676 laetitia
1264 2624 1396 2691 admitti,
1419 2632 1450 2676 ut
1466 2626 1561 2678 Deum
1577 2625 1691 2687 uideor.
1710 2628 1796 2681 lona·
1810 2619 1932 2662 ’ΝΜ

93 2711 185 2761 torum
202 2710 263 2763 vita
278 2708 308 2762 in
321 2708 446 2779 perfecta
455 2710 572 2766 caritate
590 2718 724 2782 perpetuo
742 2712 779 2767 sit
795 2712 931 2780 ducenda,
959 2710 1035 2775 ruri,
1063 2716 1094 2762 ut
1122 2726 1184 2762 cnm
1204 2709 1317 2764 Christo
1338 2710 1462 2764 Domina
1484 2711 1547 2764 Deo
1572 2718 1620 2763 tuo
1638 2711 1740 2765 salutis
1760 2730 1796 2767 cc
1829 2716 1835 2727 “

93 2792 158 2848 ideo
174 2795 257 2849 stiam
277 2813 333 2850 non
344 2797 447 2866 poterit
458 2814 514 2851 non
536 2814 596 2852 esse
614 2799 825 2868 jucundissima
853 2797 932 2853 Sicut
958 2796 1030 2849 lucis
1043 2803 1175 2849 11111111
1193 2796 1331 2864 qaudium
1348 2796 1467 2865 copias!
1496 2796 1645 2850 Amatam
1661 2805 1689 2850 ct
1708 2796 1796 2852 Isaac

93 2880 218 2936 cortinae
243 2882 272 2935 in
299 2879 482 2936 tabernaculo
497 2881 620 2937 Mosaico
646 2900 695 2952 per
719 2884 832 2938 ansulas
852 2888 932 2939 erant
959 2888 985 2934 ct
995 2881 1090 2934 Jacob
1106 2889 1133 2934 11
1147 2881 1336 2952 patriarchas
1354 2897 1448 2935 omnes
1467 2889 1493 2935 et
1506 2882 1664 2950 propbetas
1681 2891 1708 2935 et
1725 2900 1795 2952 apo·

92 2963 146 3019 sibi
169 2966 322 3020 arctissime
344 2983 498 3033 connexae,
524 2968 564 3021 sic
588 2968 664 3023 beati
687 2969 717 3023 in
741 2969 800 3024 vita
818 2976 931 3024 aeterna
957 2967 1047 3020 stolas
1071 2973 1100 3019 et
1123 2973 1266 3033 martyras
1290 2982 1384 3019 omnes
1404 2966 1547 3033 salutare,
1567 2972 1635 3020 'cum
1654 2967 1744 3035 ι1111111
1769 2977 1797 3023 et

92 3066 144 3121 per
172 3052 317 3105 carimtem
348 3052 503 3106 unitissimo
535 3059 617 3108 erunt
647 3054 767 3109 invicem
799 3054 930 3109 devincti.
960 3052 1023 3103 Deo
1041 3051 1142 3103 amicis
1159 3051 1189 3103 in
1208 3067 1297 3118 rcqno
1314 3050 1457 3104 coelorum
1474 3052 1795 3107 dalocimmortciitatis

44 3140 117 3192 ml.
141 3138 261 3191 Msstuus
281 3138 377 3192 tenor.
415 3139 538 3193 Maxima
561 3139 614 3192 erit
637 3140 759 3194 omnium
784 3140 928 3196 beatomm
957 3136 1102 3207 uoluptate
1116 3139 1242 3205 paudere
1255 3141 1308 3192 etc.
1325 3136 1447 3191 Basilius
1459 3136 1488 3191 in
1501 3136 1651 3192 exhortad
1664 3137 1794 3208 baptism.

92 3220 224 3294 dignitas,
242 3228 325 3278 munt
343 3241 436 3278 omnes
448 3240 528 3291 rcqes
540 3228 740 3279 etsocerdotes
758 3244 854 3280 coram
864 3230 928 3281 Deo
957 3227 1022 3276 tom.
1038 3226 1059 3276 1.
1075 3240 1101 3291 p.
1117 3227 1181 3277 15οε
1203 3222 1252 3276 Ibi
1269 3223 1434 3290 mrqclorum
1452 3222 1556 3290 millio,
1572 3223 1732 3291 primorum
1740 3242 1796 3296 pa·

92 3308 181 3378 Apoc.
195 3313 217 3378 1,
236 3326 261 3362 v.
274 3314 299 3364 1,
320 3309 384 3363 ideo
397 3310 483 3364 etiam
500 3309 603 3365 honore
617 3311 929 3369 sessmutuoafflcient.
956 3315 1066 3360 rentmn
1095 3315 1258 3376 conventas,
1288 3307 1482 3377 apostolorum
1509 3309 1605 3373 111111,
1636 3310 1795 3365 tribunalia

93 3393 174 3449 Sicut
196 3394 274 3449 Deus
299 3393 444 3450 honoravit
467 3401 578 3451 sanctos
604 3396 765 3451 coelestium
794 3396 929 3452 bonorum
954 3394 1173 3463 prophetarum,
1208 3394 1444 3463 patriarcharum
1478 3401 1604 3463 sceptra,
1637 3404 1796 3464 martyrum

93 3481 357 3546 communicatione,
384 3482 425 3536 sic
447 3481 522 3536 beati
543 3484 632 3536 ileum
655 3482 685 3536 in
705 3500 735 3537 se
755 3489 784 3537 et
801 3482 929 3537 omnibus
956 3497 1086 3547 coronae,
1088 3480 1235 3548 justorum
1245 3480 1346 3533 lassdes
1355 3479 1576 3533 cumulatissime
1584 3481 1793 3550 spectabuntur.

92 3567 208 3638 reliquis
225 3566 407 3622 beatitudinis
432 3567 608 3622 consortibus
628 3567 804 3623 honorabunt
822 3570 929 3640 gratim
956 3565 1048 3620 homil.
1073 3565 1102 3619 in
1128 3565 1230 3619 Psalm.
1255 3571 1301 3621 45:
1339 3565 1487 3634 Definiunt
1512 3566 1630 3634 quidum
1653 3567 1794 3621 ciuitatem

93 3652 205 3707 divinas
221 3653 364 3724 agnitione
382 3660 411 3707 et
422 3651 632 3725 glorificatione,
651 3654 828 3709 honorabunt
844 3656 928 3710 etiam
957 3652 1201 3718 conqreqationem
1219 3651 1428 3704 constabilitum
1444 3659 1470 3704 et
1489 3651 1598 3720 leqibss
1612 3653 1794 3708 administra

92 3755 154 3794 sese
176 3739 295 3793 invicem
319 3739 454 3794 donorum
480 3739 509 3793 in
533 3740 687 3811 quemlibet
711 3739 823 3795 beatum
843 3741 929 3796 colla-
955 3746 1022 3792 tam.
1059 3737 1141 3790 Haec
1159 3737 1232 3790 enim
1250 3737 1496 3791 traditacim'tatis
1508 3739 1637 3802 definitio
1650 3739 1704 3803 illi,
1722 3757 1795 3809 quas

91 3828 183 3878 torum
206 3824 421 3895 praedicatione.
455 3825 519 3880 lon
543 3831 581 3893 12,
607 3844 633 3880 v.
651 3831 700 3881 26:
725 3826 841 3894 Siquis
860 3829 929 3880 mili
955 3840 1066 3876 sursum
1081 3830 1120 3875 est
1133 3822 1323 3886 Hierusalem,
1343 3822 1459 3877 coelesti
1472 3822 1711 3878 ciuitutimaaime
1729 3842 1794 3879 con·

92 3911 249 3976 ministrat,
274 3911 424 3965 honorabit
448 3927 511 3965 eum
539 3913 630 3965 Pater
651 3929 737 3968 meus.
777 3912 818 3965 At
845 3929 928 3982 quem
955 3910 1037 3963 venit.
1073 3910 1151 3963 Nam
1171 3917 1197 3961 11
1216 3909 1256 3962 iti
1267 3909 1520 3978 primoqenitorum
1538 3927 1572 3962 ac
1586 3911 1794 3980 descriptorum

92 3994 178 4051 Pater
198 3996 326 4051 coelestis
350 3994 482 4064 honorat,
511 4013 575 4050 eum
601 3997 684 4050 stiam
711 4003 771 4051 tota
802 3997 929 4052 coelestis
956 3996 986 4048 in
1004 3995 1090 4050 coelis
1108 3996 1290 4062 conqreqntio
1310 4002 1337 4048 et
1362 3996 1395 4048 ob
1413 3995 1614 4049 immutabilem
1632 4004 1792 4050 sanctorum

92 4081 170 4137 curia
181 4082 306 4144 honorat,
325 4082 392 4151 quia
404 4082 533 4136 voluntas
550 4083 693 4137 beatorum
708 4083 820 4137 divinae
833 4084 928 4138 volun·
954 4083 1041 4136 uitam
1062 4090 1088 4135 et
1108 4084 1260 4136 secundum
1275 4082 1365 4152 lcqem
1379 4082 1525 4136 coelestem
1539 4082 1722 4149 paternalem
1735 4090 1793 4135 sto-

44 4185 61 4227 t·
91 4167 144 4222 tati
164 4173 207 4223 cst
227 4167 426 4237 perfectissime
445 4167 602 4222 conformis.
643 4173 666 4223 3.
683 4169 841 4222 Maeimum
860 4187 928 4238 qau-
956 4168 1020 4222 bilis
1037 4169 1150 4237 quidem
1168 4185 1203 4221 oo
1216 4176 1358 4237 perpetua
1376 4175 1424 4221 111.
1445 4168 1581 4221 Ordinem
1593 4183 1658 4220 cero
1672 4166 1753 4219 illius
1766 4173 1793 4220 11

44 4247 179 4306 m'dium
215 4252 271 4308 Ubi
296 4252 405 4306 sincera
427 4259 456 4307 et
481 4268 548 4308 sera
566 4254 644 4324 viget
661 4254 770 4323 carim,
794 4254 834 4308 ibi
854 4256 928 4324 quis·
956 4253 1394 4321 omnemornatumperdidicisse
1407 4259 1526 4306 naturae
1536 4252 1792 4305 nonestltumanae.

92 4355 147 4410 que
166 4339 281 4394 alterius
297 4338 401 4393 bonum
421 4339 545 4394 intuetur
564 4347 596 4393 ut
615 4357 696 4393 suum
715 4357 749 4394 ac
768 4340 803 4394 de
822 4357 855 4395 eo
874 4341 929 4394 lae·
956 4341 1003 4393 Iti
1018 4356 1136 4408 namque
1147 4347 1221 4405 sunt,
1234 4355 1306 4406 quac
1318 4336 1575 4403 omclusnonuidit,
1587 4351 1637 4389 nec
1650 4337 1731 4390 aucis
1743 4354 1793 4389 au-

92 4432 169 4481 tatur
193 4430 225 4480 ut
247 4441 307 4479 suo.
350 4424 493 4490 Quantum
514 4425 600 4495 igitur
624 4425 677 4478 erit
697 4425 842 4480 beatorum
861 4443 929 4496 gau·
956 4425 1039 4492 dicit,
1059 4424 1159 4477 necin
1181 4440 1232 4477 cor
1247 4424 1368 4477 hominis
1385 4424 1601 4482 adscenderunt,
1623 4436 1694 4490 quoe
1712 4423 1794 4474 Deus

92 4512 169 4567 dium
198 4518 288 4566 ortum
318 4528 353 4566 cx
382 4527 423 4577 eo,
448 4512 523 4582 quod
550 4510 777 4581 perfectissimam
806 4514 927 4568 omnium
951 4509 1141 4580 praeparauit
1156 4508 1391 4577 diligentiorum,
1403 4515 1606 4576 praeterquam
1619 4507 1793 4576 quiaetmy·

91 4598 226 4654 bonorum
244 4596 445 4667 plenitudinem
464 4602 524 4650 tum
540 4596 569 4649 in
591 4612 637 4661 se,
662 4600 721 4649 tum
739 4596 768 4651 in
786 4597 847 4650 aliis
865 4615 927 4653 coe·
955 4597 1053 4651 -riodes
1072 4602 1136 4648 sunt
1155 4594 1196 4647 iti
1207 4594 1374 4662 onqclorum
1387 4601 1414 4646 et
1425 4599 1586 4647 sanctorum
1603 4600 1629 4647 11
1641 4600 1793 4647 conuentus

91 4683 168 4740 lestis
188 4684 401 4754 Hierosolymae
424 4682 587 4737 concivibus
608 4700 713 4738 summe
732 4700 750 4738 a
769 4701 799 4738 ss
819 4683 927 4738 dilectis
953 4680 1053 4746 festivi
1071 4688 1097 4733 et
1113 4679 1364 4747 primoqcnitorum
1384 4678 1505 4733 ecclesia
1528 4679 1734 4748 descriptorum
1762 4679 1793 4733 in

91 4770 280 4826 intuebuntur.
309 4771 421 4833 Quanta
435 4770 488 4825 erit
509 4770 657 4825 delectatio
671 4769 773 4825 intueri
783 4771 929 4826 distinctos
955 4766 1050 4821 coelis.
1084 4763 1258 4833 Theophilus
1280 4763 1487 4818 Alexandrinus
1509 4764 1571 4819 libr.
1600 4769 1624 4820 s.
1650 4762 1790 4833 paschali:

91 4863 249 4912 sanctorum
266 4857 429 4927 angelorum
443 4856 569 4926 ordines,
586 4857 793 4927 puteanqelos,
809 4859 929 4912 archan-
955 4854 1003 4909 Ibi
1022 4852 1189 4920 anqelorum
1212 4851 1383 4919 reperiemus
1408 4851 1508 4906 claros
1532 4859 1558 4905 11
1578 4868 1641 4905 cum
1658 4850 1699 4903 eis
1713 4849 1794 4915 festa

90 4946 177 5014 qctos,
191 4944 382 5015 principatus,
395 4943 519 5007 uirtutes,
535 4951 697 5012 potestates,
716 4944 928 5012 dominationes,
955 4940 1127 4995 celebrantes
1150 4937 1311 4992 habebimus
1337 4952 1385 4990 sos
1404 4937 1497 4991 accim
1520 4937 1717 5004 mysteriorum
1735 4935 1796 4990 Dei

90 5032 217 5097 thronos,
238 5031 394 5094 Cherubim,
409 5030 560 5099 Seraphim
579 5032 647 5087 etc!
682 5029 794 5094 Quanta
805 5031 928 5087 laetitias
956 5035 982 5081 11
1003 5024 1189 5080 cmulton'onc
1211 5023 1354 5093 ineffabili
1376 5023 1532 5092 pests‘emus,
1553 5022 1711 5089 sapientiae
1730 5038 1793 5074 cum

91 5117 209 5172 matema
227 5116 280 5170 erit
304 5116 400 5170 videre
426 5114 605 5178 tconldmcc
627 5116 730 5184 primos
748 5117 858 5187 generis
878 5116 928 5171 hu·
956 5113 1017 5167 illis
1030 5117 1208 5165 sacramenta
1217 5109 1364 5175 discentes,
1379 5107 1428 5162 ubi
1441 5108 1524 5161 nullo
1532 5107 1651 5173 fraudis
1665 5108 1793 5176 deceptio

90 5203 166 5258 mani
193 5209 337 5273 parentes,
365 5202 529 5274 θεοσόφους
552 5201 738 5272 patriarchas,
771 5199 930 5270 θεολήπτας
956 5206 1005 5253 cst.
1041 5195 1255 5268 chrysostomus
1273 5195 1352 5266 epist
1371 5201 1395 5253 5.
1414 5191 1654 5248 adTheodorum:
1667 5193 1726 5248 Dic
1746 5193 1792 5247 ob-

91 5287 236 5344 Enochum
255 5288 399 5357 etlilium,
421 5286 547 5357 θεόπτην
566 5288 698 5357 Moysen,
719 5287 929 5352 θεοπνεύστους
955 5305 1050 5350 sacro,
1068 5286 1096 5339 ai
1113 5286 1177 5354 quis
1199 5294 1225 5339 te
1243 5286 1273 5338 in
1291 5285 1430 5339 tleatrum
1449 5283 1607 5348 induceret,
1625 5281 1675 5335 uli
1689 5296 1794 5348 maqnu
1835 5307 1839 5313 ⁴

91 5374 250 5445 prophetas,
270 5373 471 5436 tradidissem
491 5374 647 5444 apostolos!
678 5373 788 5437 Quanta
807 5375 861 5429 erit
877 5392 929 5430 vo·
956 5374 1108 5429 multitudo
1129 5373 1271 5427 hominum
1290 5372 1399 5423 sederet
1422 5368 1528 5422 amicto
1550 5368 1632 5422 stolis
1649 5367 1747 5421 aureis
1766 5371 1793 5421 11

90 5461 184 5532 luptas
208 5461 340 5516 associari
365 5461 506 5533 cognatis,
529 5459 708 5529 parentibus,
733 5459 844 5530 liberis,
864 5477 929 5515 con·
956 5461 987 5514 in
1009 5461 1103 5514 medio
1126 5458 1248 5514 omnium
1277 5457 1436 5510 ostenderet
1459 5455 1550 5509 olium
1574 5455 1715 5523 quendam
1739 5453 1794 5506 ad·
