4050 6014
757 215 809 272 sn
826 215 922 273 vim
939 212 1130 274 11666161.
1729 222 1787 284 ³01

92 375 201 422 urnam
219 376 247 422 st
264 371 344 424 Deus
362 376 427 424 tuus
450 369 480 424 in
497 369 620 439 ploriom
644 378 738 442 tuam,·
761 390 787 427 6.
805 377 847 429 20.
873 390 928 428 non
955 375 1006 427 sed
1020 380 1052 427 ut
1069 377 1245 427 convertatur
1262 370 1367 440 impius
1384 370 1501 426 6161661
1526 368 1567 443 (in
1586 375 1698 427 esterna
1718 371 1790 426 scili-

93 456 201 509 oeoidet
224 456 302 511 ultra
323 456 451 511 6611666
476 465 500 511 et
529 458 599 512 1666
622 466 670 512 166
695 479 752 514 666
779 459 928 528 minuetur,
955 464 1000 514 661
1029 459 1177 525 felicitate,
1209 459 1275 531 quis
1304 475 1355 529 per
1383 458 1591 514 conversionem
1622 458 1704 514 homo
1734 477 1789 515 non

93 541 161 611 9616
179 543 233 594 erit
258 544 309 596 tibi
326 544 467 597 Dominus
493 545 523 598 in
547 545 636 598 lucem
660 548 872 616 sempiternom,
903 557 929 601 61
954 546 1089 601 liberetur
1107 564 1125 601 6
1144 552 1232 601 morte
1249 545 1395 615 temporali
1404 562 1438 599 66
1446 546 1614 616 prosperitus
1630 545 1789 617 temporalis

92 629 303 696 complebantur
321 631 383 684 dies
403 631 570 699 1661166161,Ι
594 649 618 687 6.
638 637 678 688 21.
694 634 819 703 populus
838 643 927 688 661661
954 633 1008 703 piis
1031 639 1060 686 et
1083 633 1175 703 impiis
1198 633 1351 688 communis
1371 635 1430 700 est).
1467 631 1577 688 Daniel.
1598 638 1622 700 2,
1640 650 1666 686 6.
1684 639 1730 688 44:
1754 634 1791 686 In

91 721 155 766 tuus
173 733 267 768 omnes
278 716 368 784 jsssti,
397 717 426 768 in
447 725 615 786 perpetuum
646 718 841 774 hereditabunt
873 728 927 772 ter·
955 720 1052 773 diebus
1083 736 1232 787 repnorum
1270 720 1386 772 iliorum
1426 719 1570 772 mucitabit
1603 721 1681 773 Deus
1719 720 1792 773 coeli

91 819 164 867 rom,
183 819 296 869 permen
310 803 501 872 plantationis
518 822 610 875 meae,
638 823 708 875 opus
726 825 825 861 166666
843 825 927 877 mooe,
954 822 1083 875 1696661,
1111 808 1188 874 quod
1218 805 1248 858 in
1277 814 1421 858 aeternum
1452 824 1508 860 non
1534 806 1736 874 dissipabitur,
1765 815 1791 859 ct

92 894 123 940 ut
138 888 289 956 9161111666.
309 891 409 960 (Apoe.
429 893 470 956 21,
490 908 516 943 6.
534 895 575 946 23.
594 908 655 961 esp.
674 898 715 959 22,
736 911 760 949 v.
780 900 803 948 5.
822 894 927 948 hosed
954 910 1070 961 repnum
1088 893 1150 961 ejus
1168 892 1254 946 alteri
1268 892 1376 961 populo
1393 910 1450 945 non
1469 894 1608 961 11666161,
1629 894 1791 946 comminuet

91 974 237 1030 coelestem
249 974 472 1047 Hierosolymam
489 978 656 1048 applicatur,
672 978 701 1033 in
719 978 769 1033 ills
788 980 861 1035 enim
882 981 927 1034 de·
955 987 980 1033 et
1009 987 1149 1033 consternet
1180 979 1312 1032 universo
1341 996 1430 1048 repna
1458 980 1543 1045 baec,
1575 979 1665 1047 ipsum
1699 985 1791 1033 autem

92 1078 167 1115 mum
194 1063 406 1132 complebuntur
431 1063 490 1119 dies
516 1063 607 1119 luctus
631 1070 659 1118 61
682 1067 718 1120 ed
745 1066 820 1121 illem
839 1067 881 1138 pii
899 1067 928 1120 in
954 1065 1039 1119 stabit
1055 1066 1086 1118 in
1102 1072 1254 1122 aeternum.
1282 1071 1385 1136 66111,
1404 1082 1429 1119 6.
1448 1065 1791 1129 immensissimis,

91 1149 144 1203 1166
162 1149 299 1203 61161616
318 1155 431 1219 pectore
454 1149 738 1222 adspirare-quippe
761 1168 833 1223 quae
858 1152 927 1206 mili·
954 1167 978 1205 v.
999 1156 1041 1208 21.
1060 1167 1176 1221 169666
1194 1158 1220 1204 61
1235 1158 1362 1219 potestas
1380 1159 1405 1204 et
1424 1151 1591 1220 6696116116
1610 1150 1698 1217 66961,
1719 1167 1791 1219 quoe

91 1235 177 1289 tsotis
206 1235 339 1290 ecclesius
368 1243 411 1290 est
440 1236 656 1302 consummatio.)
693 1238 756 1292 Ess.
782 1245 825 1308 61,
854 1257 879 1296 v.
900 1244 926 1294 t:
955 1243 996 1290 est
1014 1236 1107 1289 usbter
1125 1253 1204 1290 omne
1224 1236 1339 1303 coelum,
1364 1237 1480 1289 dobinsr
1494 1237 1605 1306 populo
1622 1244 1719 1290 saneto
1738 1237 1790 1290 Al·

92 1321 183 1374 Dabit
203 1323 283 1375 Deus
301 1330 429 1376 ornatum
444 1340 502 1391 pro
519 1323 621 1390 cinere,
648 1324 737 1377 oleum
755 1327 857 1394 paudii
872 1344 928 1396 pro
955 1323 1063 1389 tissimi,
1087 1324 1168 1391 cuites
1187 1341 1304 1391 1696661
1321 1325 1518 1392 sempiternum
1537 1330 1585 1376 661.
1623 1339 1683 1392 6611.
1708 1328 1747 1391 12,
1763 1341 1789 1377 6.

92 1406 176 1474 luctu,
191 1407 314 1476 pallium
340 1409 438 1462 landis
459 1427 516 1478 pro
538 1411 643 1479 spiritu
667 1414 813 1476 moeroris,
840 1421 866 1465 ct
882 1430 927 1466 oo·
957 1415 984 1464 2:
1013 1409 1105 1463 Multi
1124 1410 1234 1475 debis,
1261 1409 1312 1477 prii
1328 1410 1470 1462 dormiunt
1492 1409 1523 1462 in
1549 1409 1665 1478 pulvere
1688 1417 1791 1477 terroe,

92 1492 229 1546 rabuntur
255 1494 285 1546 in
303 1510 336 1548 ea
355 1495 470 1549 arbores
482 1497 623 1566 justitiae,
637 1499 782 1566 plantatio
801 1500 927 1567 Domini,
955 1495 1140 1564 eoipilabunt,
1165 1496 1220 1550 alii
1238 1495 1268 1548 in
1291 1496 1377 1549 611616
1395 1503 1547 1560 aeternam,
1566 1496 1622 1548 alii
1640 1496 1670 1548 in
1688 1513 1791 1565 oppro-

91 1587 123 1632 ut
139 1579 318 1647 plorificetur.
336 1599 362 1636 v.
382 1588 405 1636 ’1.
425 1582 486 1635 Pro
504 1584 671 1651 confusione
689 1594 783 1640 vestro
799 1588 928 1657 duplicia
955 1583 1054 1649 1161661,
1073 1583 1103 1634 16
1119 1582 1301 1651 1966616166
1316 1584 1531 1653 sempiternom·
1549 1599 1574 1636 6.
1590 1588 1612 1638 3.
1631 1581 1682 1650 qui
1699 1590 1791 1634 autem

93 1671 120 1720 et
134 1682 193 1734 pro
213 1667 345 1721 conuiciis
356 1668 494 1736 jubilatio
512 1670 566 1723 erit
580 1688 654 1739 pars
674 1688 784 1737 eorum,
809 1681 928 1743 propter
955 1670 1032 1722 docti
1047 1669 1170 1733 fuerint,
1188 1668 1341 1738 sulpebunt
1359 1670 1443 1737 quasi
1458 1669 1594 1738 splendor
1614 1669 1791 1734 firmamenti,

91 1753 144 1807 1666
162 1753 193 1806 16
210 1760 287 1808 terra
305 1773 358 1809 sua
377 1756 507 1824 duplicia
522 1757 714 1828 possidebunt,
732 1759 844 1813 laetitio
859 1778 927 1814 sem·
954 1763 980 1808 tl
999 1756 1049 1825 qui
1067 1756 1264 1824 adjustitiam
1281 1756 1447 1809 erudierunt
1466 1756 1575 1819 multos,
1594 1756 1677 1823 quati
1691 1755 1791 1808 1111111

90 1839 276 1910 9116166611
295 1841 335 1896 oie
359 1839 438 1908 (11666
456 1840 563 1897 16611116
585 1850 614 1898 61
635 1844 727 1915 glorie
748 1845 776 1899 iu
800 1845 852 1899 bsc
870 1845 929 1899 vita
954 1840 984 1892 in
998 1848 1152 1911 perpetuas
1175 1841 1365 1895 aeternitates.
1404 1840 1465 1897 Ose.
1484 1847 1509 1911 6,
1532 1859 1558 1896 6.
1579 1846 1607 1896 t:
1636 1840 1791 1905 Vioificobit

92 1924 245 1993 inchoetur,
267 1927 296 1981 in
313 1927 407 1983 1111616
427 1929 680 1998 consummabitur).
706 1930 769 1985 an.
789 1937 831 1998 61,
851 1949 876 1987 v.
895 1938 927 1987 4:
954 1944 1006 1981 nos
1020 1934 1089 1997 post
1108 1929 1180 1981 duos
1196 1929 1272 1993 dice,
1297 1928 1328 1981 in
1350 1929 1501 1982 distortio
1519 1929 1664 1981 suscitabit
1687 1945 1747 1993 nos,
1764 1934 1791 1980 st

92 2017 117 2065 Δ
133 2014 228 2068 seculo
244 2032 301 2068 non
320 2017 473 2069 audierunt
490 2034 579 2086 661166
596 2018 712 2071 auribus
730 2027 928 2088 perceperunt,
953 2016 1073 2068 61661666
1091 2015 1121 2068 16
1140 2023 1289 2085 conspectu
1309 2016 1378 2084 ejus.
1398 2031 1459 2085 esp.
1480 2019 1519 2084 13,
1538 2032 1564 2068 6.
1585 2019 1630 2072 121
1649 2012 1792 2081 0611196116

93 2099 191 2154 666166
210 2117 267 2153 666
286 2099 364 2165 sidit,
383 2104 471 2164 Deus,
492 2102 597 2171 absque
614 2111 648 2168 te,
668 2119 739 2173 quoe
750 2106 929 2174 proeparisti
954 2109 995 2155 est
1014 2101 1150 2172 iniquitas
1169 2102 1319 2171 Ephraim,
1339 2101 1534 2155 absconditum
1550 2107 1696 2171 peccatum
1713 2101 1790 2168 ejus3

93 2187 316 2256 suspectantibus
339 2196 366 2241 te
392 2191 427 2253 (1.
449 2189 511 2245 Cor.
532 2195 556 2259 2,
574 2208 600 2246 6.
621 2195 645 2245 9.
664 2190 700 2245 ed
719 2190 834 2261 gloriam
855 2191 928 2246 61166
954 2206 979 2244 6.
1000 2194 1039 2244 11.
1061 2190 1097 2242 616
1115 2206 1202 2243 manu
1219 2188 1329 2258 inferni
1347 2189 1485 2241 redimam
1503 2204 1548 2241 eos
1566 2192 1619 2241 616.
1638 2187 1707 2239 iaec
1726 2203 1789 2239 oon·

92 2277 222 2328 66161666
246 2273 298 2328 hoo
322 2274 485 2329 vaticinium
511 2276 683 2347 applicatur,
708 2278 774 2348 quis
793 2277 928 2343 Christus,
954 2276 1057 2331 solatio
1077 2277 1244 2330 abscondito
1261 2285 1302 2331 est
1319 2276 1355 2330 ab
1374 2276 1463 2331 oeulis
1481 2276 1636 2344 16616661).
1661 2279 1700 2337 11,
1720 2291 1745 2331 v.
1759 2278 1790 2329 it

92 2356 128 2412 de
146 2360 227 2428 eujus
245 2360 369 2415 adventu
386 2361 523 2432 prophete
541 2362 671 2434 loquitur,
688 2379 748 2417 sem
768 2364 848 2418 nobis
867 2383 927 2435 pro·
956 2363 1018 2416 Ero
1038 2363 1123 2430 96661
1139 2379 1189 2416 166
1207 2363 1322 2429 Isrotli,
1344 2362 1460 2431 florebit
1481 2368 1512 2414 nt
1533 2378 1601 2415 roso
1620 2368 1646 2413 61
1665 2366 1790 2428 erumpet

92 2444 194 2499 meruit
219 2451 247 2500 et
271 2447 379 2502 clausas
405 2446 441 2502 ob
467 2455 613 2519 peecatum
638 2450 707 2505 coeli
727 2451 830 2519 jenuss
848 2451 929 2505 nobis
954 2450 1041 2502 radio
1060 2450 1122 2516 eius
1139 2457 1170 2502 ut
1187 2449 1307 2516 Liboni;
1328 2466 1353 2504 6.
1375 2454 1399 2503 9.
1419 2465 1466 2502 ero
1487 2449 1571 2517 quasi
1589 2448 1667 2501 abies
1686 2447 1788 2513 uirens,

92 2530 192 2586 iterum
210 2533 340 2603 61161611).
356 2534 420 2589 1166
440 2541 481 2604 ib,
500 2553 525 2590 v.
544 2541 587 2593 111
606 2539 682 2590 Ε666
702 2536 779 2590 servi
797 2538 854 2590 mei
873 2537 928 2592 loe·
956 2552 989 2588 ec
1017 2552 1060 2588 me
1086 2536 1199 2597 fructus
1231 2543 1294 2588 tuus
1326 2536 1451 2588 inuentus
1480 2543 1527 2591 661.
1565 2534 1637 2590 lobi.
1660 2536 1684 2600 9,
1710 2549 1735 2587 1.
1759 2539 1790 2587 5:

66 2686 72 2693 Ι
91 2619 234 2684 labuntur,
253 2629 347 2674 61666
366 2623 766 2687 confnsndemini,·ecceseroi
783 2625 840 2676 mei
850 2624 928 2692 jubi-
956 2622 1061 2686 Omnis,
1086 2623 1136 2690 qui
1163 2622 1332 2675 invocaverit
1352 2638 1451 2675 nomen
1472 2620 1600 2685 Domini,
1619 2620 1790 2687 salouserit,

90 2705 190 2759 tabunt
207 2722 279 2775 prae
296 2708 482 2762 exsultatione
500 2710 605 2776 cordis,
632 2717 658 2763 61
671 2725 746 2781 prae
763 2711 929 2764 contritione
955 2709 1022 2778 quia
1048 2709 1079 2761 in
1097 2707 1277 2763 6666168166
1304 2709 1381 2761 6116
1407 2708 1570 2762 Jerusalem
1593 2709 1647 2760 erit
1669 2706 1791 2760 salvatio

91 2792 210 2861 spiritus
235 2793 390 2848 ululabitis.
420 2813 444 2850 v.
473 2800 511 2851 16.
542 2795 686 2849 oblivioni
712 2798 838 2852 traditae
863 2806 928 2852 6661
955 2795 1124 2864 (1116616616
1138 2795 1272 2850 ecclesiae
1286 2793 1411 2849 membro
1419 2795 1623 2850 damnationem
1633 2792 1791 2864 effugient).

91 2880 239 2947 anpustiae
253 2882 376 2948 priores,
401 2899 427 2959 s.
447 2887 486 2936 1't.
512 2898 573 2935 ecce
591 2884 664 2936 enim
684 2899 735 2953 696
753 2900 818 2937 creo
837 2885 928 2940 666166
954 2881 1035 2937 Mich.
1054 2889 1077 2947 7,
1094 2900 1120 2940 v.
1142 2887 1185 2938 ts:
1202 2882 1343 2952 Projiciet
1359 2882 1390 2935 in
1397 2883 1577 2952 profundum
1592 2882 1681 2935 moris
1696 2881 1790 2933 omnia

91 2982 178 3018 nouos
197 2973 222 3018 et
240 2973 347 3020 terram
370 2984 484 3036 novam,
509 2976 535 3022 et
559 2986 615 3022 non
637 2978 720 3023 erunt
744 2970 775 3022 in
793 2973 927 3025 memorio
951 2977 1069 3038 peccata
1088 2975 1194 3023 nostra.
1229 2967 1293 3023 Mel.
1313 2972 1337 3036 6,
1355 2984 1380 3021 6.
1402 2973 1446 3023 ts:
1482 2968 1631 3037 Videbitis,
1656 2969 1727 3037 quid
1753 2968 1789 3019 sit

90 3052 193 3119 priora
217 3059 244 3104 et
270 3069 327 3104 non
351 3053 523 3106 adscendent
548 3071 632 3123 super
664 3073 727 3126 cor,
755 3074 780 3110 6.
810 3061 849 3112 18.
877 3060 929 3111 sed
954 3055 1026 3108 inter
1039 3056 1151 3124 justum
1170 3063 1195 3108 61
1213 3054 1337 3124 impium,
1360 3062 1386 3108 61
1404 3056 1477 3108 inter
1494 3055 1658 3109 seruientem
1681 3056 1743 3108 Deo
1764 3061 1789 3106 et

91 3137 252 3207 paudebitis
273 3146 299 3192 et
320 3140 497 3193 exsultabitis
522 3160 608 3211 66966
632 3143 663 3197 16
682 3143 878 3213 sempitemum
897 3145 927 3197 in
953 3159 1009 3195 666
1038 3143 1201 3196 6616166166
1228 3143 1262 3195 61.
1301 3147 1446 3212 661116.
1469 3150 1496 3198 ts
1525 3142 1600 3195 Ecce
1626 3141 1698 3194 enim
1727 3141 1789 3194 dies

91 3224 150 3289 bis,
174 3242 246 3294 9666
266 3241 317 3294 696
334 3243 412 3290 creo,
436 3229 585 3296 96166666
612 3247 662 3297 696
682 3245 746 3283 oreo
764 3230 927 3284 Jerusalem
953 3228 1043 3281 reniet
1059 3244 1192 3281 succenso
1217 3228 1459 3298 permiscuisse,
1486 3234 1513 3281 et
1532 3229 1788 3290 6661666616-

38 3312 304 3366 summissionem
331 3321 356 3366 et
375 3315 513 3383 populum
537 3317 598 3384 ejus
624 3318 769 3386 96661166,
792 3334 817 3371 6.
842 3322 880 3373 19.
901 3327 927 3371 61
953 3316 1054 3369 cientes
1073 3315 1248 3383 iniquitatem
1267 3314 1374 3384 stspuia
1390 3319 1441 3369 616.
1460 3331 1486 3368 v.
1499 3318 1522 3368 2.
1544 3321 1570 3366 61
1587 3313 1694 3367 orietur
1711 3313 1788 3367 uobis

93 3398 236 3452 6666116116
259 3399 288 3452 16
300 3400 464 3454 Jerusalem
489 3409 516 3455 et
536 3403 665 3470 poudebo
688 3404 720 3457 in
735 3404 843 3473 populo
860 3421 928 3473 meo,
953 3401 1110 3457 timentibus
1128 3417 1228 3454 nomen
1246 3417 1335 3455 meum
1353 3401 1398 3454 sol
1408 3400 1542 3469 jssstitias
1567 3407 1594 3453 et
1618 3401 1727 3453 sanitas
1756 3399 1788 3451 in

92 3493 117 3538 et
135 3503 190 3538 non
208 3487 344 3540 audietur
361 3487 391 3540 in
417 3504 448 3540 eo
475 3488 553 3541 ultro
581 3507 634 3543 soa
652 3489 738 3557 fletus
756 3497 782 3542 et
800 3491 927 3545 666616-
953 3489 1052 3559 pennis
1070 3488 1140 3555 ejus,
1166 3493 1192 3539 et
1210 3486 1396 3555 eprediemini
1417 3494 1444 3540 et
1464 3487 1592 3540 crescetis
1610 3488 1683 3539 61661
1699 3485 1788 3552 uituli,

91 3572 178 3624 moris
199 3571 305 3640 (confer
323 3577 346 3628 2.
367 3573 440 3628 Ρ611,
459 3578 483 3638 9,
501 3590 527 3630 v.
548 3580 587 3630 13,
606 3574 754 3646 11116621,
773 3591 798 3628 1.
822 3582 842 3632 1.
862 3583 889 3630 61
902 3583 926 3633 1.
954 3575 1003 3644 qui
1021 3572 1198 3643 supinantur,
1216 3578 1278 3630 69.
1299 3580 1326 3627 61
1344 3573 1608 3643 66661116161166,
1625 3574 1694 3642 puio
1708 3579 1790 3625 erunt

92 3663 176 3728 etque
200 3675 245 3726 es,
271 3674 342 3729 quse
360 3658 396 3712 de
413 3658 465 3713 hoc
492 3660 552 3715 loeo
577 3660 739 3731 prophetico
765 3661 840 3715 dicto
863 3667 927 3715 sunt
952 3661 1024 3714 cinis
1041 3662 1091 3714 sub
1106 3661 1210 3730 planta
1223 3661 1332 3728 pedum
1344 3669 1501 3714 uestrorum
1517 3660 1548 3714 in
1564 3661 1620 3728 die,
1637 3677 1719 3730 quam
1739 3673 1788 3727 696

90 3743 120 3797 in
138 3748 247 3798 1166161.
267 3744 300 3798 de
320 3746 556 3802 consummatione
577 3746 703 3816 666611.
724 3747 785 3815 tt).
806 3747 870 3805 Eos.
885 3754 928 3816 66,
952 3748 1039 3815 focio,
1057 3747 1127 3800 dicit
1144 3748 1292 3800 Dominus.
1327 3745 1400 3815 (Hoc
1420 3745 1545 3818 perfecte
1563 3745 1673 3800 demum
1692 3746 1789 3817 impie-

92 3846 117 3886 6.
138 3836 184 3886 12:
219 3835 293 3885 Ecce
325 3849 374 3900 696
408 3833 558 3888 declinabo
585 3850 671 3902 super
701 3834 926 3903 Hierosolymam
954 3833 1028 3889 bitur
1047 3834 1077 3888 iu
1096 3833 1141 3889 die
1160 3832 1274 3888 extremi
1289 3833 1404 3904 judicii,
1429 3833 1541 3905 quando
1559 3832 1652 3904 impiis
1673 3833 1788 3897 dicetur,

91 3919 176 3986 96661
191 3918 308 3986 fluuium
323 3919 405 3988 pacis
428 3927 454 3972 et
473 3921 556 3988 96661
576 3928 725 3974 torrentem
744 3921 927 3975 inundantem
953 3922 990 3974 ite
1009 3920 1156 3974 maledicti
1181 3922 1212 3974 in
1236 3921 1327 3989 196661
1346 3929 1503 3989 aeternum,
1532 3919 1586 3989 piis
1608 3935 1673 3973 6616
1691 3920 1788 3987 venite,

91 4004 215 4073 plorians
232 4005 368 4072 96611616,
393 4022 476 4074 quarn
494 4008 612 4076 6696116,
639 4009 681 4061 ad
697 4009 784 4061 ubero
797 4007 927 4077 portabi·
952 4007 1093 4077 possidete
1120 4024 1254 4075 repnum,·
1280 4013 1348 4061 tunc
1378 4007 1482 4062 orietur
1506 4007 1575 4077 ipsis
1600 4006 1644 4060 sol
1672 4006 1787 4077 1161166,

91 4090 169 4157 mini,
189 4098 215 4143 et
234 4107 318 4159 super
336 4108 428 4158 96666
448 4091 629 4147 blandientur
646 4095 741 4164 6611161
761 4111 787 4152 v.
803 4100 843 4150 13.
860 4112 926 4163 966-
949 4095 1074 4166 justitiae
1092 4109 1125 4149 66
1144 4093 1273 4159 loetitiae,
1295 4100 1363 4149 tunc
1374 4099 1488 4149 66161116
1503 4095 1617 4157 66111166,
1635 4091 1788 4163 tranquilli-

91 4179 175 4230 modo
193 4178 220 4230 si
244 4177 293 4231 cui
315 4186 404 4231 mater
428 4178 589 4249 blanditur,
615 4180 656 4233 ita
682 4197 733 4251 696
761 4182 927 4236 consolabor
952 4187 996 4236 166
1016 4187 1045 4236 61
1061 4180 1239 4236 1116611ιωί1611
1257 4180 1324 4252 ipsis
1352 4180 1523 4245 conferetur,
1550 4185 1618 4233 tuno
1637 4177 1788 4248 perfectam

90 4281 139 4318 666
156 4269 182 4317 61
200 4264 230 4317 in
244 4264 927 4335 ,16666166666661611161161,·61161616ὸί6661
952 4268 989 4322 ob
1013 4268 1141 4323 omnibus
1164 4268 1290 4324 hostibus
1317 4267 1461 4323 victoriam
1492 4265 1686 4336 reportabunt,
1717 4280 1788 4334 ques
1802 4281 1846 4323 xx.
1860 4283 1906 4324 sos.

90 4350 227 4418 pandebit
252 4368 301 4403 cor
323 4360 456 4421 oestrum,
480 4359 507 4405 et
531 4370 597 4407 ossa
618 4360 711 4406 uestra
736 4354 819 4422 quasi
841 4355 927 4407 berla
953 4355 1045 4412 omnis
1062 4359 1128 4408 sunt
1145 4360 1275 4409 66161666
1292 4338 1788 4419 6116611666.)Ηι161616111116116111

92 4436 296 4506 perminobunt,
323 4445 349 4490 61
376 4445 558 4506 66966666161
580 4456 679 4492 manus
699 4440 817 4493 Domini
838 4441 928 4493 661616
953 4457 986 4496 ex
1006 4440 1112 4511 Moyse,
1140 4439 1255 4510 psalmis
1274 4445 1302 4494 61
1321 4438 1464 4510 prophetis
1484 4437 1577 4492 omnis
1601 4436 1685 4503 diets,
1716 4435 1741 4503 1)
1760 4435 1789 4488 in

91 4522 154 4592 ojus
173 4528 225 4576 616.
245 4523 736 4583 622816616661166616116616
753 4542 835 4593 noua,
856 4543 927 4594 9666
953 4527 1054 4599 quibus
1076 4527 1280 4596 promissiones
1306 4525 1413 4594 1696166
1436 4523 1628 4588 continentur,
1658 4527 1690 4575 ut
1715 4521 1788 4574 euim

92 4624 143 4678 696
160 4609 241 4673 socio
260 4616 338 4662 stare
355 4627 452 4663 coram
472 4626 524 4680 me,
540 4612 610 4664 dicit
625 4610 774 4674 Dominus,
791 4605 834 4663 sic‘
844 4612 928 4665 stabit
953 4613 1178 4668 comminationes
1207 4610 1312 4682 legales
1339 4610 1489 4680 praecipue
1519 4614 1647 4680 spectent
1677 4614 1789 4662 66161116

92 4712 185 4749 semen
204 4703 324 4749 oestrum
341 4704 367 4750 et
384 4713 483 4751 nomen
501 4705 631 4767 oestrum,
650 4714 677 4750 v.
689 4701 731 4752 23.
749 4704 776 4751 et
789 4696 926 4752 66116166-
953 4698 1091 4770 66111111616
1110 4696 1332 4752 inobedientibus
1354 4695 1503 4766 preposite,
1527 4695 1567 4750 sio
1594 4694 1788 4765 promissiones

91 4784 131 4835 sis
142 4799 182 4836 -66
199 4799 291 4836 mense
311 4789 337 4835 61
354 4783 499 4837 sabbatum
518 4800 552 4838 ee
570 4784 701 4852 sabbato,
726 4785 817 4838 666161
837 4787 926 4839 omnis
953 4784 1223 4856 legules'prseoipue
1240 4787 1370 4854 spectent
1393 4787 1506 4837 6616166
1523 4781 1647 4853 praemis
1666 4780 1789 4851 perfecte

91 4886 168 4933 coro,
193 4877 223 4922 ut
247 4871 347 4924 adoret
367 4887 462 4924 eoram
486 4873 565 4936 focis
590 4888 662 4941 mea,
688 4870 759 4924 dicit
779 4872 927 4942 Dominus,
953 4871 1146 4929 obedientibus
1170 4869 1319 4941 promisse,
1354 4868 1381 4937 2)
1412 4868 1440 4923 iu
1468 4867 1570 4940 quibus
1596 4867 1729 4922 6611611116
1752 4869 1788 4920 116

92 4971 116 5010 v.
138 4960 178 5012 21,
194 4963 220 5008 61
238 4956 416 5023 epredientur
435 4964 461 5009 et
480 4957 613 5012 ridebunt
632 4959 775 5012 cadauera
792 4959 927 5029 uirorum,
953 4958 1091 5024 beneficiis
1105 4958 1238 5020 Messioe,
1258 4960 1408 5026 quaesunt
1422 4955 1587 5010 condonatio
1603 4959 1787 5024 peccatorum,

91 5043 140 5111 966·
169 5043 365 5110 praevaricati
390 5050 453 5095 sunt
479 5043 510 5096 in
535 5059 587 5100 sne.
628 5042 784 5112 (Quomodo
816 5043 928 5117 singule
952 5043 1141 5100 reconcilietis
1169 5059 1232 5097 eum
1262 5042 1335 5107 Deo,
1365 5040 1490 5112 perfeeto
1510 5040 1633 5110 justitie,
1661 5041 1735 5095 66166
1761 5046 1790 5094 61

89 5125 173 5198 hujus
198 5128 322 5182 vsticinii
349 5127 472 5183 membra
498 5129 534 5183 ed
562 5130 757 5201 sempiternam
783 5130 926 5186 beatorum
952 5131 1018 5200 vite,
1037 5135 1236 5202 proponuntur,
1255 5144 1289 5182 es
1306 5127 1379 5182 enim
1392 5126 1527 5182 beneficis
1539 5126 1680 5197 primerio,
1699 5123 1788 5181 sinbn

92 5215 211 5285 glorium
229 5214 430 5270 accommodari
448 5215 568 5287 possint,
588 5233 622 5271 ex
640 5217 721 5272 dictis
739 5217 812 5273 Novi
830 5218 926 5274 Teste·
952 5217 1042 5285 unice,
1062 5222 1203 5272 6616166111
1223 5215 1309 5270 sitem
1329 5218 1471 5286 spectsnt;
1493 5215 1519 5281 3)
1539 5213 1568 5267 in
1586 5213 1687 5284 quibus
1698 5221 1789 5267 status

92 5301 178 5355 menti
199 5302 252 5357 erit
269 5302 453 5357 menifestum.
474 5300 577 5358 Confer
596 5304 683 5373 Apoo.
697 5308 739 5370 21,
757 5321 783 5358 6.
796 5309 836 5359 21.
857 5305 925 5359 Luc.
952 5306 1112 5359 animarum
1137 5303 1254 5372 piorsnn
1279 5310 1346 5372 post
1379 5307 1494 5354 mortem
1522 5299 1694 5365 describitur,
1724 5299 1788 5354 illue

95 5391 134 5451 16,
154 5404 180 5442 6.
198 5394 241 5444 23.
258 5395 286 5443 61
305 5395 345 5444 25.
364 5388 466 5444 Jobsn.
488 5393 528 5458 16,
546 5404 571 5446 6.
585 5393 626 5445 22.
645 5387 731 5444 Hebr.
745 5396 770 5458 1,
784 5407 808 5443 6.
821 5395 845 5446 9.
862 5395 926 5459 616.)
952 5391 1026 5448 enim
1044 5391 1141 5446 vivunt
1158 5389 1186 5443 in
1200 5387 1313 5444 coelesti
1328 5387 1435 5443 institis
1447 5392 1476 5441 61
1487 5386 1589 5458 9161161
1608 5391 1635 5452 1)
1646 5385 1675 5440 in
1687 5386 1788 5458 quibus

91 5472 191 5531 Enoch.
209 5479 248 5542 tt,
263 5493 288 5528 6.
305 5478 348 5531 32,
367 5491 427 5546 asp.
441 5481 483 5542 69,
503 5494 527 5529 6.
549 5481 596 5533 11:
615 5477 681 5530 Non
693 5476 818 5530 delector
831 5485 926 5545 morte,
953 5479 1046 5550 egitur
1063 5480 1098 5534 rie
1117 5477 1321 5534 resurrectione
1334 5477 1457 5545 11161616,
1476 5473 1516 5529 illi
1530 5473 1603 5530 enim
1616 5472 1790 5544 evigilabunt
