4050 6014
796 248 848 304 DE
866 249 959 305 VITA
979 249 1168 305 AETERNA.
1773 263 1853 319 309.

142 400 280 456 Dominus
298 404 372 454 enim
393 406 473 455 Deus
493 406 666 472 omnipotens
686 407 818 475 tempium
837 407 917 459 111111
935 411 976 458 est
1004 405 1100 469 modo,
1125 404 1201 475 quod
1224 406 1341 458 uicerim
1366 424 1392 459 v.
1410 412 1433 461 ¹1.
1452 405 1480 458 h.
1500 421 1524 458 e.
1549 406 1625 475 quod
1650 405 1680 458 in
1703 405 1756 460 bec
1778 407 1837 462 rita

142 496 167 542 et
186 491 284 555 Aenus
303 506 327 542 v.
347 494 386 545 22,
408 489 439 542 Ι1
457 488 551 543 futuro
572 490 665 544 seeulo
684 507 740 546 non
761 508 831 560 opus
849 492 902 546 erit
919 508 974 544 ura·
1001 491 1203 545 tentationibus
1227 491 1345 560 diaboli,
1372 491 1601 561 concupiscentiis
1625 492 1730 555 earnis,
1759 492 1835 546 vani-

141 575 230 630 teriali
244 575 485 646 quodamtcmplo,
506 576 533 629 in
555 593 610 647 (quo
630 577 811 631 instituantur
824 586 976 632 conventus
1001 578 1106 632 tatibus
1125 579 1220 633 mundi
1240 587 1292 633 etc.
1317 580 1430 647 spiritus
1455 577 1556 633 robore
1573 577 1733 643 restiterint,
1759 580 1836 649 quod
1867 607 1868 611 1

141 661 337 728 ecelesiastici,
365 663 539 730 praedicetur
565 662 678 716 verbum
705 671 732 716 et
750 664 976 717 administrentur
999 682 1055 731 pro
1076 667 1132 722 risle
1148 665 1234 717 cernei
1253 665 1361 716 tradita
1381 665 1496 728 sortiter
1511 664 1683 717 decertarint
1695 665 1761 718 dud.
1774 681 1798 719 v.
1811 670 1837 721 3.

140 753 330 815 sacramenta,
359 749 426 818 qnia
453 748 593 801 sublatum
620 749 672 801 erit
690 750 870 803 ministerium
890 749 976 803 ecele-
1003 766 1054 803 nee
1071 751 1135 803 ullis
1154 750 1197 804 vol
1216 751 1364 820 prosperis,
1383 750 1427 803 vel
1442 750 1565 805 adversis
1583 768 1600 804 s
1619 750 1730 805 Christo
1748 750 1839 805 seab-

141 833 297 895 siustlcum,
325 832 400 888 nullo
424 835 544 902 amplius
564 852 634 904 opus
652 835 704 889 erit
722 835 835 890 doctore
853 842 976 902 externo,
1003 835 1067 888 duci
1085 836 1158 905 passi
1177 835 1281 889 fuerint
1299 842 1351 890 ete.
1378 836 1448 889 Item
1467 838 1544 904 quod
1559 838 1682 902 fecerint
1699 838 1838 890 mandatu

140 936 236 972 ornnes
255 920 336 974 elceti
363 926 445 973 erunt
470 923 664 982 brodtbmnm,
691 922 826 976 videbunt
851 923 940 976 Deum
959 941 976 976 a
1003 922 1112 974 Christi
1129 926 1217 990 Apoe.
1236 926 1278 989 22,
1297 940 1321 976 v.
1346 921 1531 987 11111111,
1556 923 1630 992 quod
1650 924 1678 976 in
1698 922 1838 977 Christum

140 1005 210 1059 brein
230 1005 266 1059 ad
286 1004 393 1072 faciem,
412 1023 445 1059 ac
455 1007 549 1060 tradet
563 1007 689 1060 Christus
700 1026 814 1077 regumn
827 1010 876 1061 liei
890 1009 975 1074 Patri,
1003 1007 1170 1061 crediderint
1195 1015 1224 1061 et
1244 1006 1327 1061 fidem
1351 1025 1401 1077 per
1425 1008 1601 1062 dilectionem
1621 1011 1792 1064 exseruerint
1815 1016 1838 1066 l.

140 1093 166 1148 h.
189 1111 210 1148 e.
234 1094 354 1155 modum,
374 1109 429 1163 quo
450 1094 593 1146 ecelesiam
616 1095 643 1147 in
656 1094 709 1148 hae
728 1097 785 1148 vita
800 1096 976 1165 gubernavit,
1003 1093 1067 1148 boh.
1086 1100 1109 1160 ³,
1128 1113 1151 1149 v.
1171 1098 1211 1148 23,
1250 1094 1322 1156 Quid
1343 1110 1408 1148 vero
1427 1094 1474 1147 fiet
1489 1096 1524 1148 de
1540 1095 1661 1166 reliquis,
1682 1097 1729 1166 qui
1747 1095 1783 1150 ab
1798 1096 1838 1149 in·

140 1179 265 1234 abolebit
286 1197 318 1233 uc
336 1178 402 1231 fidei
424 1179 554 1232 succedet
566 1176 646 1244 iisio,
666 1183 724 1249 spei
738 1182 832 1236 fruitio
847 1191 897 1234 etc.
919 1181 977 1235 Nee
1004 1198 1101 1250 gressu
1124 1180 1253 1235 coelestis
1267 1180 1478 1250 Hierosolymae
1497 1181 1697 1235 excludentur?
1721 1199 1782 1251 cap.
1797 1187 1840 1250 21,

141 1267 260 1337 amplius
279 1267 355 1320 loeus
374 1267 426 1319 erit
445 1265 601 1320 visibilibus
620 1275 648 1321 et
666 1257 789 1321 externis
806 1269 907 1339 signis,
930 1286 978 1338 per
1004 1285 1027 1319 v.
1049 1272 1078 1321 8:
1107 1268 1227 1319 Timidis
1253 1275 1279 1319 ct
1301 1269 1457 1320 increabilis
1482 1275 1507 1319 et
1534 1271 1684 1320 exarmatis
1708 1277 1734 1321 et
1753 1269 1839 1322 laomi-

141 1370 214 1425 quae
232 1353 308 1406 Deus
339 1353 442 1422 populo
469 1368 519 1406 suo
549 1353 575 1404 in
594 1352 695 1406 Vetere
713 1354 892 1409 Testamenta
917 1372 976 1408 sese
1004 1354 1078 1404 cidis
1099 1360 1124 1404 et
1143 1353 1365 1415 fornicatoribus
1390 1361 1416 1404 et
1436 1354 1566 1413 veneficis
1585 1361 1610 1405 st
1631 1354 1796 1407 idololatris
1814 1362 1840 1406 et

142 1439 337 1501 manifestavit,
358 1456 407 1509 per
421 1439 554 1509 templum
569 1439 674 1493 seilicet
692 1446 719 1493 et
739 1457 830 1494 arcam
848 1441 976 1503 foederis,
1005 1440 1132 1491 omnibus
1159 1439 1340 1491 mendacibus
1367 1456 1438 1506 pars
1464 1439 1580 1491 illoram
1603 1441 1657 1492 erit
1684 1441 1712 1491 in
1730 1441 1794 1507 ipae
1813 1448 1839 1492 et

141 1527 189 1580 sed
210 1527 286 1581 Deus
304 1543 395 1582 eoram
417 1526 579 1580 intuendum
601 1544 630 1581 se
648 1526 796 1581 exhibebit.
1004 1526 1130 1593 aelfare,
1157 1528 1235 1594 quod
1261 1534 1301 1578 est
1328 1543 1403 1577 mers
1428 1528 1561 1578 secrsnda.
1593 1543 1653 1594 cap.
1681 1531 1721 1590 22,
1747 1544 1773 1585 v.
1795 1533 1838 1581 lb:

1005 1613 1090 1665 Foris
1109 1629 1192 1665 caries
1210 1621 1235 1666 et
1254 1613 1368 1680 venefici
1389 1620 1414 1665 at
1431 1613 1571 1680 impudici
1594 1620 1619 1665 et
1636 1613 1795 1665 homicidae
1814 1618 1841 1664 et

177 1705 217 1753 21.
255 1698 348 1767 Atque
367 1697 436 1750 haee
456 1697 508 1750 erit
528 1706 672 1751 structura
699 1699 826 1753 eoelestis
846 1699 978 1754 Hieroso·
1006 1700 1091 1752 idolis
1116 1701 1266 1753 servientes
1293 1708 1318 1750 st
1344 1700 1433 1751 arania
1458 1700 1508 1766 qui
1531 1708 1608 1751 ornat
1632 1700 1749 1766 etfacit
1767 1716 1840 1751 men·

143 1786 242 1855 lymae.
282 1783 401 1847 011111
426 1800 492 1838 vero
520 1791 599 1838 erunt
623 1785 697 1838 illius
720 1786 793 1838 ciues
815 1793 840 1837 et
859 1787 979 1851 incolae,
1006 1788 1126 1839 sincium.
1164 1790 1189 1850 1)
1211 1786 1316 1838 1111111
1339 1785 1621 1839 11111111111111111.
1649 1784 1691 1837 Ea
1709 1785 1841 1840 vetuerit

142 1870 195 1924 hoe
212 1870 270 1938 jam
289 1875 312 1924 1.
334 1869 394 1923 1111
416 1869 552 1939 sequitur:
585 1872 659 1924 Ecce
686 1872 897 1923 tabernaculum
921 1872 980 1923 Dei
1004 1871 1170 1934 felicissima,
1190 1871 1340 1924 laetissima
1357 1877 1385 1923 et
1402 1871 1587 1939 pacatissima.
1613 1873 1692 1923 Deus
1704 1872 1840 1926 cumillis

143 1975 205 2010 cum
224 1956 389 2022 horninibus,
409 1964 434 2008 et
446 1956 583 2009 liabitabit
595 1975 656 2009 cnm
676 1959 725 2024 eis,
743 1958 840 2026 stipsi
854 1958 979 2026 popu-ins
1006 1957 1153 2024 habitabit,
1178 1965 1258 2008 crunt
1275 1956 1400 2025 populus
1420 1957 1478 2008 Dei
1501 1973 1561 2026 esp.
1583 1962 1624 2023 21,
1641 1974 1667 2011 ν.
1688 1962 1711 2011 3.
1736 1956 1772 2010 11)
1792 1956 1840 2010 1111

141 2045 204 2111 ejus
225 2051 319 2107 errant,
348 2045 452 2110 etipse
471 2046 551 2096 Deus
568 2062 630 2095 cnm
655 2045 694 2095 ess
712 2046 765 2096 crit
784 2061 880 2095 eorrsm
900 2047 979 2097 Dens
1007 2042 1144 2109 honorem,
1165 2042 1290 2111 gloriam,
1311 2041 1451 2108 laetitiam,
1473 2042 1672 2110 protectionem
1692 2049 1720 2095 et
1740 2044 1840 2107 omnis,

142 2131 230 2200 Apoc.
252 2134 293 2194 21,
313 2146 338 2184 v.
359 2134 382 2182 3.
407 2128 481 2199 Ergo
508 2128 530 2194 1)
549 2130 623 2198 quod
645 2131 763 2199 primum
783 2139 831 2194 est,
849 2129 977 2200 proponi·
1006 2124 1078 2196 quad
1103 2129 1253 2198 excogitari
1279 2127 1324 2180 vel
1351 2127 1499 2181 desiderari
1523 2135 1642 2197 possunt
1664 2129 1751 2197 hona,
1777 2146 1839 2199 per·

141 2221 187 2269 tur
207 2215 306 2266 ciuium
328 2216 441 2267 illorum
462 2216 622 2282 descriptio,
641 2231 696 2269 nou
716 2215 805 2270 solum
820 2217 917 2281 enneli
932 2216 980 2268 sed
1005 2215 1120 2282 cipient,
1140 2215 1277 2281 absterqet
1299 2216 1377 2265 lucra
1397 2231 1500 2265 omnem
1521 2214 1676 2281 lacrymam
1695 2217 1730 2267 ab
1750 2216 1840 2269 acidis

141 2301 225 2354 etiam
243 2299 366 2352 homines
383 2305 463 2353 erunt
488 2302 515 2353 in
539 2300 586 2353 illa
604 2300 732 2366 civitate,
765 2301 791 2353 iu
820 2301 921 2371 quibus
951 2311 978 2353 et
1005 2318 1101 2351 eoram
1120 2318 1145 2354 v.
1166 2306 1192 2355 4.
1216 2316 1271 2354 non
1290 2299 1365 2369 quod
1383 2300 1662 2370 lacrymasemissuri
1682 2301 1747 2367 sint,
1773 2302 1840 2370 quia

142 2404 205 2440 cum
222 2387 322 2457 quihus
337 2387 412 2440 Deus
427 2386 574 2446 habitabit,
590 2389 838 2442 neotransitorium
853 2388 976 2458 aliquod,
1005 2387 1097 2441 statim
1118 2386 1239 2452 additur,
1266 2405 1342 2438 mors
1363 2387 1441 2439 uitro
1460 2389 1662 2453 sonoritate
1681 2388 1839 2441 lactusnec

142 2474 195 2527 sed·
211 2479 374 2542 perpetuum
388 2480 417 2527 et
434 2481 575 2527 aeternum
597 2473 806 2527 hibernaculum
824 2474 849 2527 in
870 2476 909 2527 eis
925 2473 977 2527 sihi
1005 2474 1113 2525 clamor
1136 2490 1185 2524 nec
1204 2473 1288 2524 dolor
1310 2473 1364 2524 erit
1387 2473 1474 2537 ultra,
1498 2472 1524 2524 h.
1545 2490 1568 2529 1.
1594 2473 1664 2526 nihil
1688 2474 1838 2544 quidquam

141 2560 238 2630 eriget.
259 2558 331 2612 Num
349 2576 415 2614 vero
437 2576 532 2614 omnes
551 2560 661 2614 omnino
679 2559 803 2614 homines
818 2560 920 2612 ineam
938 2559 977 2611 in·
1005 2557 1067 2620 erit,
1090 2557 1164 2626 qnod
1185 2558 1224 2610 eis
1242 2557 1396 2610 molestiam
1420 2574 1513 2610 creare
1532 2557 1575 2609 vel
1593 2558 1717 2612 dolorem
1738 2560 1765 2611 in
1784 2559 1840 2613 illis

141 2646 343 2702 troducentur?
362 2645 474 2699 minime
493 2662 565 2709 vero,
585 2647 652 2713 qaia
669 2663 724 2698 rson
737 2646 854 2699 intraln't
872 2647 901 2697 in
917 2662 977 2697 eam
1005 2644 1126 2697 excitare
1141 2645 1236 2712 possit,
1257 2643 1305 2694 sed
1320 2643 1396 2710 quod
1412 2642 1565 2713 largissima
1580 2651 1607 2696 et
1622 2645 1759 2698 uberrima
1775 2663 1840 2699 con·

140 2733 254 2801 aiiqrrid
278 2733 496 2800 coinquinatum,
522 2740 571 2784 111
603 2732 837 2785 abominationem
866 2731 978 2795 faciens
1005 2730 1140 2785 solatione
1160 2728 1345 2798 perfundendi
1360 2729 1416 2781 sint
1434 2746 1485 2798 pro
1502 2728 1638 2795 omnibus,
1658 2746 1730 2799 quae
1745 2731 1839 2786 iubae

140 2827 165 2872 ct
183 2820 373 2886 moratoriam,
399 2817 456 2869 nisi
480 2819 530 2885 qui
552 2819 655 2885 scripti
675 2827 740 2870 snm
764 2819 794 2870 in
813 2819 886 2870 libro
904 2819 978 2869 citae
1004 2817 1061 2870 vita
1078 2815 1276 2883 sustinuerunt,
1293 2814 1417 2869 adversis
1436 2814 1473 2868 ab
1490 2815 1546 2881 illo,
1571 2815 1618 2884 qui
1637 2814 1719 2879 dicit,
1743 2819 1839 2885 prima

76 2903 591 2971 1111111111111111111111.
620 2903 723 2958 Iuliae
742 2905 799 2957 vita
818 2904 844 2956 in
864 2911 976 2957 externo
1005 2903 1132 2953 abiverant
1150 2919 1181 2955 ,1.
1200 2908 1224 2956 1.
1245 2918 1305 2954 eece
1323 2918 1373 2968 eqo
1394 2919 1466 2954 noea
1483 2902 1564 2964 facio
1582 2903 1676 2955 emnia
1701 2919 1726 2955 v.
1746 2909 1770 2958 b.
1789 2921 1838 2956 no·

141 2992 284 3046 militantis
309 2991 442 3045 eeclesiae
465 3003 546 3044 coetu
569 2991 673 3044 sanetis
702 2991 778 3043 mixti
806 2998 870 3043 sunt
889 2992 975 3060 hypo·
1004 3007 1068 3040 oum
1097 2987 1202 3040 scilieet
1228 2989 1348 3051 eoelum,
1375 3005 1476 3040 nouam
1499 2994 1606 3040 terram
1632 3006 1657 3041 v.
1688 2995 1710 3047 1.
1735 3005 1838 3045 novum

141 3080 240 3141 eritne,
269 3077 365 3132 sedin
390 3077 434 3130 die
450 3077 549 3145 judieii
576 3076 624 3130 fiet
648 3077 800 3145 separatio,
829 3083 976 3146 postquam
1005 3090 1129 3145 reguum,
1148 3090 1222 3126 nova
1239 3073 1351 3142 gaudia,
1372 3090 1474 3126 novum
1492 3080 1593 3127 statum
1613 3079 1665 3128 ete.
1697 3076 1837 3137 11111111-

141 3164 291 3220 1111111111
313 3181 363 3233 per
382 3161 464 3216 fidem
483 3163 552 3217 libro
580 3163 652 3216 vitae
671 3163 744 3231 Agrii
771 3161 894 3230 inscripti
915 3178 976 3216 coe·
1004 3163 1051 3221 rit,
1067 3160 1226 3227 possidebit
1243 3161 1296 3212 iila
1317 3162 1426 3227 omnia,
1450 3166 1477 3213 et
1495 3176 1543 3212 ero
1562 3161 1608 3212 iiii
1625 3162 1720 3226 Deus,
1739 3169 1765 3213 et
1785 3163 1839 3215 crit

139 3251 215 3304 lestis
235 3250 445 3318 Hierosolymae
469 3249 543 3301 cives
570 3255 658 3303 erunt.
695 3248 781 3300 Iidem
808 3247 976 3301 denotantur
1005 3247 1074 3298 mibi
1090 3246 1168 3305 filius
1187 3264 1211 3298 v.
1234 3251 1256 3299 7.
1277 3244 1351 3315 Ergo
1370 3245 1444 3298 beati
1462 3245 1672 3299 introducentur
1692 3247 1720 3299 in
1738 3247 1840 3317 plenis·

140 3355 188 3407 per
203 3337 349 3389 duodecim
370 3337 459 3387 111111
473 3335 575 3400 Israel,
595 3351 713 3404 quorum
725 3333 837 3388 nomina
847 3334 976 3387 dicuntur
1004 3335 1101 3385 simam
1121 3332 1283 3385 coelestium
1304 3333 1436 3386 bonorum
1455 3332 1669 3401 possessionem,
1695 3340 1776 3387 erunt
1800 3335 1841 3386 di·

140 3423 228 3493 ponis
251 3422 385 3492 inscripta
403 3438 427 3473 v.
453 3426 492 3476 12.
510 3420 706 3489 intelliguntur
723 3420 796 3473 enim
816 3419 975 3489 spirituales
1003 3418 1066 3471 lecti
1089 3417 1142 3471 Dei
1158 3417 1208 3471 filii
1230 3425 1258 3471 et
1277 3419 1391 3472 heredes
1417 3419 1547 3472 omnium.
1578 3422 1685 3475 Portae
1708 3422 1897 3488 ciuitatium,
1914 3433 1958 3473 aar.

140 3508 291 3575 inunitae,
306 3524 377 3578 quos
396 3507 539 3577 apostolus
557 3516 638 3560 vocat
657 3509 792 3559 Israelem
812 3508 870 3558 Dei
883 3505 974 3559 Galat.
1002 3506 1032 3557 in
1052 3522 1136 3573 qrsam
1155 3505 1335 3572 recipientur,
1355 3523 1409 3557 non
1426 3506 1596 3558 claudentur
1612 3524 1665 3573 por
1681 3508 1764 3573 diem,
1782 3524 1837 3559 noe

139 3602 163 3662 6,
184 3613 208 3647 v.
230 3600 266 3650 111.
282 3595 413 3645 Judneos
431 3595 461 3644 in
481 3593 780 3655 11111111111111111,
798 3597 880 3646 aaa
893 3593 974 3659 filios
1002 3594 1074 3645 enim
1092 3609 1148 3643 nrm
1168 3592 1222 3644 erit
1239 3591 1301 3643 iliis
1321 3608 1345 3644 v.
1365 3596 1405 3646 25.
1428 3592 1499 3644 nibil
1518 3592 1634 3661 periculi
1661 3610 1677 3644 a
1697 3610 1836 3662 quoquam

136 3680 334 3749 promissionis
358 3679 434 3733 llom.
461 3686 485 3741 9,
510 3696 534 3732 v.
558 3684 581 3732 8.
613 3679 664 3745 qni
691 3679 821 3729 insistunt
851 3678 974 3742 vastioris
1002 3678 1121 3732 hostium
1140 3677 1192 3731 erit
1210 3677 1402 3743 metuendum,
1429 3678 1491 3731 ideo
1511 3685 1608 3747 portae
1628 3696 1736 3748 semper
1756 3687 1837 3732 erunt

139 3769 209 3830 firici
237 3765 379 3827 Abralras,
405 3765 499 3833 sieque
534 3764 693 3832 spirituales
727 3766 787 3833 ejus
820 3764 1120 3859 redduntur,apertae,
1141 3763 1193 3816 erit
1211 3763 1293 3815 etiam
1307 3780 1363 3816 una
1378 3764 1436 3816 dies
1454 3772 1588 3833 perpetua
1600 3782 1695 3819 omnes
1708 3765 1837 3818 tenebras

138 3851 188 3904 lilii
215 3851 295 3907 Rom.
317 3857 341 3914 t,
362 3869 385 3906 v.
408 3856 446 3906 12.
483 3849 608 3904 Gentiles
631 3848 767 3920 siqnidem
792 3849 827 3902 ab
848 3850 1029 3956 ingressuqet
1047 3865 1155 3902 omnem
1174 3849 1280 3901 dicrum
1305 3866 1340 3902 ae
1359 3849 1482 3902 nantium
1501 3849 1718 3903 vicissitudinem
1746 3851 1837 3904 exclu-

138 3938 222 4007 hujus
241 3937 786 4006 11111111111111111111111111111111
801 3953 827 3991 v.
841 3942 887 3990 24:
906 3937 974 3988 Arn-
1001 3936 1078 4002 dens,
1098 3937 1165 4003 quia
1187 3937 1267 3986 Dens
1284 3937 1354 4002 ipse,
1374 3934 1422 4004 qui
1442 3942 1484 3988 est
1505 3934 1550 3988 lux
1572 3935 1732 3989 indeficiens
1752 3945 1780 3991 et
1792 3954 1835 3991 11-

139 4025 271 4077 halabant
294 4032 401 4089 pentes,
426 4041 498 4091 qrsue
520 4031 649 4075 seruatae
674 4025 789 4087 scierunt
814 4024 843 4075 in
870 4023 974 4076 lrsnsine
1001 4032 1086 4086 terna,
1112 4040 1173 4074 earn
1193 4023 1371 4074 illuminabit.
1408 4023 1495 4074 Omne
1515 4023 1696 4074 maledictam
1714 4042 1767 4074 nrrn
1783 4023 1835 4075 erit

138 4112 214 4178 ejas,
241 4117 267 4162 et
293 4126 373 4177 repes
390 4117 485 4160 terrae
505 4111 621 4178 afferent
638 4109 760 4175 pluriam
783 4111 974 4162 111111111-
1001 4107 1483 4178 11111111111.2111111111
1505 4108 1595 4161 nullus
1614 4110 1643 4160 in
1661 4108 1709 4161 1111
1723 4109 1835 4162 civitate

127 4210 234 4250 'norem
261 4213 340 4247 suurn
367 4196 396 4246 in
423 4196 514 4255 iiiam,
548 4193 575 4248 h.
600 4211 622 4249 e.
650 4195 696 4263 qui
723 4212 755 4247 ex
781 4195 911 4265 gentibus
938 4195 1147 4263 adhahitabit,
1168 4194 1341 4265 quisitlleo
1357 4194 1835 4262 exosusetipsiusorcmnledictus,

137 4299 232 4335 verum
254 4280 342 4333 Deum
362 4280 472 4334 Israblis
499 4281 624 4334 conversi
643 4280 782 4334 Christum
802 4275 1048 4368 Salvatoremqsed
1069 4299 1163 4335 omnes
1182 4289 1263 4335 erunt
1282 4281 1376 4335 dilecti
1397 4281 1459 4344 filii,
1489 4280 1557 4332 nihil
1576 4280 1727 4349 quidquam
1752 4280 1780 4334 in
1802 4297 1835 4334 ea

138 4367 194 4421 fide
214 4367 332 4436 amplexi
352 4373 430 4432 sunt,
451 4366 491 4420 illi
513 4366 657 4421 coelestem
679 4367 898 4436 Hierosolymam
918 4383 975 4420 unu
1000 4369 1060 4435 crit,
1078 4368 1152 4437 quod
1173 4367 1250 4420 Deus
1269 4366 1450 4419 abominetur.
1485 4366 1613 4417 Thronus
1633 4367 1692 4416 Dei
1710 4374 1736 4418 et
1758 4367 1836 4433 dpni

138 4471 201 4507 eum
226 4453 278 4522 piis
298 4452 432 4506 israelitis
454 4452 652 4523 ingredientur.
698 4453 778 4515 Quod
799 4469 864 4506 vero
896 4470 973 4518 repes
1000 4454 1100 4506 inilia
1119 4453 1272 4505 eritverau
1293 4451 1402 4517 eodem,
1426 4450 1479 4503 boe
1504 4458 1546 4502 est
1568 4452 1641 4503 Deus
1663 4459 1691 4505 et
1710 4450 1835 4505 Christus

138 4549 232 4592 111111
251 4539 373 4604 pieriam
391 4557 471 4591 suem
491 4540 521 4592 in
540 4556 600 4591 eam
619 4540 751 4591 dicantar
771 4539 899 4602 11111111,
917 4554 972 4592 non
999 4540 1157 4608 regnabunt
1175 4539 1203 4591 iu
1223 4554 1255 4590 ea
1274 4537 1301 4590 in
1320 4543 1472 4602 aeternum,
1490 4537 1570 4606 cujus
1588 4537 1663 4590 cives
1679 4545 1707 4592 et
1720 4538 1834 4603 incolae,

138 4624 224 4678 habet
252 4623 326 4677 hunc
350 4641 475 4685 sonsum,
503 4626 576 4693 quod
608 4625 733 4679 coelestis
764 4625 974 4693 llierosolymae
998 4624 1099 4678 Christi
1114 4623 1293 4677 verosuhditi
1310 4629 1390 4675 erunt
1410 4621 1492 4683 besti,
1511 4622 1538 4674 in
1553 4622 1653 4693 quibus
1663 4623 1739 4678 Deus
1753 4642 1833 4678 suum

137 4711 229 4783 gloria
242 4710 336 4763 sutura
353 4710 390 4762 sit
402 4710 551 4778 mundana,
563 4718 681 4775 terrena,
697 4710 864 4775 transitoria,
884 4711 973 4780 qualis
1000 4709 1114 4764 habehit
1132 4709 1269 4775 thronum,
1290 4725 1370 4761 suurn
1388 4704 1566 4774 domicilium,
1587 4727 1667 4762 suum
1688 4709 1834 4764 habitacu-

139 4806 181 4853 est
209 4815 306 4867 regum
333 4797 415 4867 hujus
438 4797 540 4858 seculi,
570 4799 639 4851 illud
667 4798 738 4850 enim
763 4798 914 4852 conditioni
940 4814 973 4850 ac
999 4796 1055 4848 lum
1071 4803 1242 4866 perpetuum.
1263 4797 1371 4848 Nomen
1384 4797 1446 4863 ejus
1460 4798 1514 4849 erit
1534 4798 1562 4849 in
1574 4799 1726 4864 frontibus
1738 4815 1833 4850 eorum

139 4885 222 4938 statui
249 4883 329 4954 regni
355 4884 482 4938 eoelestis
506 4901 618 4954 prorsus
645 4891 798 4954 repugnat,
826 4883 874 4936 sed
901 4901 972 4953 sym·
1000 4900 1024 4934 v.
1044 4889 1068 4936 1.
1087 4881 1113 4933 h.
1134 4898 1157 4934 e.
1177 4882 1303 4934 omnibus
1323 4887 1419 4935 notum
1438 4888 1465 4934 et
1481 4882 1658 4937 manifestum
1679 4882 1734 4950 1111,
1758 4884 1832 4953 quod

138 4972 229 5026 bolico
250 4969 430 5040 significatur,
449 4972 524 5040 quod
545 4971 572 5023 in
592 4989 625 5024 ea
640 4972 676 5024 sit
696 4970 817 5026 omnium
837 4969 971 5025 bonorum
999 4969 1054 5021 sint
1072 4968 1125 5021 Dei
1145 4967 1208 5034 tilii,
1233 4967 1336 5022 Christi
1354 4967 1455 5021 fratres
1479 4977 1507 5023 et
1524 4969 1685 5033 coheredes,
1713 4970 1833 5040 Spiritus

138 5058 219 5128 eopia
237 5064 265 5110 et
284 5056 464 5122 abundantia,
484 5073 517 5111 11
531 5057 554 5109 si
571 5058 599 5111 in
613 5074 673 5111 eam
687 5064 973 5128 omncsregesterrae
999 5055 1086 5109 saneti
1110 5055 1228 5124 templa,
1253 5072 1325 5106 nunc
1346 5054 1402 5118 olii
1421 5056 1478 5108 Dei
1501 5074 1611 5122 siamus,
1634 5058 1687 5108 sed
1709 5060 1833 5110 nondum

139 5143 666 5198 1111111111111111111111111111111.
689 5143 971 5214 Significaturetiam,
999 5142 1143 5211 apparuit,
1169 5142 1240 5208 quid
1254 5141 1351 5207 facturi
1367 5142 1455 5193 simus
1474 5147 1525 5195 111.
1555 5149 1577 5198 1.
1599 5141 1700 5197 Johan.
1719 5149 1743 5206 3,
1762 5161 1787 5199 v.
1807 5149 1832 5201 2.

138 5230 199 5301 pios
222 5246 303 5299 reges
326 5236 354 5282 et
377 5229 571 5298 magistratus,
595 5230 643 5298 qui
666 5228 775 5284 Christo
800 5246 900 5283 nomen
926 5229 972 5284 de·
1000 5230 1032 5282 ln
1051 5228 1151 5282 Vetere
1164 5226 1342 5280 Testamento
1360 5226 1479 5280 laminae
1496 5227 1647 5281 sacerdotis
1669 5228 1832 5299 inscriptum

138 5317 238 5370 derunt
250 5322 278 5369 et
287 5315 420 5370 eeclesiae
433 5313 576 5368 militantis
586 5315 728 5383 pomoeria
741 5316 860 5369 dilatare
875 5318 971 5370 studu·
999 5321 1059 5370 erat
1074 5314 1215 5367 Soractitas
1235 5314 1354 5366 Domini
1360 5336 1369 5378 ,·
1384 5314 1412 5367 in
1432 5314 1491 5368 vita
1510 5322 1623 5368 aeterua
1638 5331 1733 5369 omnes
1752 5322 1833 5370 amnt

137 5410 219 5456 erunt
238 5401 346 5455 collatis
371 5417 431 5453 eam
455 5399 484 5452 in
506 5416 563 5453 rem
583 5399 663 5454 honis
683 5418 830 5470 regnorum
851 5418 972 5468 suorum,
1002 5402 1051 5456 Dei
1071 5400 1226 5455 sacerdotes
1250 5415 1349 5454 nomen
1375 5406 1405 5454 11
1427 5400 1542 5471 gloriam
1562 5403 1621 5472 ejus
1644 5401 1672 5455 in
1693 5401 1832 5457 frontibus

137 5488 166 5542 in
185 5487 299 5542 coelesti
318 5486 409 5558 gloria
425 5502 492 5556 prae
511 5486 625 5556 reliquis
645 5485 765 5541 salsuros
784 5495 835 5541 ete.
863 5488 972 5543 Descri·
999 5488 1056 5542 suis
1074 5493 1225 5558 portantes.
1261 5488 1325 5539 Noe
1344 5486 1423 5539 nitro
1442 5504 1496 5540 non
1516 5489 1577 5550 crit,
1597 5496 1623 5541 et
1642 5505 1698 5542 non
1716 5490 1832 5555 epsbunt

137 5573 242 5629 buntur
263 5574 378 5644 insuper
401 5572 528 5630 eoelestis
548 5572 758 5645 Hierosolymo
785 5574 895 5630 incolae
920 5575 973 5631 hoe
997 5575 1103 5629 iumine
1120 5575 1250 5631 lacenae
1268 5590 1357 5643 nsque
1380 5571 1483 5627 iumine
1508 5574 1592 5642 solis,
1620 5574 1751 5646 quoniam
1770 5576 1831 5628 Do·
