4050 6014
776 252 829 311 DE
847 254 942 312 VITA
962 253 1154 311 aarum.
1757 263 1815 325 291

122 411 211 468 solum
231 429 250 467 a
266 411 325 466 uita
341 420 461 466 naturae
478 419 562 484 (quae
579 419 608 468 et
624 413 784 484 temporalia
801 416 844 468 eat
859 418 888 468 et
901 430 957 468 om·
987 413 1160 483 majestatem
1171 412 1323 484 etgloriam
1344 413 1372 468 in
1392 410 1576 484 pulcherrimo
1595 421 1623 468 et
1642 413 1820 485 magnificen-

70 507 109 554 ut.
123 496 205 552 nibus
221 496 380 553 bominibus
399 498 571 567 communie),
589 499 638 553 sed
651 500 735 555 etiam
753 501 960 569 amtaprotiae
986 497 1092 553 tissimo
1117 499 1186 554 coeli
1213 499 1317 570 palatio
1343 499 1462 554 maxima
1489 500 1660 566 manifestat,
1690 500 1820 570 quodque

123 585 209 655 (quae
225 585 333 656 piorum
353 585 465 652 quidem
484 585 604 655 propria,
624 585 733 640 interim
751 601 815 640 cum
833 584 885 641 bac
902 585 960 640 vita
987 582 1112 639 Christus
1132 586 1281 639 adscendit
1297 587 1328 638 in
1347 586 1467 654 coelum,
1490 586 1663 656 ingressurus
1684 585 1714 640 in
1743 601 1821 640 suam

123 669 236 737 desinit)
255 670 401 733 distincta,
428 686 556 741 quaeque
576 669 611 724 ob
630 676 792 742 perpetuam
809 672 856 739 ,sui
876 671 960 726 dura-
986 668 1112 739 gloriam.
1150 670 1222 734 Quia
1245 671 1331 741 igitur
1353 670 1428 725 beati
1453 688 1516 725 cum
1534 670 1593 725 Deo
1617 679 1646 742 et
1663 670 1772 726 Christo
1791 670 1821 725 in

122 755 225 810 donem
244 763 357 811 aeterna
382 756 550 826 appellatur,
578 755 604 809 b.
624 757 642 810 l.
663 757 745 811 unice
765 758 887 828 agimus,
915 758 959 812 cui
987 755 1044 809 vita
1063 762 1091 810 et
1108 755 1196 827 gloria
1214 763 1329 811 aeterna
1346 763 1412 811 sunt
1426 757 1534 824 victuri,
1555 757 1616 812 ideo
1632 747 1821 812 felicissimum

123 841 151 895 in
169 841 319 912 scripturis
340 843 490 913 opponitur
514 861 589 897 more
609 851 725 898 aeman
743 845 807 900 Joh,
828 850 852 912 6,
871 861 898 898 v.
917 852 959 901 50,
986 840 1055 894 illud
1076 839 1148 908 πού,
1171 843 1200 896 in
1224 843 1299 912 quod
1323 843 1361 912 pii
1384 848 1448 913 poet
1473 851 1586 898 mortem
1605 844 1777 913 recipiuntur
1793 848 1821 897 et

123 945 184 999 cap.
203 934 228 998 8,
247 946 272 982 r.
293 935 334 985 51.
352 945 412 1000 cap.
433 935 473 996 11,
497 946 522 984 r.
543 935 584 985 26.
608 930 666 986 aive
689 932 813 984 secanda
830 932 917 1001 Apoa.
935 940 959 1000 2,
986 927 1014 980 in
1035 944 1090 997 quo
1111 927 1239 983 coelestia
1258 929 1364 999 gloriae
1382 938 1410 983 et
1428 928 1552 984 laetitiae
1571 929 1719 1000 participes
1742 928 1822 995 fiunt,

121 1032 148 1068 v.
169 1020 209 1069 11.
227 1031 288 1086 cap.
311 1021 352 1080 20,
371 1032 396 1069 v.
418 1021 457 1070 11.
476 1016 511 1070 ds
530 1032 585 1087 qua
603 1017 631 1070 in
649 1017 826 1087 praecedenti
839 1024 960 1071 tractatu
986 1014 1053 1083 quin
1072 1020 1100 1067 st
1112 1015 1173 1085 ipsa
1190 1015 1334 1070 beatorum
1353 1014 1445 1085 gloria
1467 1031 1500 1069 ac
1520 1015 1627 1070 laetitia
1646 1015 1744 1069 merito
1760 1030 1821 1068 coe·

120 1102 177 1156 luto
194 1100 311 1172 egimua
985 1100 1041 1153 lum
1060 1101 1224 1171 appellatur.
1242 1102 1440 1156 Bonarentura
1459 1106 1483 1156 2.
1497 1111 1566 1155 sont.
1578 1101 1641 1154 dist.
1656 1106 1684 1157 t:
1706 1100 1821 1155 Caelum
1834 1119 1877 1163 χχ,
1892 1119 1936 1163 neu,

71 1201 107 1245 ιιι
157 1192 181 1242 5.
205 1185 334 1242 Ceterum
359 1203 422 1242 cum
446 1186 557 1242 beatam
579 1187 656 1243 illam
679 1188 764 1244 ritem
791 1197 819 1244 at
841 1189 958 1259 gloriam
985 1195 1025 1239 est
1045 1188 1238 1256 contentivam,
1257 1195 1391 1241 secretum
1410 1195 1434 1240 et
1454 1189 1583 1256 quntum.
1612 1189 1651 1240 Et
1669 1189 1736 1256 quia
1754 1188 1822 1241 naec

121 1275 152 1327 in
178 1273 255 1328 coelo
280 1272 360 1326 nobie
387 1273 550 1342 promissam
574 1281 776 1344 exspectemus.
808 1275 871 1330 idso
897 1275 958 1344 ejus
984 1274 1088 1342 triplex
1102 1275 1264 1344 proprietas
1277 1274 1418 1343 reperitur
1427 1274 1458 1326 in
1470 1274 1639 1327 celsitudine
1656 1274 1822 1338 diuinitatis,

122 1375 234 1431 qnoque
257 1361 442 1432 ἔτομολογίαν
463 1358 671 1431 subjungemus.
707 1362 871 1417 Ambrosius
895 1360 912 1416 l.
933 1365 957 1414 2.
984 1360 1049 1413 ideo
1067 1360 1173 1414 dmimr
1194 1360 1310 1414 coelum.
1347 1360 1401 1412 Est
1428 1362 1502 1413 enim
1520 1359 1617 1429 ampla
1637 1361 1821 1413 immanitate

123 1445 248 1501 hasim.
277 1462 301 1500 c.
321 1451 345 1501 t.
364 1444 472 1500 coelum
495 1462 530 1503 ex
555 1462 588 1502 ao
614 1446 720 1502 dictum
745 1449 854 1511 statuit,
882 1449 959 1519 quod
984 1447 1111 1511 uirtutis,
1137 1455 1245 1501 secreta
1273 1447 1473 1515 profunditate
1510 1447 1690 1515 remediante,
1727 1447 1822 1515 quieto

122 1532 262 1601 impressa
280 1532 426 1586 stellarum
445 1531 553 1587 lumina
568 1534 642 1588 velat
659 1535 864 1605 eipnalrabeat,
883 1536 958 1588 unde
985 1532 1192 1602 tranquillitate
1210 1532 1380 1587 dilectionis.
1412 1534 1474 1586 Hoc
1491 1542 1531 1585 est
1552 1533 1667 1597 coelum,
1686 1534 1728 1586 ad
1744 1535 1821 1602 qnod

121 1619 229 1673 eoelum
246 1619 329 1687 qiuari
341 1618 479 1671 coelatum
493 1619 663 1688 appelletur.
683 1621 790 1675 Plinius
804 1622 820 1675 l.
836 1626 958 1676 tuetur.
986 1620 1090 1686 lucifer
1107 1621 1279 1672 οάαοονιάονο
1300 1618 1398 1688 uoluit,
1424 1620 1493 1674 Era.
1513 1623 1560 1672 rt:
1585 1620 1767 1673 Adscendum
1791 1619 1822 1672 in

120 1703 217 1760 histor.
237 1721 261 1760 c.
280 1711 309 1760 t:
336 1703 452 1758 Ocelum
470 1705 550 1758 baud
567 1707 651 1760 dubie
670 1707 773 1761 erdoti
793 1715 958 1775 arpamento
986 1706 1100 1768 coelum,
1119 1707 1137 1760 i.
1149 1723 1170 1761 a.
1189 1707 1230 1759 ad
1241 1705 1441 1774 aequalitatem
1453 1706 1519 1758 Dei.
1540 1704 1604 1760 Huc
1615 1703 1710 1759 referri
1722 1710 1822 1775 potest,

122 1791 259 1857 dammas,
281 1799 313 1844 ut
336 1792 540 1860 iuterpretatur
563 1792 606 1845 Μ.
630 1793 731 1847 Varro.
773 1792 893 1858 Quidam
912 1793 959 1846 de·
986 1792 1059 1862 quod
1069 1791 1194 1846 rabbinis
1207 1790 1285 1846 Deua
1301 1791 1402 1846 dicitur
1420 1780 1561 1864 milli-„lm
1582 1791 1823 1862 quoddesumtum

120 1877 254 1931 ducenta
265 1877 394 1945 celando,
411 1877 566 1945 quiaintru
577 1879 869 1933 coelumeontinentur
880 1887 959 1932 etoc·
987 1877 1096 1933 ridetur
1112 1894 1146 1932 ex
1164 1877 1244 1930 modo
1264 1877 1395 1948 loquendi
1414 1876 1564 1948 Scripturia
1580 1877 1691 1932 usitato.

121 1964 265 2018 mtrantur
278 1979 325 2017 res
336 1978 437 2017 omnes.
454 1962 512 2017 atii
530 1965 639 2019 malunt
654 1965 791 2020 deducere
806 1982 839 2020 ex
851 1963 959 2020 Gracco
1021 1969 1044 2018 6.
1063 1969 1086 2019 2
1104 1961 1276 2038 Ὁμωνυμία.
1296 1963 1363 2019 Vita
1380 1970 1493 2018 autema
1508 1963 1645 2033 accipitur
1665 1962 1820 2029 dupliciter,
1834 1971 1858 2024 2,
1868 1965 1990 2043 Ὁμων-

121 2053 229 2118 αοῑλον,
253 2050 328 2120 quod
353 2051 552 2105 concavitatem
571 2050 721 2123 significat,
748 2052 816 2123 quia
838 2067 960 2107 concava
991 2056 1010 2108 l.
1028 2052 1148 2118 proprie
1162 2066 1212 2120 pro
1231 2048 1391 2107 felicissimo
1404 2050 1512 2121 piorum
1524 2055 1600 2104 statu
1614 2064 1648 2104 ac
1660 2049 1820 2105 bsatbsima
1831 2045 1893 2150 fig!

121 2137 191 2191 coeli
209 2135 368 2206 superficies
384 2137 472 2191 instar
489 2153 616 2193 mmerue
636 2137 743 2193 affabre
761 2143 916 2194 aasuuctae
931 2144 960 2192 et
985 2137 1107 2205 ipsorum
1129 2144 1215 2205 sorte,
1244 2137 1274 2190 iu
1298 2153 1355 2207 qua
1377 2144 1440 2207 post
1467 2137 1551 2207 hujus
1573 2137 1648 2191 vitae
1672 2135 1818 2192 decureum
1832 2114 1946 2200 ,',„,2⁸,⁸,‚

121 2229 273 2277 exornatae
290 2222 378 2278 oculis
397 2222 499 2277 nostris
514 2239 576 2279 sese
597 2224 821 2296 conspiciendam
838 2223 957 2292 exhibet,
984 2223 1127 2278 consfituti
1145 2223 1240 2278 eadem
1258 2222 1386 2278 fruentur
1402 2224 1431 2278 in
1448 2229 1590 2279 aeternum
1610 2222 1673 2280 lob.
1689 2230 1715 2289 3,
1732 2240 1757 2279 r.
1778 2229 1818 2280 15.

120 2322 272 2363 convexam
299 2315 393 2362 autem
422 2324 478 2364 non
503 2309 635 2366 videmus.
675 2306 803 2388 Οὐρανόν
819 2308 958 2365 Graecum
984 2315 1012 2363 et
1031 2312 1072 2365 35.
1097 2308 1154 2362 Tit.
1175 2314 1200 2377 3,
1217 2326 1242 2362 v.
1260 2313 1284 2365 l.
1303 2315 1353 2364 ato.
1390 2313 1413 2364 2.
1436 2310 1629 2378 metonymice,
1657 2309 1743 2380 idque
1767 2309 1821 2363 du·

121 2395 235 2467 quidam
260 2394 386 2450 derivant
413 2394 449 2448 ab
481 2391 571 2471 ὁρόω,
607 2404 639 2451 ut
669 2395 787 2468 οὐρανός
812 2396 849 2450 eit
878 2397 957 2468 quasi
983 2394 1094 2465 pliciter
1112 2401 1134 2451 1¹.
1154 2411 1205 2465 pro
1222 2395 1286 2463 ipso
1306 2393 1429 2460 Christo,
1454 2395 1529 2450 ritae
1554 2401 1684 2450 aeternae
1708 2401 1820 2450 auctore

121 2477 230 2558 ὄρανός,
248 2498 281 2536 oo
299 2481 419 2553 quodsit
436 2487 524 2537 πᾶσιν
538 2479 686 2557 ὁρώμενος,
705 2482 749 2536 vel
761 2482 836 2554 quod
848 2483 956 2537 coelum
983 2497 1016 2534 ac
1035 2480 1140 2550 datore,
1158 2487 1181 2537 1.
1201 2479 1265 2537 lob.
1284 2486 1306 2547 1,
1321 2498 1345 2536 v.
1365 2485 1395 2536 2:
1419 2481 1627 2535 annuntiamus
1643 2482 1720 2537 nobas
1733 2480 1821 2535 eitam

120 2567 157 2622 ait
176 2567 246 2622 αἰναί
265 2568 390 2638 pervium
409 2574 439 2623 et
457 2567 716 2636 minimedanaum‚
739 2569 812 2624 sicut
836 2586 910 2640 aqua
929 2577 957 2624 st
982 2576 1142 2631 estunam,
1169 2583 1240 2635 qaae
1265 2575 1326 2621 erat
1349 2568 1429 2635 apud
1452 2567 1575 2622 Patren.
1594 2584 1654 2638 cap.
1675 2575 1699 2636 5,
1725 2585 1752 2622 r.
1771 2572 1820 2637 2ος

120 2661 194 2720 terra
213 2657 296 2726 (quae
314 2655 499 2729 etymologiae
515 2655 587 2710 ratio
607 2655 718 2725 proprie
734 2657 862 2710 convenit
879 2656 956 2712 coelo
984 2655 1039 2707 Hic
1057 2662 1197 2707 astamus
1215 2653 1265 2706 illo
1284 2654 1364 2706 Deus
1383 2661 1409 2707 st
1425 2655 1485 2706 ritu
1503 2661 1625 2708 werna.
1659 2653 1819 2709 Photiniani

120 2759 171 2812 pro
186 2742 258 2796 airis
277 2743 391 2812 regione
409 2746 543 2812 accepto),
569 2742 614 2796 vel
641 2741 714 2812 qnod
739 2740 806 2810 ὅλην
830 2740 879 2811 τὴν
903 2747 955 2813 γῆν
983 2747 1117 2811 pugnant,
1136 2740 1221 2794 verta
1238 2738 1293 2793 illa
1306 2757 1362 2794 non
1382 2742 1424 2793 ad
1438 2740 1589 2806 Christum,
1606 2743 1659 2794 sed
1675 2743 1717 2794 ad
1727 2742 1819 2793 Deum

120 2828 230 2884 deuter
250 2826 320 2904 ὁρᾶν
338 2827 472 2896 rideatur,
490 2835 522 2882 ut
541 2828 632 2896 placet
649 2828 797 2884 Ambrosio
815 2829 842 2885 d.
863 2829 880 2884 l.
893 2831 956 2885 Ari·
983 2828 1099 2880 Patrem
1117 2842 1176 2880 ease
1193 2826 1357 2893 referenda.
1383 2824 1500 2882 Socinua
1513 2826 1542 2880 in
1562 2842 1660 2883 comm.
1683 2833 1704 2881 1.
1717 2824 1781 2880 lob.
1794 2833 1819 2881 5.

119 2915 233 2970 atoteles
252 2915 281 2968 in
301 2913 348 2971 lib.
369 2915 404 2969 de
422 2915 526 2969 mundo
544 2914 649 2968 mavult
669 2914 805 2969 deducere
828 2915 865 2970 ab
883 2915 956 2990 ὄρος,
982 2932 1007 2984 p.
1024 2919 1083 2969 516.
1101 2919 1129 2967 et
1147 2912 1175 2967 in
1194 2912 1331 2968 animadv.
1348 2912 1385 2966 ad
1406 2919 1502 2968 assem
1525 2918 1564 2969 12.
1585 2913 1703 2967 Poanun.
1729 2931 1754 2982 p.
1776 2918 1818 2969 55.

120 2998 250 3074 οὐρανόν,
271 3001 325 3067 att,
351 2996 458 3075 ἐτύμως
475 3005 615 3071 καλοῦμεν
640 2999 699 3056 ἀπὸ
724 3005 776 3056 τοῦ
799 2998 867 3076 ὅρον
884 3004 956 3058 εῖναι
982 2999 1087 3055 catech.
1106 2998 1210 3057 Raoov.
1230 3017 1257 3069 p.
1278 3004 1318 3054 ie.
1349 2999 1405 3055 Sed
1425 3005 1548 3055 noemam
1567 3000 1731 3055 sententiam
1752 3015 1819 3054 con·

119 3093 175 3143 uuir
192 3086 258 3143 inu.
278 3087 457 3143 Aristotelem
470 3087 595 3157 sequitur
608 3087 688 3141 Philo
702 3087 729 3140 in
740 3086 788 3142 lib.
803 3089 838 3142 de
854 3089 955 3142 mundo
981 3084 1073 3139 firmat
1093 3090 1115 3144 1.
1133 3093 1222 3138 tectus
1241 3086 1383 3139 connecto.
1415 3084 1461 3140 Sic
1479 3085 1551 3140 enim
1569 3085 1691 3157 loquitur
1711 3092 1819 3154 aposto·

120 3174 160 3228 aie
180 3174 318 3228 scribens:
356 3179 418 3228 Τῶν
447 3173 524 3235 ἐντὸς
552 3171 620 3247 ὅρον
650 3193 679 3229 τε
702 3179 749 3228 aul
766 3171 955 3250 φυλακτήριον
981 3172 1038 3229 lus:
1059 3173 1178 3235 Scimus,
1192 3173 1325 3242 quoniam
1337 3173 1432 3227 lilius
1443 3175 1503 3228 Dei
1514 3175 1587 3228 uenit
1605 3181 1630 3226 et
1646 3173 1725 3225 dedit
1738 3172 1819 3225 nobis

120 3266 208 3323 tutele
239 3258 288 3314 riv
320 3265 449 3332 αἰθέριον
480 3261 511 3313 ἐν
543 3255 633 3330 κύκλῳ
654 3257 755 3319 τόπον.
775 3257 825 3333 ἀφ’
851 3249 883 3314 οἷ
907 3267 956 3315 uul
980 3266 1105 3322 mentem
1123 3266 1154 3313 ut
1171 3275 1478 3327 copnoscemueoerum
1499 3269 1527 3313 et
1543 3261 1630 3313 simus
1648 3259 1678 3312 in
1691 3275 1765 3324 uero,
1786 3259 1818 3311 in

119 3344 240 3418 οὐρανὸς
257 3343 425 3420 ὠνομάσθαι
445 3347 530 3403 δοκεῖ.
549 3344 668 3408 Quidam
687 3345 808 3399 formant
826 3347 904 3418 παρὰ
922 3347 955 3401 τὸ
981 3345 1060 3398 Filio
1078 3347 1140 3415 ejus
1156 3346 1228 3399 Jem
1248 3346 1366 3404 Ounno.
1404 3345 1462 3400 Hic
1488 3354 1529 3400 est
1553 3361 1635 3399 uerus
1657 3346 1707 3400 itte
1729 3347 1818 3399 Deae.

121 3431 204 3508 οὐρῶ,
225 3434 290 3503 quia
310 3419 402 3487 omnia
420 3430 575 3485 circumdat
592 3438 620 3486 at
636 3437 789 3486 conservat.
826 3430 881 3487 Sed
903 3433 956 3488 hae
982 3431 1165 3487 Oocumenius
1186 3439 1278 3487 monet
1297 3426 1380 3495 οὗτος
1396 3431 1462 3502 poni
1480 3448 1531 3502 pro
1555 3431 1593 3502 ὅς,
1617 3433 1662 3486 tte
1685 3449 1735 3502 pro
1755 3432 1819 3500 qui,·

120 3517 426 3589 etymologiaeproprie
439 3516 857 3588 conveniuntadspectabiliieti
869 3518 955 3587 coelo,
983 3518 1088 3572 Arabes
1105 3517 1203 3588 legunt
1229 3527 1255 3572 et
1279 3520 1324 3572 lrie
1347 3528 1388 3572 est
1407 3535 1490 3572 vanu
1508 3521 1607 3588 Deus,·
1635 3518 1748 3589 quidam
1772 3533 1817 3571 co·

119 3606 193 3676 quod
212 3603 348 3660 sideribus
366 3606 539 3675 uariegatum
563 3611 591 3658 et
610 3611 771 3659 exornatum
798 3603 826 3658 iu
844 3603 955 3660 sublimi
981 3604 1057 3659 dicas
1083 3605 1190 3660 addunt
1212 3600 1282 3679 γάρ,
1308 3605 1353 3659 liic
1373 3606 1445 3659 enim
1463 3613 1503 3659 est
1526 3621 1607 3659 verus
1626 3607 1718 3671 Deus,
1745 3619 1818 3675 quae

119 3691 317 3762 conspicimur,
344 3707 399 3745 non
426 3697 518 3744 autem
543 3688 676 3743 invisibili
703 3690 845 3744 beaterum
868 3693 954 3757 coelo,
981 3689 1052 3745 duae
1071 3690 1233 3761 particulae,
1251 3691 1412 3761 copulativa
1426 3699 1452 3745 et
1470 3708 1503 3746 ac
1521 3691 1716 3747 ratiocinativa
1737 3692 1817 3757 enim,

118 3777 136 3832 i.
156 3793 179 3832 e.
199 3776 245 3831 isti
264 3772 330 3846 noi,
359 3777 389 3829 in
416 3793 471 3845 quo
498 3775 578 3830 electi
602 3781 742 3830 aeternum
771 3775 904 3832 laetitiam
928 3784 956 3831 et
980 3777 1137 3844 ostendunt,
1161 3777 1308 3848 sequentia
1331 3776 1417 3832 verba
1433 3778 1514 3848 jungi
1539 3778 1640 3834 debere
1660 3777 1818 3833 immediate

118 3862 236 3935 gloriam
254 3862 405 3932 aliquando
423 3861 639 3932 participabunt,
665 3862 739 3933 quod
757 3861 826 3917 coeli
845 3863 955 3919 nornine
980 3862 1218 3935 praecedentibus.
1239 3868 1264 3918 2.
1283 3863 1452 3933 Apostoliea
1471 3867 1616 3937 expositio.
1634 3883 1659 3923 v.
1682 3871 1721 3921 11.
1740 3881 1816 3935 pras·

118 3950 232 4006 videtur
246 3950 409 4022 insignitum
429 3958 450 4008 1.
471 3957 584 4020 propter
602 3950 846 4022 pulchritudinem,
865 3966 954 4023 neque
980 3952 1110 4006 mittitur:
1135 3949 1225 4004 Vitam
1244 3958 1389 4004 oemmram
1408 3952 1488 4005 dedat
1506 3953 1586 4006 nolis
1596 3955 1684 4021 Deus,
1707 3960 1732 4007 et
1748 3952 1818 4005 laec

118 4036 193 4092 euim
210 4037 363 4108 quidquam
375 4037 500 4091 norimus
515 4036 659 4108 pulchrius
674 4037 775 4092 risibili
798 4037 850 4093 isto
867 4038 953 4102 coelo,
979 4040 1038 4091 vitu
1064 4045 1106 4092 est
1135 4038 1165 4091 in
1185 4037 1264 4091 Filio
1285 4038 1354 4107 ejas.
1382 4053 1408 4092 v.
1427 4042 1469 4094 12.
1509 4037 1567 4100 Qui
1591 4039 1673 4092 habet
1700 4039 1817 4098 Filium,

118 4123 148 4176 in
175 4139 230 4194 quo
257 4123 377 4178 siderum
404 4122 514 4178 fsculoe
539 4140 597 4178 una
622 4138 685 4178 cum
710 4123 820 4178 duabus
846 4125 954 4196 magnis
979 4125 1061 4178 labet
1077 4124 1173 4178 eitam
1211 4122 1335 4193 Nequit
1360 4139 1426 4178 raro
1450 4124 1569 4195 cogitet,
1597 4124 1683 4178 vitam
1709 4139 1770 4178 esse
1788 4123 1816 4176 in

119 4208 309 4277 luminaribus,
335 4210 394 4264 sole
423 4216 452 4264 et
478 4209 554 4276 luna,
582 4217 718 4281 perpetua
746 4210 808 4265 lues
835 4211 953 4280 fulgent.
978 4209 1050 4264 Filio
1069 4210 1292 4275 mndemalitu,
1319 4209 1381 4264 ideo
1401 4216 1483 4264 vocat
1502 4227 1564 4264 enm
1583 4209 1672 4279 ipsam
1686 4209 1771 4263 ritum
1794 4215 1816 4265 1.

118 4299 143 4350 2.
166 4294 285 4364 Propter
302 4295 496 4364 altitudinem,
525 4303 558 4350 ut
574 4296 647 4351 enim
665 4295 771 4351 coelum
790 4298 818 4350 in
836 4296 954 4351 sublime
979 4296 1059 4367 epist.
1079 4301 1103 4364 1,
1120 4313 1145 4350 r.
1163 4301 1193 4350 2:
1219 4293 1236 4362 ἡ
1265 4297 1313 4360 ζων*
1336 4294 1512 4370 ἐφανερώθη,
1537 4311 1570 4348 ex
1589 4311 1645 4364 quo
1664 4294 1704 4347 sic
1723 4294 1815 4348 inferi·

119 4380 223 4435 abtum
249 4381 286 4434 ab
313 4380 365 4434 hac
390 4388 464 4436 terra
491 4381 653 4452 longissimo
682 4382 828 4437 intervallo
854 4383 953 4454 distat;
979 4398 1054 4437 mue:
1091 4380 1145 4445 Qui
1164 4390 1207 4436 est
1225 4381 1287 4450 ipsa
1303 4380 1370 4449 rita,
1396 4381 1420 4434 is
1444 4379 1527 4434 etiam
1550 4378 1564 4432 ὁ
1591 4377 1726 4448 ἀληθινὸς
1743 4377 1815 4442 θεός.

118 4467 158 4521 sic
175 4465 279 4538 gaudia
296 4465 438 4522 beatorum
458 4484 476 4522 a
494 4468 610 4523 terrenis
630 4466 714 4537 bajus
734 4467 829 4522 mundi
843 4469 955 4539 gaudiis
980 4467 1067 4522 Filius
1089 4473 1132 4521 est
1155 4466 1217 4536 ipsa
1242 4467 1308 4522 vita.
1338 4466 1414 4535 Ergo
1447 4471 1471 4519 3.
1491 4465 1623 4518 Aliorum
1649 4464 1816 4533 Scripturoe

117 4551 278 4624 tongnstms
296 4560 362 4608 sunt
383 4560 518 4623 separata.
548 4560 571 4610 3.
593 4555 709 4626 Propter
725 4556 954 4625 mapnitadinem
979 4553 1104 4607 ἰοοοτναι
1133 4553 1258 4607 satiato.
1303 4553 1344 4609 Ut
1373 4551 1447 4605 enim
1473 4549 1598 4605 Christus
1629 4551 1675 4606 bic
1702 4560 1817 4607 vocatur

118 4646 150 4692 ut
169 4638 243 4692 enim
263 4640 369 4694 coslum
396 4639 464 4694 illud
485 4647 528 4696 est
546 4641 745 4711 amplissimum
769 4648 798 4695 et
814 4643 953 4711 augustis·
978 4637 1146 4707 ὁᾶληθινός
1168 4638 1248 4707 θεός,
1272 4638 1313 4693 ita
1331 4638 1386 4692 ‘rit
1408 4641 1433 4705 2,
1452 4655 1476 4692 r.
1500 4643 1537 4693 13.
1560 4646 1676 4694 vocatur
1699 4657 1817 4707 mapnur

119 4725 218 4778 simum
245 4724 416 4792 aedificium,
442 4727 516 4797 quod
543 4728 588 4782 rel
611 4744 644 4783 ex
673 4744 705 4782 eo
735 4726 830 4798 colligi
855 4735 955 4797 potest,
979 4726 1076 4786 Deus,·
1096 4725 1176 4779 Rom.
1197 4731 1222 4788 9,
1237 4742 1264 4781 r.
1283 4732 1307 4780 5.
1328 4726 1408 4777 Deus
1428 4740 1516 4792 νυμον·
1534 4716 1630 4778 omnia
1649 4727 1816 4780 benedictus.

119 4811 193 4883 quod
217 4811 283 4865 solie
308 4812 422 4882 globus,
449 4812 497 4883 qui
522 4818 579 4867 tam
604 4814 721 4886 exiguus
739 4811 819 4866 nobis
836 4810 1020 4901 ridetur,'Ut
1038 4810 1084 4864 bic
1100 4820 1218 4867 vocatur
1235 4811 1296 4865 vita
1313 4815 1435 4874 aeterna,
1454 4809 1570 4866 italob.
1591 4816 1631 4877 11,
1648 4829 1675 4870 v.
1695 4817 1736 4867 25.
1756 4828 1815 4882 cap.

119 4897 270 4952 sexcenties
292 4899 417 4969 sexagies
435 4898 523 4954 sexies
534 4905 626 4954 terrae
643 4899 726 4972 globo
738 4901 826 4968 major
844 4901 895 4963 sit;
915 4901 968 4954 sict
982 4903 1021 4966 11,
1041 4915 1068 4950 v.
1086 4903 1111 4952 6.
1140 4904 1255 4952 vocatur
1281 4897 1343 4967 ipsa
1357 4897 1425 4951 uita.
1462 4895 1526 4953 tol.
1553 4903 1577 4965 5,
1600 4915 1625 4950 ν.
1649 4902 1690 4953 26.
1714 4897 1817 4952 dicitur

119 4986 225 5039 coelum
247 4981 392 5036 beatorum
423 4989 466 5037 eat
496 4984 563 5038 satia
595 4985 704 5056 amplae
732 4985 895 5056 capacitatis
921 4972 1081 5040 infitiatus
1097 4984 1185 5038 uitam
1202 4985 1232 5036 in
1248 5001 1278 5038 ee
1294 4985 1367 5053 ipro,
1384 4983 1457 5036 aaut
1476 4984 1566 5036 Pater
1583 4984 1664 5038 labet
1681 4984 1768 5037 eitam
1786 4987 1816 5037 in

118 5069 220 5124 multae
244 5067 329 5123 babet
351 5071 510 5123 memnones
537 5069 602 5126 lob
623 5076 664 5136 14,
686 5090 713 5129 v.
734 5076 757 5128 2.
796 5078 819 5126 l.
839 5048 1010 5143 l'ropterire
1026 5072 1097 5140 ipro.
1117 5078 1141 5127 t.
1159 5070 1399 5124 Adversariorum
1417 5070 1620 5137 terpioersatio.
1656 5069 1816 5125 Photinieni

117 5155 500 5224 animumanimumum,
524 5161 556 5210 ut
572 5156 645 5211 enim
658 5158 846 5212 coaluminter
860 5175 956 5213 omnes
980 5175 1036 5212 non
1065 5167 1182 5227 possunt
1210 5157 1365 5212 evidentem
1392 5156 1514 5228 aliquam
1541 5155 1675 5210 rationem
1708 5155 1817 5220 afferre,

119 5246 261 5297 creaturas
279 5257 424 5313 corporeas
448 5241 612 5297 inanimatas
635 5249 678 5297 est
703 5243 903 5298 nobilissimum
922 5261 955 5299 ac
980 5250 1194 5315 propterquam
1215 5244 1360 5299 relativum
1378 5237 1460 5305 οὗτος
1483 5241 1571 5297 nolint
1591 5241 1628 5295 ad
1651 5242 1751 5296 Filium
1774 5259 1815 5297 re·

118 5326 362 5398 perfectissimum,
390 5328 430 5382 sic
454 5328 532 5383 locus
551 5328 693 5384 beatorum
711 5335 753 5384 eat
770 5330 954 5384 nobilissimus
980 5330 1060 5385 serre.
1078 5330 1197 5394 Quidam
1218 5329 1272 5384 hoc
1286 5334 1395 5401 urgent,
1415 5332 1493 5396 quod
1511 5329 1573 5382 aliu
1591 5346 1699 5398 praeque
1715 5346 1815 5399 stippe-

119 5420 147 5470 et
171 5413 399 5484 perfectissimus.
436 5414 611 5470 considerari
641 5415 725 5468 etium
754 5421 847 5484 potest
875 5415 955 5482 illud,
980 5425 1041 5471 tant
1059 5417 1200 5485 eaemplo,
1223 5419 1254 5470 in
1272 5417 1372 5485 orsitus
1391 5415 1539 5469 relatiuam
1559 5432 1615 5468 non
1634 5417 1675 5468 od
1687 5417 1816 5483 proxime

119 5500 192 5572 quod
218 5500 294 5555 Deus
321 5501 422 5555 dicitur
447 5504 477 5556 in
503 5501 588 5557 coelis
614 5501 755 5565 latiare,
782 5501 848 5573 quia
876 5519 954 5557 suam
977 5505 1162 5572 mascedens,
1180 5505 1233 5556 sed
1251 5504 1293 5556 ad
1311 5502 1442 5556 remotius
1460 5502 1497 5555 sit
1512 5503 1705 5570 referendum,
1721 5503 1816 5558 Actor.

1554 5591 1608 5622 1th
