4050 6014
276 301 304 354 X
837 299 891 355 JO.
911 297 1014 353 melu.
1031 294 1183 352 coma
1203 295 1422 353 PRAEFATIO

405 454 457 519 Ex
485 477 523 519 eo
554 476 683 539 quoque
705 453 809 538 capite
832 450 1020 518 Gerbardus
1042 450 1212 536 insigniter
1240 442 1280 516 de
1309 450 1471 515 academia
1491 450 1625 517 Jenensi
1645 451 1778 516 meritus
1801 462 1862 534 est,
1891 449 1979 534 quod

277 580 335 622 sua
362 579 459 642 opera
495 558 626 639 suisque
653 555 801 641 precibus
831 555 956 630 effecit,
985 565 1020 617 ut
1043 554 1169 617 dotibus
1190 575 1255 616 non
1274 554 1514 618 contemnendis
1537 564 1717 639 augeretur.
1760 552 1872 632 Quum
1893 555 1979 617 enim

278 660 467 724 baronatum
490 661 633 724 Rembda
663 670 694 722 et
723 679 828 722 arcem
848 659 975 743 Apolda
1000 657 1064 720 duo
1094 655 1191 719 feuda
1218 667 1328 740 aperta
1357 676 1425 718 esse
1452 654 1676 731 intellexisset,
1706 654 1977 719 serenissimorum

277 761 474 847 Principum,
495 761 630 825 Joannis
646 758 791 845 Philippi
812 768 845 823 et
860 760 904 824 W
908 757 1037 840 ilhelmi,
1060 757 1201 821 animum
1217 757 1384 842 permovit,
1407 770 1442 823 ut
1466 757 1545 822 haec
1570 758 1702 843 praedia
1736 780 1809 822 cum
1831 756 1979 821 omnibus

278 864 387 949 pagis,
421 862 577 928 reditibus
611 884 649 926 ac
680 861 888 948 proventibus
923 860 1037 924 annuis
1069 858 1251 923 academiae
1280 857 1417 924 Salanae
1453 858 1521 923 iure
1559 859 1749 923 hereditario
1785 858 1980 944 possidenda

267 965 485 1031 traderentur.
529 966 577 1030 Ut
606 977 731 1050 gratum
762 962 833 1026 ideo
860 962 1001 1026 animum
1032 960 1195 1025 academia
1222 982 1298 1046 erga
1329 960 1549 1044 Gerbardum,
1581 961 1676 1026 huius
1704 960 1886 1026 donationis
1915 959 1978 1045 ipsi

277 1069 380 1132 factae
403 1078 622 1151 proxenetam,
645 1077 830 1148 testaretur,
858 1077 1047 1151 perpetuum
1071 1086 1180 1129 eorum
1213 1063 1416 1147 praediorum
1440 1063 1637 1149 provisorem
1665 1063 1755 1128 illum
1777 1085 1860 1128 anno
1885 1065 1978 1128 1634.

280 1169 451 1234 constituit.
497 1167 663 1233 Persuasit
692 1188 821 1250 quoque
847 1165 1031 1230 Gerbardus
1063 1165 1181 1230 loanni
1206 1164 1379 1249 Casimiro,
1413 1165 1534 1250 optimo
1569 1166 1724 1253 principi,
1753 1188 1849 1250 quern
1881 1187 1979 1250 supra

279 1270 341 1333 iam
373 1269 588 1351 laudavimus,
618 1291 760 1333 necnon
785 1268 1067 1333 reverendissimae
1090 1281 1185 1350 atque
1208 1265 1438 1330 illustrissimae
1451 1267 1646 1332 Abbatissae
1670 1266 1977 1352 Quedlinburgensi,

278 1371 463 1436 Dorotheae
489 1370 645 1457 Sophiae,
677 1382 713 1434 ut
735 1371 916 1434 academiae
938 1370 1073 1436 elenensi
1100 1371 1206 1455 legata
1226 1368 1320 1434 valde
1341 1367 1493 1432 munifica
1515 1368 1727 1455 designarent.
1772 1371 1812 1434 Et
1835 1371 1907 1453 quis
1928 1369 1978 1434 vel

279 1474 363 1538 bona
384 1473 500 1547 omnia,
524 1495 605 1557 quae
630 1496 649 1536 a
665 1471 835 1536 Gerbardo
854 1483 964 1537 nostro
986 1471 1018 1534 in
1037 1472 1119 1535 hane
1134 1471 1328 1534 academiam
1347 1471 1491 1555 profecta
1509 1482 1591 1554 sunt,
1614 1484 1795 1555 enumeret,
1815 1470 1866 1535 vel
1880 1494 1978 1556 quam

277 1574 412 1639 sollicite
439 1577 524 1641 mala
552 1585 583 1640 et
612 1575 769 1662 pericula,
797 1597 879 1658 quae
908 1574 941 1638 in
970 1572 1056 1638 bello
1086 1572 1264 1638 tristissimo
1284 1572 1451 1636 tricennali
1472 1572 1599 1658 saepius
1620 1573 1846 1655 imminebant,
1876 1575 1916 1639 ab
1940 1597 1978 1638 ea

278 1699 485 1743 averruncare
515 1677 645 1741 annisus
674 1677 731 1759 sit,
759 1677 837 1741 satis
864 1676 961 1761 digne
991 1676 1218 1763 depraedicet?
1262 1673 1440 1738 Audiamus
1468 1685 1592 1739 tantum
1613 1676 1665 1739 Jo.
1686 1675 1879 1740 Michaelem
1905 1674 1979 1740 Dil-

279 1781 423 1861 herrum,
455 1779 511 1863 qui
533 1780 646 1843 merita
668 1778 828 1843 Gerbardi
865 1779 899 1842 in
928 1778 1123 1842 academiam
1151 1776 1326 1842 Jenensem
1348 1777 1465 1841 collata
1498 1776 1584 1841 hisce
1608 1778 1712 1843 verbis
1736 1777 1896 1842 edisserit:
1941 1780 1979 1842 si

279 1884 346 1968 qais
368 1883 546 1946 imminebat
567 1883 726 1958 interitus,
748 1882 859 1945 vindere
881 1895 945 1944 erat
974 1879 1166 1946 Gerbardus.
1215 1880 1254 1944 Si
1274 1881 1341 1965 quia
1363 1881 1527 1945 timebatur
1548 1883 1643 1960 ictus,
1667 1894 1785 1946 acutum
1805 1894 1872 1945 erat
1896 1879 1977 1946 Ger·

277 1986 403 2050 hardas.
455 1985 495 2048 St
524 2008 586 2069 qao
614 1984 776 2068 inprerebat
805 1994 984 2067 tempestae,
1015 1996 1123 2047 tectam
1152 1993 1219 2047 erat
1242 1980 1433 2047 Gerbardus.
1476 1983 1515 2047 Si
1543 1985 1611 2068 qaia
1626 1984 1767 2048 innabat
1787 1985 1903 2067 imber,
1931 1984 1979 2048 eol

279 2099 346 2150 erat
370 2084 602 2168 Gerbardua*).
950 2153 952 2156 ,

405 2189 475 2250 Iam
505 2208 580 2250 vero
602 2186 659 2250 ubi
682 2185 722 2251 de
744 2185 868 2251 meritis
889 2185 1049 2250 Gerbardi
1072 2185 1172 2250 nostri
1194 2186 1290 2249 verba
1312 2185 1454 2268 fecimus,
1483 2185 1568 2249 haud
1590 2186 1885 2270 praetermittendas
1906 2210 1976 2252 esse

276 2309 442 2352 censemus
472 2285 661 2372 legationes,
694 2308 773 2370 quas
802 2287 829 2351 is
859 2286 1043 2351 academiae
1072 2287 1199 2352 nomine
1228 2287 1358 2352 diversis
1377 2287 1573 2374 temporibus
1595 2287 1836 2355 administravit.
1880 2290 1976 2354 Anno

278 2391 369 2456 1633.
391 2413 410 2453 a
433 2404 546 2453 senatu
575 2388 757 2453 academico
784 2390 948 2454 Vinam'em
972 2389 1034 2452 fuit
1064 2388 1246 2474 ablegatus,
1268 2390 1389 2475 nuptiis
1412 2388 1555 2466 Alberti,
1577 2389 1679 2454 Ducis
1701 2391 1875 2476 Senoniae,
1905 2415 1978 2456 cum

276 2490 458 2575 Dorothea,
480 2490 634 2555 Frideriei
656 2490 812 2556 Guilelmi
840 2493 865 2557 Ι.
888 2491 970 2575 filia,
989 2490 1169 2555 academiae
1192 2491 1320 2556 nomine
1343 2491 1561 2559 interfuturus.
1605 2491 1729 2557 Eodem
1751 2515 1834 2558 anno
1858 2493 1977 2558 ibidem

277 2593 438 2677 exsequiis
462 2592 599 2657 Gustavi
620 2592 773 2678 Adelphi,
795 2592 971 2660 Suecorum
994 2592 1104 2677 Regis,
1126 2605 1278 2676 tanquam
1299 2593 1424 2679 legatus
1446 2595 1663 2659 universitatis
1685 2595 1837 2660 interfuit.
1881 2599 1976 2661 Anno

276 2696 482 2779 subsequenti
522 2696 575 2760 die
605 2699 656 2764 24.
680 2697 787 2773 Mart,
814 2719 878 2780 quo
908 2696 991 2760 iusta
1022 2695 1170 2759 funebria
1199 2693 1372 2761 celsissimo
1396 2696 1539 2782 Principi
1568 2697 1686 2762 Joanni
1713 2696 1888 2773 casimiro,
1924 2698 1977 2762 eui

277 2799 317 2862 27
342 2820 443 2863 annos
466 2796 552 2861 omni
574 2798 637 2862 fide
659 2797 845 2862 inservierat
867 2796 1069 2881 Gerbardus,
1100 2797 1314 2882 solverentur,
1346 2821 1453 2863 rursus
1474 2798 1604 2862 nomine
1624 2797 1755 2884 publico
1777 2799 1818 2863 ad
1844 2822 1881 2864 ea
1903 2823 1976 2882 per-

277 2900 405 2985 agenda
427 2899 542 2965 missus
564 2911 612 2964 est
631 2900 750 2964 Noster
771 2901 950 2984 denamque
971 2921 1115 2964 reversus
1139 2899 1260 2985 optimo
1279 2900 1417 2986 principi
1439 2901 1625 2987 parentavit.

404 3001 473 3087 Ipsi
503 3002 599 3066 etiam
621 3002 789 3087 Principes
811 3024 883 3066 eum
907 3002 947 3066 ad
968 3000 1144 3086 legationes
1165 2999 1334 3065 nonnullas
1370 3004 1514 3088 ipsorum
1545 3004 1674 3068 nomine
1705 3003 1973 3068 administrandas

277 3103 429 3168 idoneum
451 3103 641 3170 iudicarunt.
686 3105 737 3169 Ita
758 3127 778 3168 a
798 3103 899 3168 lineae
913 3104 1111 3170 Vinariensis
1120 3102 1326 3189 Principibus
1345 3127 1430 3169 anno
1455 3107 1545 3170 1627.
1568 3105 1684 3169 missus
1713 3105 1821 3169 estad
1844 3106 1974 3169 fratrom

275 3206 435 3271 Joannem
455 3205 667 3288 Fridericum,
701 3206 756 3290 qui
778 3229 798 3270 a
820 3204 917 3270 Tillio
939 3206 979 3269 ad
1002 3205 1148 3269 Mindam
1170 3218 1282 3288 eaptus
1305 3203 1507 3271 Oldenslebii
1525 3206 1558 3270 in
1582 3207 1726 3272 custodia
1742 3208 1976 3288 asservabatur,

278 3321 312 3371 ut
342 3308 383 3371 de
411 3308 506 3372 certis
538 3309 730 3392 quibusdam
760 3309 856 3373 rebus
888 3330 961 3372 eum
982 3306 1037 3371 illo
1058 3307 1300 3391 colloqueretur.
1345 3307 1470 3371 Eodem
1492 3332 1575 3373 anno
1599 3308 1687 3374 iussu
1710 3310 1870 3396 Principis
1892 3308 1976 3372 Wil-

275 3408 369 3473 helmi
395 3410 548 3475 Weidam
564 3410 773 3477 Variscorum
794 3410 835 3473 ad
855 3408 1036 3473 Electorem
1057 3407 1216 3473 Senoniae
1237 3408 1296 3472 fuit
1320 3407 1498 3495 ablegatus,
1521 3434 1541 3473 a
1562 3434 1626 3496 quo
1646 3424 1678 3475 et
1698 3433 1853 3495 perquam
1874 3410 1974 3475 hono-

275 3511 362 3576 rifice
385 3512 522 3593 habitus,
544 3526 575 3576 et
598 3524 711 3595 torque
734 3535 841 3587 aureo,
864 3535 904 3576 ex
926 3533 989 3594 quo
1012 3511 1135 3597 effigies
1156 3511 1224 3574 eius
1246 3510 1407 3596 dependit,
1432 3525 1561 3577 ornatus
1583 3513 1685 3578 rediit.
1722 3514 1769 3578 Ut
1790 3511 1867 3576 alias
1890 3512 1976 3576 eius-

275 3613 363 3678 modi
385 3612 562 3698 legationes
587 3615 748 3679 brevitatis
770 3614 876 3679 studio
899 3613 984 3678 haud
1004 3635 1223 3677 memoremus.
1535 3630 1536 3633 ’

403 3713 487 3778 lllud
509 3738 587 3781 vero
610 3716 736 3780 silentio
757 3717 930 3803 praeterire
951 3715 1037 3778 haud
1058 3737 1246 3800 possumus,
1268 3715 1372 3778 varios
1395 3715 1617 3801 theologorum
1640 3728 1814 3781 conventus
1839 3738 1887 3800 eo,
1910 3740 1973 3803 quo

253 3814 463 3880 'Gerbardus
484 3817 608 3900 floruit,
635 3841 713 3884 aevo
741 3819 838 3882 fuisse
869 3819 1011 3903 habitos,
1041 3817 1074 3880 in
1103 3818 1218 3901 quibus
1241 3817 1308 3903 ipse
1331 3818 1521 3903 praecipuas
1543 3817 1698 3904 quasdam
1721 3830 1826 3902 partes
1849 3841 1975 3904 semper

274 3917 438 3984 habuerat.
481 3917 577 3982 Anno
601 3921 693 3985 1621.
716 3920 859 3983 interfuit
881 3919 1050 3984 conventui
1062 3920 1198 4003 Jenenei,
1219 3920 1252 3983 in
1274 3942 1338 4003 quo
1360 3919 1523 4004 sigillatim
1546 3920 1585 3984 de
1608 3918 1853 4005 comprimendis
1876 3943 1973 3985 cona-

274 4019 358 4084 tibus
381 4018 518 4106 Georgii
541 4018 661 4085 Calixti
683 4032 714 4084 et
730 4019 871 4085 Cornelii
889 4020 1028 4096 Martini,
1050 4024 1266 4106 professorum
1281 4019 1594 4098 Helmstadiensium,
1614 4021 1670 4106 qui
1693 4020 1725 4084 in
1747 4022 1973 4087 heterodoxiae

273 4122 486 4208 suspicionem
514 4123 699 4200 veniebant,
727 4145 874 4187 necnon
896 4123 935 4186 de
957 4123 1173 4187 continuanda
1196 4125 1373 4189 Hannonia
1398 4124 1762 4208 clematio-Lysonem
1789 4124 1973 4211 cumprimis

273 4238 379 4289 actum
402 4224 473 4292 fuit.
519 4224 615 4288 Anno
640 4227 733 4290 1624.
756 4224 789 4288 in
810 4236 966 4288 conventu
986 4224 1147 4310 Lipsienei
1166 4225 1343 4310 comparuit
1363 4225 1490 4303 Noster,
1511 4225 1567 4289 ubi
1586 4226 1803 4290 controversia
1824 4227 1865 4290 de
1888 4238 1972 4290 statu

276 4325 501 4391 exinanitionis
522 4324 652 4410 Christi,
675 4327 758 4392 inter
779 4325 946 4411 theologos
962 4327 1186 4413 Tubingenses
1205 4349 1242 4391 ac
1259 4325 1447 4392 Giessenses
1470 4326 1601 4412 agitata,
1622 4329 1682 4391 sub
1704 4350 1837 4392 examen
1859 4341 1973 4393 vocata

273 4428 343 4492 fuit.
387 4427 487 4491 Anno
518 4430 610 4495 1628.
639 4428 720 4492 alius
743 4430 873 4513 Lipsiae
904 4428 1084 4493 celebratus
1117 4437 1166 4493 est
1186 4439 1375 4507 conventus,
1409 4429 1442 4492 in
1467 4450 1531 4512 quo
1562 4440 1688 4513 praeter
1716 4428 1797 4494 alios
1826 4428 1970 4493 doctores

277 4528 444 4614 theologos
474 4529 662 4596 Gerbardus
678 4552 806 4617 quoque
827 4545 953 4616 praesto
975 4530 1043 4599 fuit.
1075 4531 1161 4594 lnter
1183 4529 1298 4594 multas
1314 4530 1392 4594 alias
1408 4529 1653 4595 deliberationes
1671 4531 1822 4598 ecelesiae
1837 4553 1972 4615 evange·

274 4630 356 4695 lieae
396 4628 532 4695 salutern
571 4645 797 4698 concernentes
829 4633 1000 4718 praecipua
1031 4634 1092 4697 fuit
1120 4632 1191 4708 illa,
1226 4632 1386 4715 quamde
1416 4633 1632 4697 controversia
1662 4632 1972 4715 Rothmanniana**)

374 4868 400 4932 *)
419 4867 452 4921 In
469 4868 649 4921 Laudatione
659 4870 778 4936 faenebr.
796 4887 829 4938 p.
850 4873 914 4923 102.

373 4953 413 5016 ”J
432 4952 510 5008 Haec
528 4953 716 5007 controversia
736 4955 772 5009 ab
789 4952 950 5008 Hermanno
968 4951 1154 5021 Rathmanno,
1173 4954 1250 5009 verbi
1272 4954 1357 5008 divini
1377 4953 1453 5025 apud
1471 4953 1653 5011 Gedanenses
1670 4953 1803 5019 ministro,
1823 4954 1883 5008 viro
1901 4954 1971 5009 alias

271 5040 354 5096 dacto
371 5055 405 5094 ae
422 5039 485 5110 pio,
509 5039 631 5093 excitata
654 5056 810 5111 nomenque
836 5046 919 5095 nacta
944 5046 993 5094 est.
1037 5039 1142 5095 Statuit
1161 5040 1192 5105 is,
1216 5041 1244 5110 1)
1262 5041 1344 5094 aerbo
1365 5041 1461 5094 divino
1482 5058 1539 5095 non
1563 5041 1652 5095 inerte
1676 5041 1733 5093 aim
1757 5042 1902 5110 mandam
1928 5048 1970 5093 at·

272 5143 324 5195 qne
359 5128 519 5195 efficaciam
557 5125 682 5180 domines
713 5127 901 5180 illuminandi
932 5135 1017 5195 atque
1041 5128 1232 5194 convertendi,
1272 5128 1323 5180 sed
1351 5126 1400 5178 itti
1424 5127 1562 5181 duntaxat
1583 5128 1684 5180 adesse
1713 5143 1761 5180 eeu
1788 5128 1970 5194 comittere,-

271 5212 301 5279 2)
334 5213 501 5266 mutationes
530 5212 678 5275 salutaret,
713 5229 784 5280 quae
815 5229 887 5283 apae
917 5212 1106 5266 conversionis
1138 5213 1350 5278 constituerent,
1380 5226 1437 5264 non
1471 5229 1565 5268 omnes
1593 5211 1673 5277 effici
1694 5212 1886 5281 perverbum,
1919 5214 1972 5264 aed

271 5297 424 5351 nonnullae
437 5315 455 5351 a
470 5298 581 5367 Spiritu
593 5307 690 5353 sancto
705 5299 875 5366 immediate,
893 5306 957 5351 ante
975 5299 1165 5367 operationem
1178 5298 1263 5365 verbe,
1290 5303 1340 5348 oet
1356 5314 1417 5350 eam
1430 5298 1484 5352 itta
1502 5306 1529 5353 et
1543 5298 1623 5353 faeta
1638 5296 1729 5365 ittam,
1747 5298 1953 5352 collateraliter
1958 5317 1969 5362 ,-

270 5383 313 5436 ita
330 5383 426 5437 etalii
437 5385 551 5454 effeetm
569 5404 587 5439 a
604 5385 697 5452 aerbo,
724 5384 779 5436 atii
795 5400 860 5437 oero
880 5402 898 5437 a
915 5384 1026 5454 Spiritu
1041 5384 1071 5437 S.
1090 5382 1248 5438 immediate
1261 5384 1465 5452 dependant,-
1485 5387 1515 5451 .'t)
1534 5382 1590 5437 aim
1605 5381 1688 5436 iatam
1705 5383 1832 5436 divimm
1845 5382 1970 5436 leminea

273 5468 458 5524 illuminandi
475 5479 558 5538 atque
576 5469 757 5524 convertendi
774 5471 873 5524 adeaee
894 5470 1007 5539 quidem
1024 5470 1106 5523 verim
1124 5469 1221 5522 divino
1239 5468 1269 5520 in
1287 5486 1353 5540 aaa,
1377 5472 1430 5524 aed
1449 5487 1504 5524 non
1522 5474 1587 5522 ante
1607 5475 1633 5521 te
1655 5475 1736 5521 entra
1754 5485 1843 5524 usum.
1878 5469 1970 5521 Hasce
