4050 6014
191 184 251 248 306
836 173 1081 240 ,ΤΒΑΟΤΑΤΠΒ
1099 178 1247 240 SEXTUS

190 337 219 389 in
238 334 345 390 animas
362 342 390 389 et
403 351 519 405 corpora
532 335 653 406 ipsorum
670 336 846 401 redundabit,
864 354 936 407 quae
950 355 1022 392 sum·
1052 355 1113 390 urm
1131 339 1210 391 nolu
1227 340 1322 404 fatuari
1342 341 1431 393 seculi
1452 337 1632 409 splendorem
1657 335 1793 406 exhibuit,
1819 335 1887 408 quio

164 418 263 475 'mam
283 422 397 493 gloriam
423 428 451 475 et
477 422 610 476 laetitiam
634 422 701 490 ipsis
720 423 850 480 conferet.
891 425 930 479 Ut
951 424 1123 492 enimfuit,
1152 427 1230 494 quod
1252 434 1316 479 tunc
1344 426 1494 495 apparuit,
1524 427 1721 495 attemperatio
1747 427 1887 493 quaedam

190 510 252 563 luce
280 509 348 562 nihil
372 509 482 578 purius,
509 509 578 562 nihil
604 510 719 575 clarius,
746 508 815 563 nihil
843 510 1024 580 splendidius,
1048 521 1207 581 prosapta
1227 520 1339 580 reostro,
1369 512 1530 580 neutiquam
1551 518 1687 565 accurata
1708 512 1753 564 rei
1772 514 1887 564 demon-

191 596 279 649 oculis
309 595 379 649 nihil
408 595 528 666 gratim,
560 596 600 650 sic
631 613 776 666 corporum
808 595 1023 667 glorificatorum
1051 599 1167 662 stratio,
1191 601 1268 665 quod
1285 617 1303 651 o
1322 600 1412 651 uerbis
1431 599 1616 667 eoanqelistae
1634 599 1819 662 manifestum
1839 605 1887 650 cst.

190 683 303 736 claritas
315 683 368 736 erit
380 682 534 751 purissima,
551 683 783 752 splendidissima,
802 683 1023 752 exoptatissima:
1054 681 1212 750 splenduit,
1228 683 1327 754 inquit,
1340 684 1468 739 sicutsol.
1491 683 1617 737 Ceterum
1627 683 1887 754 incorruptibilium

189 769 237 822 sed
256 775 284 821 et
304 768 397 822 amicti
417 775 498 822 erunt
517 768 593 823 beati
607 770 776 822 uestimentis
789 770 870 833 albis,
888 785 938 838 per
953 786 1025 838 quae
1052 783 1200 838 corporum
1220 769 1315 837 qloria
1339 788 1395 823 non
1415 778 1522 823 tantam
1544 771 1633 823 liccem
1653 769 1781 836 demittit,
1800 787 1888 838 muan-

190 871 297 908 summa
321 855 443 924 ipsorum
470 856 576 926 puritas
601 855 755 923 denotatur,
779 856 868 925 Apoc.
889 861 912 922 3,
940 871 964 909 v.
986 859 1024 909 18.
1051 861 1109 905 tam
1128 855 1204 907 illud
1221 857 1401 924 corruptibile
1419 874 1530 925 corpus,
1548 873 1636 925 neque
1651 856 1735 910 talem
1748 856 1891 924 ejusmodi

189 958 248 1010 cap.
272 949 296 1006 l,
316 960 341 994 v.
364 948 402 997 13.
421 948 472 997 etc.
511 941 609 1013 Neque
638 948 730 995 tamen
756 941 867 995 diversa
891 942 944 994 erit
968 958 1023 994 cor·
1052 941 1129 992 oculi
1147 942 1281 994 mortales
1303 959 1402 1011 capere
1423 943 1579 1006 sufficiunt.
1619 943 1668 994 Ad
1685 942 1757 994 hanc
1776 942 1888 1009 quidem

189 1045 286 1097 pormn
305 1033 460 1081 nostrorum
481 1028 650 1095 substantia,
674 1029 721 1082 sed
743 1028 878 1081 duntaxat
896 1027 1024 1096 qualitas,
1051 1026 1183 1079 amionem
1204 1026 1281 1080 oculi
1294 1027 1476 1095 requiruntur
1492 1027 1720 1095 incorruptibiles
1738 1034 1764 1080 et
1776 1028 1889 1080 immor·

189 1113 262 1167 sicut
281 1113 363 1167 etiam
394 1115 428 1169 de
446 1114 548 1168 Christi
576 1131 692 1182 corpore
718 1114 845 1167 diximus.
887 1120 911 1173 ll
932 1114 1023 1168 Collo·
1052 1113 1137 1178 tales,
1160 1130 1253 1166 uerum
1279 1112 1309 1164 in
1334 1120 1423 1165 monte
1446 1121 1503 1165 tum
1523 1114 1658 1183 apparuit
1679 1120 1787 1166 tantum
1807 1114 1890 1182 leucis,

189 1208 305 1254 catores.
325 1200 524 1269 Apparuerunt
538 1200 592 1252 illis
600 1200 712 1270 Moyses
721 1200 831 1254 etElias
842 1217 903 1253 cum
915 1198 1025 1252 Christo
1053 1205 1186 1265 quantum
1212 1198 1292 1261 ferre
1307 1206 1462 1266 potuerunt
1481 1199 1556 1251 eitra
1582 1199 1733 1252 laesionem
1754 1200 1832 1251 aciei
1848 1207 1888 1252 at·

188 1287 333 1357 loquentes
353 1285 387 1340 dc
401 1286 485 1350 exitu,
505 1303 589 1356 quem
607 1287 796 1355 completurus
818 1292 876 1340 erat
895 1285 1024 1339 Hieroso·
1052 1300 1105 1351 que
1128 1284 1314 1353 afflictionem
1339 1285 1483 1338 oculorum
1504 1286 1693 1338 contuentium
1711 1286 1888 1342 inilludetc.

189 1373 279 1442 lymia.
316 1372 362 1425 Exv
381 1373 458 1426 coelo
476 1372 560 1425 Pater
584 1371 710 1426 coelestis
728 1371 844 1424 adducit
862 1371 980 1441 Moysen
997 1380 1025 1424 et
1052 1369 1205 1440 Gregorius
1223 1370 1270 1423 lib.
1291 1375 1331 1425 32.
1352 1371 1447 1424 moral.
1464 1387 1525 1440 cap.
1544 1377 1573 1425 5:
1597 1371 1633 1423 Iu
1661 1371 1714 1423 hac
1736 1374 1888 1441 transfiqn·

187 1457 287 1524 Elium,
298 1459 421 1528 insignes
431 1458 720 1513 VeterisTestamenti
731 1458 889 1527 prophetas,
898 1456 1024 1512 Christus
1051 1457 1162 1509 ratione
1189 1457 1260 1524 quid
1287 1456 1373 1510 aliud
1404 1474 1487 1525 quam
1519 1458 1737 1511 resurrectionis
1769 1459 1889 1512 ultimae

188 1562 222 1599 ex
233 1545 277 1599 his
289 1546 369 1599 terris
384 1545 412 1597 in
427 1551 546 1599 montem
566 1544 645 1598 illum
664 1560 756 1598 seeum
773 1544 887 1598 adducit
901 1543 1023 1612 Petrum,
1051 1542 1144 1611 ploriu
1168 1542 1337 1595 nuntiatur?
1371 1543 1408 1595 In
1429 1551 1520 1596 monle
1546 1542 1620 1597 enim
1646 1545 1810 1596 uestimenta
1828 1545 1889 1613 ejus

187 1631 324 1687 iacobum
347 1638 375 1686 et
395 1630 557 1686 iohannem.
593 1629 671 1684 Haec
696 1628 751 1682 fuit
773 1630 971 1700 augustissima
996 1638 1025 1683 et
1050 1630 1124 1681 sicut
1146 1629 1196 1682 nia
1220 1630 1301 1693 facta
1326 1637 1403 1696 sunt,
1431 1629 1499 1697 quio
1525 1630 1554 1682 in
1580 1645 1721 1699 supernae
1746 1631 1889 1684 claritatis

188 1719 362 1772 sanctissima
379 1719 507 1784 societas,
528 1716 618 1787 qualis
630 1716 713 1770 etiam
729 1716 781 1769 erit
794 1716 821 1769 in
832 1716 889 1769 vita
902 1722 1023 1784 aeterna,
1050 1716 1170 1768 culmine
1196 1716 1290 1769 sancti
1314 1732 1408 1767 omnes
1433 1715 1481 1767 illi
1506 1716 1569 1769 luce
1588 1717 1722 1784 justitiae
1741 1717 1890 1785 sulqentes

177 1806 215 1858 ‚in
241 1822 298 1874 qua
322 1806 475 1858 videbimus
494 1806 585 1856 Deum
607 1822 624 1855 a
643 1804 722 1867 facie
747 1804 924 1872 adfaciem,
947 1803 1021 1855 ride·
1049 1802 1249 1855 adhaerebunt.
1287 1800 1366 1855 Beda
1384 1800 1478 1855 homil.
1497 1801 1532 1855 da
1550 1800 1688 1871 transfige
1712 1802 1820 1855 Octauo
1842 1805 1889 1857 die

187 1891 279 1945 bimus
299 1890 454 1953 Christum,
478 1888 633 1943 videbimus
651 1888 839 1959 patriarchas,
864 1888 1022 1957 prophetas,
1051 1888 1192 1941 Dominus
1210 1888 1386 1956 promissam
1405 1889 1529 1957 suturae
1557 1889 1739 1941 beatitudinis
1765 1889 1890 1957 ebriam

188 1977 327 2048 apostolos
335 1986 363 2032 et
373 1982 462 2029 totum
474 1976 623 2029 electorum
637 1972 760 2030 chorum.
777 1973 888 2043 Moyses
904 1982 932 2027 et
946 1974 1022 2027 Elias
1050 1974 1200 2042 discipulis
1227 1974 1403 2038 manifestat,
1431 1982 1461 2026 ut
1484 1981 1510 2026 ct
1534 1982 1645 2026 ostensa
1667 1975 1794 2028 coelestis
1816 1975 1890 2029 citos

188 2064 319 2118 dicuntur
335 2062 495 2134 apparuisse
509 2062 539 2116 in
554 2059 634 2133 δόξῃς
654 2076 722 2130 ergo
743 2058 824 2113 electi
844 2061 927 2114 etiam
942 2068 1023 2113 erunt
1050 2059 1201 2112 dulcedine
1214 2067 1385 2125 cunctorum,
1403 2060 1453 2127 qui
1464 2059 1532 2112 haec
1542 2061 1645 2112 audire
1655 2061 1778 2129 possint,
1796 2063 1891 2114 corda

188 2150 337 2221 participes
349 2149 483 2202 claritatis
498 2164 530 2200 er
544 2163 657 2215 corpore
670 2146 772 2202 Christi
783 2145 955 2216 refulgentis,
974 2146 1023 2200 sed
1051 2146 1179 2209 refoveat
1203 2153 1229 2197 et
1253 2146 1399 2199 octonorio
1425 2146 1535 2198 dierum
1558 2163 1674 2199 numero
1699 2163 1795 2199 oerum
1822 2154 1890 2200 tem·

188 2254 249 2290 cum
268 2236 370 2306 insigni
387 2234 553 2287 discrimine.
573 2232 668 2286 Facies
685 2231 785 2286 Christi
805 2232 933 2302 splendet
952 2232 1023 2285 sicut
1046 2248 1121 2298 pore
1139 2233 1355 2285 resurrectionis
1379 2232 1515 2299 qaudmm
1543 2234 1643 2285 doceat
1662 2249 1721 2285 esse
1739 2241 1890 2287 venturum

187 2322 237 2386 sol,
258 2321 305 2392 qui
327 2328 369 2374 est
387 2337 433 2372 rex
454 2326 481 2372 et
502 2318 557 2371 dux
577 2318 745 2388 reliquorum
761 2317 881 2372 sidorum
898 2326 925 2372 et
943 2319 1022 2388 cujus
1051 2323 1102 2371 etc.
1141 2319 1176 2371 In
1197 2325 1314 2372 montem
1335 2321 1592 2387 transfiguraturus
1614 2319 1656 2371 sic
1675 2321 1841 2385 adscendit,
1859 2329 1890 2374 ut

188 2407 320 2479 splendor
333 2411 446 2476 superat
455 2421 550 2458 ornnes
569 2403 678 2473 stellas3
698 2403 737 2456 sic
755 2404 845 2474 gloria
865 2413 892 2457 et
911 2404 1023 2457 claritas
1051 2407 1189 2467 ostendat,
1209 2421 1264 2468 eos,
1285 2406 1335 2474 qai
1347 2406 1472 2464 fructum
1489 2405 1704 2458 resurrectionis
1718 2415 1889 2477 suspectant,

188 2492 292 2547 Christi
317 2497 360 2545 est
386 2491 469 2560 plane
495 2493 647 2565 ἐξαίρετος,
674 2491 704 2542 in
729 2491 793 2559 ipso
818 2492 890 2544 enim
914 2491 1023 2543 habitat
1051 2490 1103 2558 qui
1119 2505 1211 2558 repam
1231 2490 1261 2542 in
1281 2492 1382 2545 decore
1400 2508 1451 2545 suo
1475 2491 1573 2544 uidere
1596 2491 1774 2560 desiderant,
1799 2501 1889 2546 mente

188 2587 247 2632 toto
274 2578 424 2648 plenitudo
450 2577 565 2630 deitatis
583 2581 619 2635 let
642 2577 681 2630 sic
705 2576 787 2630 ctiam
815 2577 924 2630 divinae
944 2576 1023 2630 clari-
1050 2575 1080 2626 in
1100 2576 1216 2629 canelus
1240 2576 1370 2630 habitare
1388 2581 1439 2631 etc,
1483 2576 1650 2630 Vestimenta
1670 2578 1791 2630 Domini
1814 2588 1890 2634 reete

188 2664 255 2719 tatis
273 2663 460 2733 corporaliter
480 2661 584 2716 Coloss.
601 2667 625 2730 2,
646 2679 671 2715 r.
687 2667 711 2721 9.
729 2679 780 2716 nos
797 2663 946 2733 participes
961 2663 1021 2716 red·
1051 2663 1145 2715 sancti
1164 2663 1226 2730 ejus
1244 2663 1438 2730 accipiuntur,
1462 2669 1529 2715 teste
1547 2663 1700 2730 Apostolo,
1726 2664 1777 2732 qui
1799 2665 1889 2719 dicit:

188 2751 286 2806 demur
303 2750 377 2806 illius
397 2749 533 2804 claritatis
552 2750 583 2801 in
608 2756 694 2813 tanto,
719 2767 775 2803 uon
793 2751 822 2802 in
843 2757 907 2804 toto.
945 2748 1024 2803 Sicut
1053 2748 1213 2817 Quicunque
1239 2748 1270 2800 in
1291 2749 1403 2802 Christo
1424 2749 1560 2820 baptisati
1581 2750 1660 2813 estis,
1687 2750 1827 2803 Christum
1845 2751 1889 2804 in·

188 2838 299 2909 Moyses
319 2844 347 2892 et
364 2837 440 2891 Elias
460 2835 655 2906 colloquuntur
672 2851 736 2889 cum
751 2834 863 2890 Christo
883 2838 917 2888 de
940 2837 1023 2904 snitu,
1051 2835 1163 2890 dicistis.
1187 2834 1265 2896 Quos
1283 2835 1414 2888 videlicet
1431 2836 1594 2888 uestimenta
1608 2836 1733 2890 Domino
1752 2837 1783 2890 in
1803 2839 1890 2892 terris

188 2925 217 2980 id
235 2930 278 2981 cst
296 2925 330 2978 de
349 2922 453 2978 Christi
473 2922 602 2993 passione
621 2927 648 2975 et
668 2926 770 2990 morte,
797 2921 884 2976 sicin
903 2922 962 2976 vita
979 2938 1022 2976 ae·
1051 2921 1215 2974 consistente
1234 2922 1365 2990 despecta
1389 2922 1565 2991 aliorumque
1583 2923 1690 2976 similia
1709 2924 1890 2987 uidebantur,

188 3019 269 3067 terna
286 3015 395 3064 mutuos
419 3007 586 3076 eosdemque
603 3006 780 3060 suavissimos
798 3023 937 3062 sermones
956 3024 1023 3062 con·
1050 3007 1102 3059 sed
1113 3006 1176 3075 ipso
1188 3015 1306 3060 montem
1313 3014 1426 3075 petente
1440 3024 1510 3060 noso
1522 3009 1645 3061 candore
1655 3009 1809 3078 resulqent,
1820 3012 1889 3080 quia

189 3096 309 3151 feremus
326 3095 361 3150 de
380 3092 557 3148 redemtionis
576 3109 609 3147 ac
629 3093 727 3147 salutis
744 3093 885 3165 mysterio,
906 3095 980 3164 quod
995 3095 1023 3149 in
1050 3110 1124 3147 nuuc
1141 3094 1252 3161 quidem
1264 3093 1322 3159 filii
1337 3094 1397 3146 Dei
1416 3111 1518 3158 sumus,
1538 3097 1589 3147 sed
1603 3097 1726 3148 nondum
1741 3101 1889 3166 apparuit,

189 3181 242 3236 hac
260 3182 318 3237 rita
335 3198 390 3235 non
411 3197 557 3250 possumus
575 3179 699 3249 perfecte
718 3180 887 3250 intelligere,
913 3180 976 3235 ideo
996 3182 1023 3235 in
1051 3180 1123 3247 quid
1136 3180 1243 3244 ommis,
1263 3179 1365 3232 scimus
1380 3186 1479 3248 aretem,
1494 3181 1561 3247 quia
1575 3197 1636 3233 cum
1649 3183 1828 3252 apparuerit,
1850 3185 1888 3236 si-

189 3268 300 3323 coelesti
329 3266 473 3321 academia
502 3266 553 3319 erit
581 3266 687 3319 aeterni
713 3266 842 3336 colloquii
875 3273 903 3321 et
928 3268 1023 3338 gaudii
1050 3266 1131 3319 nriles
1146 3266 1173 3318 ei
1184 3265 1349 3322 cmmusetc.
1372 3267 1451 3319 Unde
1464 3267 1529 3319 bene
1547 3269 1583 3319 de
1602 3269 1704 3321 eisdem
1718 3271 1886 3323 riestimentis

189 3354 312 3408 materia.
341 3354 368 3421 6)
387 3350 537 3428 ‘Enipeum
557 3353 760 3422 consequentia.
780 3351 917 3422 Discipuli
929 3371 1024 3408 somno
1050 3351 1294 3421 mbditur,qualia
1302 3352 1380 3414 fullo
1393 3354 1793 3420 nonpotestfocerecandida
1802 3374 1890 3424 super
1930 3417 1933 3423 ¹

190 3446 270 3495 erant
295 3438 418 3510 gravati,
446 3454 496 3508 per
519 3455 601 3509 quem
626 3437 775 3492 denotatur
804 3447 898 3493 nostra
915 3456 1023 3496 somno
1051 3446 1165 3491 terram.
1184 3439 1259 3491 Nam
1269 3439 1338 3506 quia
1349 3439 1398 3491 ille
1408 3438 1531 3493 hocloco
1541 3439 1889 3511 intelliqendusestfullo,

189 3527 284 3590 lentis,
310 3525 384 3596 quod
403 3524 520 3596 gloriam
538 3525 613 3581 vitae
631 3532 760 3579 aeternae
778 3541 833 3578 non
853 3526 920 3579 satis
941 3525 1025 3597 digne
1051 3540 1131 3593 quem
1142 3525 1446 3593 poenitenspsalmista
1453 3532 1604 3593 precatur:
1623 3527 1756 3595 Amplius
1768 3529 1888 3582 laoame

190 3612 368 3667 aestimamus
388 3629 422 3665 ae
442 3611 616 3666 meditamur.
635 3610 701 3664 Fuit
718 3609 772 3664 hoc
790 3608 958 3666 infirmitatis
977 3611 1024 3665 hu·
1052 3610 1087 3662 ab
1109 3610 1257 3678 iniquitate
1276 3617 1328 3668 etc.
1349 3628 1403 3664 non
1418 3611 1586 3680 palestensis
1605 3613 1737 3675 fidelibus
1755 3615 1786 3666 in
1810 3623 1889 3669 terra

190 3715 299 3766 manae,
313 3697 362 3751 sed
372 3698 479 3767 gratiae
489 3697 599 3751 divinae
609 3713 680 3767 opus
698 3696 759 3764 fuit,
780 3698 854 3768 quod
871 3697 985 3767 Moysen
997 3704 1026 3751 et
1052 3698 1122 3749 darc
1134 3695 1301 3764 claritatem,
1321 3713 1394 3765 quae
1404 3713 1450 3749 eos
1468 3706 1634 3750 conseruata
1648 3706 1739 3752 manet
1748 3701 1779 3752 in
1793 3703 1890 3760 coelis.

190 3785 289 3848 Elium,
307 3800 376 3854 quoe
396 3799 539 3853 nunquam
558 3783 694 3848 viderant,
712 3783 801 3853 primo
818 3784 910 3838 statim
923 3784 1026 3839 intuitu
1051 3781 1241 3835 Damuscenus
1260 3781 1289 3835 in
1305 3788 1372 3836 orat.
1386 3782 1420 3837 de
1433 3781 1572 3853 transfig.:
1594 3784 1767 3838 Octonorius
1779 3787 1889 3842 idcirco

190 3869 368 3941 agnoverint,
394 3869 525 3939 quodque
549 3868 651 3938 gaudio
677 3868 833 3924 incredibili
853 3869 958 3941 perfusi
983 3870 1024 3925 di·
1053 3867 1210 3935 adhibetur,
1232 3867 1300 3936 quia
1316 3869 1411 3931 fulciri
1421 3870 1486 3922 aeui
1496 3870 1618 3937 riparum
1632 3872 1712 3939 perit,
1732 3874 1833 3926 etenim
1847 3891 1889 3929 se-

189 3965 271 4012 cuut:
306 3956 441 4019 Domine,
466 3955 565 4008 bonum
586 3964 626 4009 est
648 3957 692 4008 hic
710 3956 854 4020 habitare,
881 3957 1024 4021 faciamus
1046 3954 1243 4023 ptem‘seeulis
1256 3955 1315 4008 uita
1328 3971 1468 4023 praesens
1488 3957 1667 4010 concluditur
1685 3965 1738 4013 etc.
1766 3960 1801 4013 Ut
1815 3963 1888 4015 enim

189 4045 248 4097 tria
267 4042 467 4108 trabernaculu-
491 4041 531 4095 sic
552 4042 580 4095 in
604 4042 662 4095 rita
688 4048 801 4096 aeterna
826 4048 936 4097 sanctos
955 4060 1024 4096 nun·
1050 4041 1101 4095 ille
1121 4041 1234 4094 divinus
1250 4058 1313 4095 uere
1332 4041 1494 4094 diuinarum
1513 4059 1608 4095 rerum
1626 4046 1767 4113 interpres
1780 4047 1889 4116 Diony·

190 4147 273 4201 quam
292 4135 374 4184 antea
394 4128 467 4183 visos
485 4143 683 4199 agnoscemus,
708 4128 830 4182 omnium
854 4135 1023 4184 terrenorum
1036 4125 1039 4194 l
1050 4128 1110 4180 sius
1128 4127 1209 4196 dicit,
1229 4128 1269 4181 sic
1287 4128 1427 4182 Dominus
1445 4146 1463 4180 o
1472 4129 1611 4197 perfectis
1622 4130 1743 4192 fumidis
1752 4132 1812 4184 suis
1824 4151 1889 4186 oon·

190 4215 385 4272 obliviscemur
401 4223 429 4269 et
446 4214 582 4269 ineffabili
601 4213 775 4283 perfruemur
789 4214 901 4284 gaudio,
920 4216 1024 4284 recepti
1050 4213 1194 4282 spiciatur,
1218 4216 1451 4284 quaemadmodum
1470 4215 1501 4267 in
1521 4223 1612 4269 monte
1633 4216 1747 4270 Thabor
1764 4217 1801 4270 ab
1819 4235 1889 4287 apo·

190 4302 298 4357 scilicet
325 4302 355 4354 in
383 4309 498 4354 aeterno
521 4298 704 4353 tabmnacula
731 4298 798 4352 Luc.
829 4304 868 4365 16,
894 4318 919 4355 v.
946 4308 969 4356 9.
996 4303 1024 4353 in
1051 4301 1133 4352 stolis
1151 4308 1314 4368 conspectus
1333 4309 1373 4354 cst
1392 4307 1444 4356 etc.
1474 4300 1548 4356 Vide
1567 4300 1669 4355 ibidem
1686 4301 1774 4372 plura.

192 4392 303 4443 domum
322 4407 378 4443 non
398 4391 593 4454 manufactam
613 4394 756 4441 oetmnam
778 4386 807 4439 in
825 4387 947 4442 coelici.
962 4387 1024 4442 Cor.
1087 4391 1129 4443 2³.
1166 4391 1189 4441 2.
1218 4386 1352 4440 Caelestis
1374 4388 1590 4454 Hierosolymoe
1617 4387 1727 4458 picture
1749 4406 1782 4444 ac
1809 4407 1888 4460 prae·
1901 4400 1987 4441 20⁰clt

192 4482 215 4539 l,
233 4493 259 4528 r.
275 4481 296 4531 1.
317 4475 397 4531 Sicut
415 4475 498 4529 etiam
517 4472 611 4527 lucida
631 4472 720 4526 nubes
739 4471 888 4527 obumbrat
907 4474 1024 4544 discipu·
1052 4470 1183 4542 figuratio
1212 4473 1376 4543 proponitur
1399 4473 1489 4541 Apoc.
1519 4489 1581 4544 cap.
1608 4479 1650 4529 21.
1682 4481 1710 4529 et
1733 4481 1772 4531 22.
1798 4476 1887 4532 Filius
1901 4453 1987 4552 {2⁶:22}

191 4561 241 4629 los,
260 4562 300 4615 sic
312 4560 418 4632 Spiritu
434 4566 529 4615 sancto
542 4558 652 4614 coelesti
665 4558 713 4612 illa
731 4559 796 4613 luce
808 4559 904 4612 inrita
913 4566 1026 4615 aeterna
1055 4558 1116 4627 Dei,
1136 4559 1183 4629 qni
1202 4559 1294 4630 Moysi
1314 4561 1435 4629 fiquram
1455 4559 1632 4614 tabernaculi
1648 4561 1677 4615 in
1696 4570 1789 4617 moute
1809 4564 1887 4619 Sinai
1901 4555 1984 4603 ΨΜ

191 4647 242 4701 toti
271 4646 449 4716 implebimur
472 4653 525 4700 etc.
551 4643 708 4714 Cyprianus
738 4644 773 4698 de
801 4660 899 4700 resurr.
924 4646 1026 4701 Christi
1053 4646 1220 4709 ostenderat,
1245 4646 1317 4701 idem
1334 4647 1386 4702 hoc
1403 4645 1464 4701 loco
1482 4645 1604 4701 Johanni
1614 4651 1742 4717 fiquram
1759 4651 1888 4705 coelestis

192 4750 215 4787 c.
236 4738 264 4789 δε
310 4733 477 4787 Vestimenta
504 4730 610 4784 Christi
634 4732 787 4785 candorem
817 4749 923 4785 omnem
947 4752 1026 4803 supe·
1053 4732 1270 4800 Hierosolymoe
1299 4748 1350 4801 per
1379 4731 1510 4802 angelum
1541 4734 1670 4789 ostendit.
1711 4735 1889 4790 Describitur

192 4820 288 4872 rantia
307 4818 499 4888 apostolorum
520 4816 682 4870 hebetavere
702 4825 888 4886 conspectum,
906 4821 959 4872 sed
969 4839 1025 4874 mo·
1053 4823 1146 4872 autem
1168 4826 1189 4872 1.
1201 4818 1369 4887 appellatio.
1391 4818 1460 4871 Vidi
1470 4826 1596 4872 sanctam
1613 4819 1751 4874 ciuitatem
1766 4823 1887 4876 Jerrssa-

193 4912 353 4957 mentoneus
365 4903 416 4957 ille
436 4904 522 4955 decor
537 4902 688 4972 imoqinem
706 4920 761 4956 nou
781 4904 907 4973 speciem,
927 4906 1026 4959 simili·
1053 4905 1107 4957 lem
1126 4920 1227 4957 nouam
1246 4902 1318 4955 sicut
1336 4920 1468 4971 sponsam
1486 4914 1617 4960 ornatam
1640 4907 1701 4960 siro
1720 4924 1771 4960 suo
1798 4909 1888 4978 Apoc.

71 4997 117 5038 xx.
130 4997 176 5040 ale.
191 4991 317 5043 tudinem
334 5007 391 5042 non
408 4988 603 5056 substantiam,
617 4995 732 5056 portem
750 5008 806 5042 non
819 4990 1026 5058 plenitudinem
1053 4996 1095 5053 21,
1113 5008 1137 5046 v.
1157 4995 1180 5045 2.
1212 4989 1319 5043 Civitas
1335 4997 1436 5043 sancto
1458 4998 1587 5060 vocatur,
1611 4993 1678 5064 quia
1703 5000 1746 5047 est
1769 4997 1888 5050 societas

190 5074 454 5140 transformationis
469 5074 588 5143 mirifice
606 5075 766 5143 explicavit.
783 5078 887 5130 Dilata
908 5087 948 5131 est
967 5079 1026 5133 cla-
1052 5077 1228 5132 sanctissima
1247 5076 1348 5130 civium
1370 5077 1529 5132 coelestium
1548 5087 1575 5135 et
1594 5081 1696 5135 sanctis
1717 5097 1749 5134 ac
1767 5083 1888 5136 aeternis

190 5162 286 5216 ritotis
300 5161 389 5228 illius,
406 5177 491 5230 quom
502 5161 738 5229 nobispollicitus
747 5170 795 5228 est,
814 5164 1026 5233 plenitudoetc.
1054 5181 1070 5217 a
1087 5161 1147 5217 Deo
1165 5163 1272 5233 regitur
1291 5162 1407 5232 legibus.
1426 5163 1476 5218 Est
1494 5165 1522 5219 in
1541 5182 1575 5220 es
1590 5166 1692 5221 civium
1705 5183 1888 5236 supernorum

192 5247 404 5318 chrysostomus
428 5246 506 5317 epist
532 5253 556 5303 5.
581 5247 617 5301 ad
643 5247 780 5306 Theodor.
801 5249 938 5321 Lapsum:
978 5252 1029 5304 Ad
1053 5249 1254 5320 perfectissima
1273 5251 1339 5305 unio
1357 5256 1384 5306 et
1396 5260 1524 5306 aeternas
1537 5252 1732 5324 increatseque
1744 5254 1797 5307 Dei
1810 5258 1887 5323 pacis

192 5341 309 5388 montem
340 5333 422 5388 illum
452 5334 580 5387 oratione
606 5351 771 5406 perpamus,
807 5338 857 5389 ubi
887 5339 1028 5392 Dominus
1054 5337 1185 5407 gustatio.
1222 5337 1438 5407 Hierosolymae
1467 5337 1608 5393 confertur
1632 5339 1759 5393 coelestis
1781 5339 1832 5393 ills
1849 5340 1886 5394 ci-

192 5421 415 5484 trensformatus
434 5428 487 5486 est,
511 5423 729 5491 contemplemur
748 5441 809 5477 eum
827 5424 1027 5493 splendentem,
1054 5424 1134 5493 vitas,
1153 5424 1219 5493 quia
1238 5430 1348 5478 terrena
1368 5423 1561 5495 Hierosolyma
1578 5424 1632 5479 fuit
1647 5425 1773 5497 ejusdem
1791 5432 1888 5497 typus.

191 5505 263 5560 sicut
280 5507 471 5578 resplenduit,
497 5524 658 5577 quanquam
675 5526 709 5563 ne
726 5511 768 5563 sic
787 5511 899 5579 quidem
917 5511 1026 5566 uniuer-
1056 5510 1183 5581 Sporuae
1196 5516 1372 5582 comparatur
1385 5516 1445 5566 tum
1464 5512 1499 5565 ab
1513 5512 1742 5567 ardentissimum
1756 5526 1888 5587 amorem,
