4050 6014
593 245 644 301 Dii
663 246 833 305 mosano
854 246 926 304 SEU
947 244 1077 302 MORTE
1096 244 1289 303 munuum
1731 251 1791 310 215

92 404 182 463 inane
199 424 233 461 ac
250 406 309 463 hee
321 405 490 475 mitunpus
496 404 625 477 protriti,
644 411 674 459 ut
687 403 847 459 ludibriosa
858 418 928 473 poe·
941 403 944 481 ξ
959 401 1060 467 dimus,
1077 400 1149 458 inter
1173 400 1275 456 inferni
1300 398 1502 473 appellationes
1527 397 1697 479 arabbinis·
1710 397 1794 454 otim

91 511 151 549 noe
170 493 324 548 mobilitate
336 493 488 562 jactentur.
515 492 604 561 61111
619 506 714 562 ponae
726 499 752 545 st
764 490 930 546 locooltero
942 487 1029 544 ἱ11111
1049 487 1162 556 referri).
1183 488 1286 545 Psalm.
1299 494 1341 558 31,
1360 507 1386 543 v.
1407 493 1453 545 18:
1473 488 1649 543 Embeecont
1667 485 1750 557 impii
1767 493 1795 539 et

95 582 172 635 idam
198 581 343 651 propbeta
370 580 496 634 meminit
519 580 630 634 dicens:
663 577 854 633 Comminuum
877 594 931 641 eos,
957 582 1150 631 consulantur
1169 575 1199 629 in
1219 575 1370 638 infernum.
1408 569 1512 629 Psilis,
1532 578 1574 637 ti,
1592 592 1617 627 v.
1637 579 1683 629 22:
1709 575 1793 628 Mors

93 676 125 720 ut
142 669 290 739 puluerem
307 675 372 721 onte
389 667 497 731 sociem
514 667 597 734 osmi,
615 673 646 720 ut
664 666 753 722 lutum
767 665 932 736 platearum
956 670 1137 735 peccatorum
1153 663 1287 734 pessimo.
1304 660 1347 725 (In
1357 660 1486 717 Hebraeo
1501 668 1543 716 est
1555 662 1663 716 occidet
1675 660 1794 730 impiam

95 754 195 808 ridebo
212 754 284 810 ilios.
320 752 503 823 Comparatio
519 754 616 823 itaque
633 760 664 806 ut
683 750 873 817 beottudinia
891 749 931 803 ita
944 745 946 815 [
958 750 1132 820 improbitas,
1149 749 1225 822 quod
1245 765 1301 804 non
1321 748 1411 804 solum
1429 748 1464 804 dc
1482 747 1639 819 temporali,
1651 745 1793 802 sedetiam

94 847 122 894 et
137 857 248 909 poenae
266 839 416 894 emetituta
427 848 475 894 est.
498 839 644 902 Quomodo
657 837 731 892 enim
742 836 839 892 utilius
850 836 932 892 labor
957 845 1070 892 aeterna
1093 843 1182 892 morto
1206 841 1282 891 recto
1307 835 1464 907 accipitur.)
1505 833 1605 890 Psalm.
1630 839 1673 902 tt,
1702 851 1728 890 s.
1748 839 1849 891 15:11.
1866 846 1911 889 itt.

94 935 136 982 ert
154 933 235 982 rento
254 927 401 996 puluerem
422 926 573 996 dissipare,
593 933 618 979 et
637 926 775 994 quomodo
792 924 883 979 lutum
901 923 932 976 in
960 924 1038 978 Sicut
1061 940 1168 993 peoora
1192 923 1222 976 in
1246 923 1362 987 inferno
1382 931 1532 992 ponemus,
1561 938 1637 976 mors
1662 924 1794 991 deposcet

89 1013 199 1084 pluteis
218 1014 414 1084 'inpredt'entes
438 1031 533 1085 prope
560 1013 688 1067 admosse
712 1029 768 1067 nou
794 1011 914 1064 sentiunt
920 1029 931 1078 ;
958 1027 1014 1076 eos,
1032 1011 1163 1077 infernus
1181 1009 1234 1065 erit
1252 1008 1444 1067 mamistan
1462 1009 1596 1079 ipsorum,
1614 1026 1639 1063 v.
1652 1013 1693 1064 20.
1707 1024 1794 1077 usque

94 1101 137 1154 ita
150 1117 261 1173 poenae
277 1100 325 1155 itti
343 1101 453 1166 infermi
470 1099 560 1164 focile
578 1106 619 1152 est
638 1097 743 1167 impios
768 1096 863 1151 delere
889 1104 930 1150 ot·
957 1098 988 1152 in
1009 1105 1152 1153 asturum
1164 1114 1221 1152 non
1235 1096 1368 1151 oidebttnt
1387 1096 1486 1152 lumen.
1518 1095 1631 1167 (Agitur
1644 1095 1679 1150 de
1692 1093 1794 1166 impiis,

94 1204 148 1258 pue
168 1189 343 1258 disperpere,
369 1206 438 1258 puer
451 1196 635 1257 peccatorum
657 1186 735 1240 ratio
753 1191 779 1238 et
795 1183 824 1238 in
843 1183 931 1238 lutum
959 1201 1028 1256 quoe
1048 1189 1163 1241 aeterna
1180 1188 1275 1240 manet
1290 1182 1442 1247 damnatio,
1468 1181 1634 1237 describitur
1654 1186 1746 1236 autem
1765 1181 1793 1236 in

94 1275 210 1331 soloerit
234 1281 263 1329 et
292 1275 485 1329 comminuerit
512 1275 543 1327 in
564 1274 721 1345 puluerem,
747 1288 803 1325 non
829 1271 929 1325 relicto
955 1271 1000 1327 bis
1026 1270 1117 1328 verbio
1144 1277 1180 1329 1.Ι
1195 1274 1395 1327 damnatorum
1424 1269 1583 1334 multitudo,
1613 1273 1679 1324 sunt
1706 1267 1793 1323 instar

94 1378 183 1432 nepote
200 1360 358 1415 1111111111
372 1361 529 1429 firmitatis,
547 1376 609 1413 mum
616 1358 714 1428 pulsis
728 1366 754 1414 et
765 1358 855 1413 lutum
867 1357 931 1424 sint,
959 1358 1052 1431 magni
1075 1364 1103 1414 et
1127 1357 1233 1429 copiosi
1257 1355 1415 1429 cujusdam·
1429 1354 1539 1426 gregim
1566 1360 1590 1410 2.
1616 1355 1714 1409 crucia
1727 1374 1792 1408 uum

94 1448 243 1517 elperici
264 1449 343 1517 proed
360 1447 457 1517 pulrt's
483 1454 510 1502 et
534 1446 624 1500 lutum
643 1452 716 1513 sunt,
743 1445 774 1498 in
799 1449 931 1497 naturum
958 1445 1132 1516 mapnitudo,
1160 1444 1297 1500 ducentur
1320 1460 1378 1500 non
1404 1443 1440 1498 ad
1462 1458 1581 1498 amoena
1602 1457 1715 1512 pascua,
1742 1441 1793 1496 sed

95 1542 203 1588 unum
223 1532 356 1603 poenalis
380 1533 556 1589 substantiae
581 1539 752 1587 reservatur.
790 1527 932 1583 Luthorot
958 1537 1096 1602 ponantur
1113 1530 1276 1597 ininferna,
1295 1530 1517 1600 nondepascent
1536 1528 1793 1598 virentiagrsmina

94 1628 160 1678 tom.
181 1619 287 1677 21111.
306 1617 326 1674 1.
345 1625 374 1676 t:
392 1619 482 1690 Impii
498 1621 529 1673 in
546 1618 696 1673 noomsimo
711 1617 759 1670 die
774 1615 931 1670 turbinibus
958 1634 1020 1675 rore
1035 1617 1148 1673 divinae
1167 1616 1274 1689 muse
1293 1633 1449 1687 compensa,
1473 1616 1522 1672 sed
1548 1632 1623 1672 mors
1648 1615 1725 1687 ipsos
1745 1615 1793 1674 de·
1860 1632 1864 1644 ·

94 1708 219 1763 neumis
250 1705 442 1761 intolerabilis
475 1705 538 1759 ios
563 1705 623 1760 Dei
648 1704 793 1774 pellentur
822 1701 931 1771 disper·
958 1711 1067 1776 pascet,
1091 1711 1116 1761 1.
1133 1705 1309 1759 mutuum
1329 1704 1484 1775 torpitudo,
1504 1702 1684 1760 Innocentius
1700 1703 1747 1758 lib.
1768 1709 1793 1759 1.

95 1803 250 1865 pertorquet
268 1810 412 1863 nunprmm
428 1791 697 1862 requiemlalituri,
714 1807 749 1844 ne
764 1792 807 1844 ad
814 1805 933 1845 momen-
959 1792 994 1847 de
1012 1796 1153 1848 contemtu
1172 1790 1268 1846 mundi
1289 1807 1349 1862 cop.
1362 1796 1395 1850 9:
1415 1788 1531 1846 Dictum
1549 1797 1589 1844 est
1606 1789 1657 1844 loc
1670 1808 1689 1843 o
1703 1788 1793 1844 simib

95 1890 164 1962 tum,
180 1881 312 1951 quidem)
350 1879 452 1934 Psalm.
471 1885 494 1947 t,
520 1896 545 1933 s.
567 1883 611 1935 13:
649 1877 789 1932 Dominus
814 1876 931 1931 tetendit
953 1880 1154 1947 jumentorum,
1172 1895 1245 1949 puae
1253 1896 1310 1932 non
1321 1877 1462 1932 radicitus
1473 1877 1595 1932 evellam
1614 1876 1724 1945 testas,
1740 1878 1794 1930 scd

95 1984 194 2022 mcum
216 1973 343 2020 artum-et
362 1965 479 2034 pararit
497 1964 586 2032 inum,
616 1982 641 2019 v.
665 1969 705 2021 11.
733 1970 759 2017 et
777 1963 805 2017 ei
823 1980 932 2032 parare
958 1965 1128 2019 summitates
1151 1965 1327 2019 solummodo
1347 1972 1480 2036 carpunt,
1506 1971 1538 2016 ut
1565 1963 1665 2017 iterum
1692 1963 1795 2018 istas

93 2055 163 2120 fecit
181 2070 251 2107 oasa
269 2052 377 2117 memb,
400 2051 522 2120 sapittae
543 2067 611 2105 suos
633 2051 663 2104 in
681 2051 812 2104 ardentes
831 2065 930 2117 opero·
958 2059 1145 2106 renascantur
1165 2053 1208 2105 ad
1221 2058 1355 2120 pastum·
1384 2051 1425 2103 sic
1453 2057 1478 2103 et
1499 2049 1582 2118 impii
1604 2048 1689 2120 puori
1706 2056 1794 2103 morte

96 2141 178 2195 bitur.
218 2137 433 2207 (Describuntur
455 2142 511 2193 tres
534 2136 639 2209 padus
662 2135 773 2191 divinae
804 2135 930 2191 ultionis:
956 2139 1044 2209 posti,
1061 2137 1226 2192 remaneant
1245 2140 1286 2191 od
1302 2144 1426 2202 rtortem,
1451 2143 1482 2189 ut
1503 2134 1689 2190 mimnaliter
1706 2135 1793 2189 mori·

95 2226 200 2298 primo,
226 2226 307 2279 Dens
330 2223 458 2301 psmtidie
485 2223 630 2291 irusoitur,
657 2223 711 2278 hoc
734 2227 778 2277 est
800 2238 850 2291 por
866 2238 930 2278 oon·
957 2224 1341 2296 smm,)Pss1m.tt,s.to:
1362 2221 1793 2290 Morodebitumaieiseaipat,

94 2311 188 2368 cionoe
209 2309 314 2381 lspsles
332 2309 402 2364 iram
421 2325 499 2364 suam
511 2326 546 2364 ac
557 2325 662 2379 poenas
679 2308 785 2381 populo
800 2307 931 2379 peccanti
958 2314 1129 2366 descendant
1147 2312 1204 2365 ciui
1222 2311 1252 2365 in
1267 2310 1411 2376 infernum
1429 2308 1513 2377 (sicut
1535 2307 1613 2377 Core,
1633 2306 1747 2362 Dathsn
1766 2313 1794 2363 et

95 2398 249 2454 denuntiat
269 2396 376 2462 Quodsi
396 2401 596 2467 nonsequatur
609 2395 762 2465 conversio,
779 2401 836 2449 tum
850 2396 930 2450 Deus
958 2398 1072 2468 Abiran,
1089 2398 1171 2455 Num.
1184 2398 1243 2466 to).
1262 2396 1364 2451 Psalm.
1378 2402 1419 2463 111,
1438 2403 1505 2451 r.9:
1526 2395 1619 2465 Super
1633 2395 1794 2450 eoscecidit
1834 2439 1837 2461 ,

94 2485 225 2556 1111111
241 2499 322 2537 suun
340 2482 426 2546 osso,
444 2499 541 2536 ursum
561 2482 685 2551 cassan,
705 2481 828 2548 armarit
847 2480 930 2534 illum
956 2486 1038 2554 ipsis,
1056 2494 1081 2540 st
1093 2485 1290 2540 sossttsrssst
1302 2484 1400 2539 sotem.
1421 2481 1642 2553 (Gregoriuslib.
1655 2488 1680 2539 a.
1694 2482 1792 2540 mord.

93 2571 266 2625 collimando
284 2575 311 2622 et
324 2568 442 2640 parauit
459 2569 515 2621 sios·
532 2569 718 2622 instrumento
735 2566 843 2623 mortis.
874 2564 929 2620 Hic
956 2589 1016 2642 esp.
1043 2577 1084 2629 38,
1111 2573 1147 2627 sd
1174 2570 1312 2626 infernum
1339 2568 1537 2624 accommodat.
1572 2568 1663 2636 ipris,
1693 2567 1791 2639 inquit,

93 2662 137 2711 est
154 2655 293 2711 secundus
314 2653 454 2709 vindictae
476 2653 587 2709 divinae
612 2654 716 2726 gradus
743 2651 930 2724 complectens
955 2674 1040 2728 super
1060 2658 1163 2728 impios
1179 2657 1265 2723 cadi,
1289 2658 1341 2711 sed
1363 2655 1407 2710 sol
1434 2655 1498 2724 ipre
1527 2655 1642 2708 cudente
1662 2672 1717 2708 non
1734 2671 1793 2708 cer·

93 2743 241 2800 conciones
260 2740 357 2810 reales,
380 2739 434 2795 hoc
452 2745 496 2796 est
514 2741 603 2796 omnis
627 2739 736 2812 generis
761 2738 928 2811 temporales
955 2746 1041 2812 nitur,
1062 2746 1131 2814 quia
1146 2744 1221 2809 illos,
1245 2761 1315 2814 pum
1335 2743 1476 2811 pedennae
1489 2743 1611 2812 flammo
1630 2742 1756 2810 devorat,
1774 2759 1793 2795 a

92 2846 198 2902 poenas
217 2826 310 2899 impiis
329 2827 474 2896 immissas,
496 2827 592 2898 quales
611 2834 677 2882 sunt
697 2826 808 2893 bellum,
832 2825 927 2898 pestis,
953 2831 1061 2886 visione
1086 2831 1147 2884 ceri
1169 2829 1284 2883 luminis
1307 2837 1411 2897 caecat,
1437 2837 1468 2884 11
1486 2837 1511 2883 et
1536 2828 1612 2893 forsa
1636 2844 1684 2882 cos
1707 2828 1792 2881 dolor

91 2916 180 2972 fames
198 2920 250 2971 etc.
274 2913 378 2980 Quodsi
403 2930 438 2970 ue
462 2913 523 2969 istis
548 2914 661 2985 quidem
680 2913 760 2985 impii
779 2913 928 2968 emcndsn-
953 2918 1149 2973 ssmtuumms
1157 2915 1300 2972 crucietet
1311 2917 1387 2970 intus
1397 2933 1489 2988 poena
1499 2915 1643 2972 susurrus
1657 2911 1794 2971 otsssssti

91 3011 146 3073 tur,
171 3007 258 3059 restat
283 3001 397 3056 ultimus
421 3000 535 3057 ultionis
561 3002 672 3073 modus,
698 3000 829 3057 videlicet
855 2999 927 3072 ignis
955 3005 1059 3061 Verum
1070 3005 1098 3059 in
1111 3003 1242 3061 Hebraeo
1260 3002 1340 3059 aliter
1352 3002 1468 3074 legitur:
1490 3002 1568 3058 Sicut
1579 3001 1664 3056 limax
1680 3001 1792 3068 diffluit,

91 3089 246 3160 infernalis,
269 3088 304 3144 de
329 3104 386 3159 qno
409 3086 478 3142 dicit
494 3087 606 3158 psaltes,
634 3087 755 3158 sapittos
780 3105 847 3141 suas
866 3088 928 3155 effi·
954 3091 994 3145 sio
1012 3089 1188 3162 praeteribit;
1216 3091 1287 3144 sicut
1313 3088 1470 3145 abortivum
1497 3087 1619 3143 mulieris
1642 3105 1698 3143 non
1716 3087 1792 3143 vide·

91 3177 146 3232 siet
164 3178 194 3230 in
216 3177 356 3244 ardentes,
379 3174 434 3231 boc
456 3181 498 3230 est
517 3173 629 3246 putabit
651 3173 788 3245 ejusmodi
813 3173 928 3244 spicula,
953 3176 1025 3232 bunt
1048 3176 1156 3246 solem.)
1177 3174 1278 3231 Psalm.
1291 3181 1333 3243 61,
1352 3193 1376 3228 ν.
1397 3179 1444 3230 10:
1463 3174 1625 3229 introibunt
1647 3162 1791 3251 1111111131

90 3279 165 3336 quae
187 3260 404 3333 ignointernsli
429 3277 571 3331 nunquam
598 3259 709 3315 delebili
734 3267 764 3316 et
797 3258 926 3314 inexstin-
955 3264 1069 3338 ppun,
1107 3265 1137 3317 s'n
1170 3263 1311 3327 inferiora
1344 3269 1447 3316 terrae.
1505 3261 1638 3328 (Quidam
1669 3261 1793 3317 referunt

90 3347 192 3424 guibili
222 3347 328 3404 11111111.
351 3347 491 3404 9111111111
520 3346 550 3402 in
577 3362 675 3402 eomm-
704 3346 781 3400 1111111
810 3345 927 3416 palmi)
954 3351 990 3405 ed
1008 3349 1153 3418 infernum,
1175 3349 1224 3404 sed
1241 3349 1344 3405 rectius
1362 3349 1474 3404 mdetur
1491 3347 1582 3418 accipi
1601 3350 1637 3402 dc
1654 3350 1792 3418 sepulcro,

90 3435 195 3494 Psalm.
224 3441 252 3504 9,
279 3453 304 3490 v.·
336 3439 381 3492 18:
413 3433 619 3489 Convertuntur
656 3433 740 3503 impii
770 3433 801 3486 in
827 3434 927 3500 setsot,
953 3436 1066 3491 additur
1084 3435 1156 3491 enim
1173 3454 1198 3490 v.
1222 3441 1260 3492 11.
1276 3452 1350 3504 pars
1368 3434 1496 3504 vrtlpium
1522 3442 1611 3500 murt,
1642 3434 1709 3505 quia
1732 3434 1792 3489 vul·

91 3540 186 3579 01111111
204 3530 297 3594 otti&
318 3523 375 3577 Dtt'
393 3522 572 3578 1111110111·
591 3520 724 3589 (Quidem
738 3524 880 3591 exponunt
893 3521 927 3573 de
953 3540 1002 3594 pes
1024 3521 1186 3594 corporibus
1202 3520 1396 3576 defunctorum
1407 3520 1435 3574 in
1449 3519 1651 3592 sepulcralibns
1666 3521 1792 3576 cavernis

90 3611 230 3680 sepulcro,
256 3609 304 3664 sed
328 3607 428 3680 impios
451 3615 544 3665 monet
563 3625 619 3665 uon
644 3609 735 3664 solum
759 3606 927 3678 temporetis,
954 3611 1044 3666 solent
1061 3608 1203 3678 insidiari.)
1224 3608 1328 3664 Psalm.
1350 3613 1391 3673 ¹15,
1406 3625 1432 3661 v.
1452 3613 1481 3663 9:
1500 3608 1589 3661 Faces
1601 3606 1664 3662 irae
1677 3608 1791 3662 diuinae

91 3697 142 3754 sod
160 3696 244 3751 etiam
263 3700 377 3750 aeterna
394 3710 467 3750 mors
485 3695 515 3750 in
533 3694 661 3762 inferno.)
680 3694 784 3749 Psalm.
799 3698 840 3757 11,
860 3709 885 3748 v.
897 3696 926 3747 δε
953 3697 1100 3750 sordebunt
1117 3704 1143 3750 et
1164 3696 1256 3750 bibent
1273 3712 1366 3750 omnes
1386 3695 1469 3763 impii
1488 3702 1592 3748 terrae.
1620 3694 1677 3760 (Pii
1694 3695 1723 3750 in
1739 3695 1792 3749 bac

91 3783 176 3838 Pluct
206 3781 345 3836 Dominus
376 3798 460 3850 suuper
492 3781 594 3852 impios
620 3781 744 3850 laqueos,
777 3778 875 3847 misor
903 3785 928 3830 tt
954 3784 1013 3838 vita
1028 3788 1144 3854 paterne
1161 3782 1332 3856 castigantur
1345 3785 1373 3837 ot
1390 3799 1424 3837 ex
1439 3780 1540 3853 poculo
1557 3781 1647 3837 crucis
1660 3783 1789 3853 exiguum

91 3871 184 3940 19111111
198 3875 223 3921 111
243 3866 928 3938 11111111111110111111111111111111111οαῑίθὺθοηιπῑ.
954 3869 1094 3942 quendam
1113 3869 1250 3938 haustum,
1268 3869 1316 3940 qui
1333 3869 1513 3939 tamenipsis
1533 3867 1663 3923 salutaris
1684 3874 1733 3932 est,
1751 3867 1791 3922 bi·

90 3956 134 4026 (ln
148 3953 318 4012 sodomitico
339 3953 476 4020 incendio,
501 3953 577 4026 quod
588 3953 642 4010 tuit
653 3952 826 4025 praeludium
840 3950 925 4024 quod·
955 3958 1033 4022 bunt,
1051 3956 1099 4010 sed
1109 3955 1186 4026 impii
1197 3955 1272 4010 seces
1286 3955 1343 4011 irae
1357 3955 1467 4010 divinae
1482 3961 1621 4026 coguntur
1636 3954 1792 4019 exhaurire,

90 4043 156 4098 dom
174 4039 249 4112 ignis
265 4040 416 4107 internslis,
437 4039 509 4111 pluit
525 4040 663 4096 Dominus
683 4039 773 4096 sulfur
792 4040 926 4110 etignem
955 4060 1027 4116 quae
1044 4049 1185 4098 aeternum
1213 4041 1326 4098 exitium
1353 4042 1382 4095 in
1409 4041 1516 4099 inferno
1554 4040 1622 4113 ipsis
1651 4039 1791 4110 inferunt.)

92 4130 193 4184 Genes.
224 4128 262 4195 19,
287 4143 312 4180 v.
330 4130 372 4184 21.
398 4126 494 4181 eadem
518 4142 610 4198 poena
633 4127 662 4180 in
687 4126 732 4180 die
753 4124 854 4197 judicii
879 4142 925 4197 op·
955 4129 1056 4184 Psalm.
1077 4133 1118 4197 91,
1137 4144 1162 4183 v.
1184 4133 1213 4185 8:
1233 4127 1330 4183 Oculis
1348 4128 1565 4200 tuss‘sstspisiss
1586 4134 1612 4180 et
1631 4127 1790 4181 retributio-

91 4215 194 4287 primet
221 4229 316 4270 omnes
344 4214 452 4284 impios.
488 4213 667 4269 Innocentius
694 4212 741 4268 lib.
760 4218 784 4268 1.
809 4213 844 4269 de
863 4228 926 4268 con·
954 4234 1016 4272 nem
1043 4215 1193 4284 impiorum
1218 4213 1333 4269 tidelm
1373 4212 1562 4280 (Bernhardns
1594 4227 1674 4270 serm.
1707 4217 1731 4269 8.
1763 4211 1791 4264 11

71 4303 180 4358 ’111111
198 4300 294 4355 mnndi
319 4316 379 4372 cap.
399 4306 427 4355 t:
456 4302 570 4355 Poenae
593 4301 754 4368 infernales
777 4301 927 4354 seeundum
955 4303 1103 4374 psalmum:
1123 4302 1178 4365 Qui
1196 4301 1312 4363 1111111,
1331 4298 1417 4354 refert
1436 4298 1700 4366 adretribntioncm,
1719 4314 1791 4369 quae

91 4389 207 4444 diversa
214 4395 335 4456 peccota
350 4394 415 4440 smst
427 4386 565 4452 diuersae,
579 4387 778 4457 primopoeao
794 4394 834 4440 est
845 4387 927 4453 ipsis,
954 4388 1003 4444 fiet
1022 4389 1113 4460 impiis
1132 4388 1169 4443 sd
1189 4387 1326 4444 infernum
1347 4386 1484 4442 damnatis
1509 4384 1538 4439 in
1561 4385 1608 4438 die
1631 4385 1790 4439 novissimo.

90 4477 218 4531 secunda
236 4474 366 4543 friporie,
385 4474 471 4528 tertio
485 4475 617 4544 foetoris.
650 4475 697 4528 De
714 4472 759 4526 bis
776 4472 926 4525 111111111-
955 4478 992 4529 In
1020 4475 1082 4543 1111,
1109 4474 1208 4545 inquit,
1237 4481 1318 4527 tanto
1346 4472 1526 4541 separatione
1556 4472 1790 4539 quemadmodum

91 4565 167 4620 citur
181 4563 210 4616 in
219 4560 343 4631 psalmo,
357 4560 442 4628 ipris,
460 4561 557 4626 suitur
570 4566 595 4614 el
603 4560 724 4629 spiritns
734 4558 928 4628 mosellorum
954 4562 1053 4617 lucedis
1062 4578 1199 4629 aprorum
1212 4560 1315 4614 divisio
1328 4557 1491 4629 pravissimi
1505 4556 1603 4610 livoris
1612 4557 1722 4610 occasio
1734 4560 1790 4622 fiet,

87 4667 162 4722 part
181 4646 408 4716 smirneorum.)
426 4646 528 4705 Psalm.
543 4652 585 4712 11,
599 4664 625 4701 v.
640 4652 670 4703 9:
690 4645 817 4700 Inveniet
830 4661 929 4698 monus
955 4649 996 4703 sic
1019 4648 1113 4703 electis
1136 4664 1150 4702 e
1177 4646 1287 4716 repient
1316 4644 1507 4700 consideratio
1530 4643 1715 4713 reproborum
1741 4643 1790 4697 im·

91 4747 144 4792 tna
164 4750 259 4791 ornnes
278 4735 406 4789 inimicos
426 4741 495 4798 tuos,
520 4733 640 4789 inueniet
660 4732 726 4786 odio
744 4731 874 4785 labentes
894 4737 928 4796 te,
956 4727 1200 4805 mensaquaedam
1211 4731 1331 4787 materia
1341 4731 1500 4802 pretiorum
1514 4730 1636 4785 actionis
1647 4739 1674 4785 et
1686 4731 1789 4785 laudis.

91 4841 120 4879 v.
142 4828 181 4880 to.
200 4836 291 4893 pones
310 4837 356 4876 eos
374 4828 404 4875 ut
424 4820 564 4874 clibanum
582 4821 656 4890 ipsis
675 4820 705 4871 in
729 4826 851 4887 tempore
867 4815 928 4870 iras
959 4823 1037 4877 Unde
1055 4820 1129 4874 enim
1140 4819 1217 4889 justi
1233 4827 1291 4873 tam
1308 4817 1456 4888 mopnifice
1469 4817 1581 4888 pretias
1595 4826 1716 4887 sperent,
1734 4817 1792 4870 nisi

91 4919 168 4974 tuoe,
193 4909 334 4964 Dominus
354 4907 384 4961 in
403 4924 474 4961 noto
494 4923 544 4961 suo
565 4906 700 4975 septulia
710 4922 756 4961 eor
772 4913 799 4958 et
811 4907 929 4974 peredet
956 4926 1015 4963 ctum
1036 4905 1090 4962 itta
1109 4904 1320 4975 ineacopitabili
1343 4903 1492 4973 felicitate,
1515 4922 1573 4974 peto
1593 4906 1791 4974 perfruuntur,

92 5014 140 5052 coc
159 4996 243 5066 ipris.
277 4993 333 5061 (lre
350 4993 446 5049 divina
468 4990 542 5063 ignis
560 4992 649 5046 instar
666 4990 812 5046 absumens
830 4990 929 5062 impios
957 4997 1048 5066 ipsam
1064 5008 1171 5065 puopsae
1187 4991 1397 5046 retributionem
1412 4999 1558 5046 cernerent
1573 4991 1752 5060 injustorum,
1773 5007 1791 5043 a

91 5099 150 5139 non
174 5087 284 5136 tantum
311 5081 340 5136 in
363 5078 424 5149 hac,
448 5078 498 5134 sed
522 5077 605 5133 etitun
630 5093 664 5133 ac
689 5078 733 5134 vel
760 5079 878 5133 maxime
901 5079 929 5132 in
957 5081 1056 5153 quibus
1080 5081 1143 5134 sola
1167 5078 1365 5132 misericordia
1390 5077 1570 5132 Redemtoris
1591 5093 1649 5131 sese
1674 5092 1731 5130 esse
1750 5093 1791 5131 se·

90 5172 188 5226 futura
206 5168 265 5223 vita
282 5167 381 5235 ardet)
419 5166 521 5221 Psalm.
543 5169 585 5230 18,
604 5179 633 5219 r.'
650 5165 678 5221 12'
695 5166 746 5218 Ad
762 5173 787 5219 te
807 5165 930 5219 Domine
956 5175 1088 5239 prspatos
1114 5164 1280 5230 fidelissime
1316 5171 1341 5218 et
1376 5164 1551 5218 devotissime
1583 5165 1791 5218 recordantur.²

91 5254 419 5323 consummataest
437 5271 478 5309 me
498 5259 522 5306 ct
541 5251 681 5307 assimiler
702 5252 930 5306 «escendentibus
962 5256 1038 5308 Unde
1064 5269 1127 5306 cero
1158 5251 1241 5320 impii
1267 5258 1346 5305 tanto
1372 5250 1463 5306 animi
1483 5252 1582 5312 furore
1611 5251 1791 5319 tabescerent,

92 5333 161 5410 bin,
181 5343 212 5396 in
231 5342 322 5395 lacum
340 5339 386 5394 rel
397 5345 513 5410 putenm
531 5337 714 5408 (infernalem,
731 5337 845 5394 udditnr
857 5337 929 5393 enim
957 5341 1014 5396 nisi
1031 5341 1060 5395 in
1075 5355 1192 5411 reprom
1209 5355 1333 5393 summae
1353 5338 1536 5394 beatitudinis
1555 5354 1650 5391 coram
1667 5353 1727 5391 sese
1749 5336 1789 5390 oi·

90 5446 119 5485 v.
141 5433 170 5484 ³:
194 5444 228 5484 ne
248 5429 351 5481 trades
368 5444 411 5482 me
429 5443 491 5481 mm
509 5425 614 5495 impiis,
641 5440 674 5480 ac
692 5425 820 5495 superius
841 5431 931 5483 osten·
958 5428 1064 5483 dissent
1079 5427 1153 5481 alios
1174 5426 1326 5496 introduci,
1345 5433 1371 5481 et
1390 5433 1455 5481 tune
1473 5428 1584 5480 demum
1602 5425 1632 5478 in
1650 5424 1717 5479 illos
1730 5440 1791 5479 sese
