4050 6014
799 246 849 303 DD
865 244 1051 303 manue
1068 243 1231 305 JUDIOIO.
1796 256 1855 334 qap

170 412 198 463 et
217 407 329 468 dolores
344 405 520 466 tenebrarum
537 403 674 463 tenebunt
699 408 728 459 et
744 404 825 475 quasi
842 403 1000 474 parturiens
1026 400 1074 471 qni
1100 406 1143 457 tot
1168 400 1226 456 irae
1253 408 1281 456 et
1305 400 1505 475 indignationis
1535 408 1720 474 repressiones
1748 401 1858 471 babuit,

171 493 311 559 dolebunt,
328 492 520 563 unusquisque
539 491 574 545 ad
593 490 749 563 proximum
766 508 846 545 suum
866 489 999 561 stupebit,
1026 490 1094 558 quot
1110 492 1176 542 sunt
1194 493 1316 558 peccata,
1340 504 1412 559 quae
1432 486 1468 542 ab
1487 487 1565 545 initio
1584 490 1679 544 mundi
1696 494 1858 609 perpetrata

170 579 256 636 faciae
277 579 436 636 combustae
455 579 548 633 vultus
566 595 667 634 eorum
699 576 786 632 Dies
779 594 844 647 rrae,
866 577 925 632 dies
941 576 998 646 illa,
1026 578 1100 627 ιιιι

170 666 231 722 dics
254 665 442 721 tribulationis
465 671 494 719 et
515 664 674 735 angustiae,
700 664 760 720 dies
785 663 949 719 calamitatis
972 670 1000 718 et
1059 658 1186 714 Secundo
1214 659 1358 715 considera
1382 659 1525 716 horribilia
1552 661 1647 731 signa,
1683 678 1753 733 quae
1781 638 1856 726 hunc

171 751 304 820 ιιιιιιιιιι,
323 750 383 805 (ιιιι
402 750 579 806 tenebrarum
599 755 627 806 et
646 749 780 819 caliginis,
801 749 860 804 dies
874 748 960 810 tubae
972 754 1000 803 et
1026 744 1099 799 diem
1118 745 1312 814 praecedunt
1305 764 1333 799 m
1353 747 1412 801 sole
1429 751 1458 800 et
1474 745 1541 801 luna
1566 752 1594 800 ιι
1611 746 1698 801 stellis
1722 753 1750 819 et
1769 747 1855 813 omni·

170 839 324 908 clangoris,
352 837 419 911 quia
440 838 702 894 consummationem
731 853 793 891 cum
821 836 999 893 festinatione
1025 831 1077 885 bus
1098 831 1232 886 creaturis
1259 832 1330 887 coeli
1357 837 1385 888 et
1410 837 1508 890 terrae.
1544 832 1646 887 Omnes
1674 833 1748 888 enim
1773 832 1857 899 tinem

170 927 255 983 faciet
270 924 407 982 Dominus
418 924 526 980 cunctis
537 923 730 978 habitantibus
741 930 848 978 terram
878 923 998 995 Oquan·
1025 935 1104 972 sunm
1122 918 1317 987 praesentiant,
1343 924 1492 989 antequem
1511 924 1715 975 concinnantur·
1730 989 1732 992 ,
1750 919 1789 974 El
1804 920 1856 980 hc·

170 1019 299 1067 tuamne
317 1011 470 1068 erittimor
488 1017 517 1065 ιι
534 1017 644 1077 memor,
665 1015 784 1079 quantus
801 1010 853 1064 erit
871 1010 951 1066 fletus
971 1017 1000 1066 at
1026 1005 1111 1059 mines
1136 1005 1191 1076 ipsi
1214 1011 1355 1071 arescent,
1388 1011 1416 1060 ιι
1441 1005 1638 1060 contabescent
1662 1006 1857 1077 audientsset,

170 1099 303 1170 gemitus!
338 1097 410 1154 Nam
428 1098 451 1151 si
470 1097 615 1154 columnae
635 1097 706 1153 coeli
729 1099 946 1152 contremiscunt
972 1103 1000 1152 ιι
1025 1091 1211 1160 inspectantes
1229 1097 1287 1146 tam
1307 1096 1481 1161 portentosos
1502 1097 1592 1147 motus
1604 1097 1716 1164 tamque
1729 1093 1855 1166 ingentes

171 1191 272 1260 pavent
289 1185 439 1243 ιιιιιιιιιιι
456 1184 516 1253 ejus
531 1188 558 1238 et
575 1183 669 1253 angeli
689 1183 764 1252 pacis
779 1200 871 1238 amare
884 1182 999 1252 flebunt,
1025 1176 1194 1231 calamitates
1206 1183 1234 1247 et
1246 1178 1378 1244 miserias,
1400 1195 1471 1250 quae
1485 1178 1536 1233 toti
1549 1178 1652 1234 mundo
1665 1178 1855 1249 imminebunt.

171 1279 331 1345 pecatore,
349 1277 442 1325 autem
458 1268 526 1340 quid
546 1267 671 1323 faciant?
707 1268 736 1323 Si
758 1269 852 1338 justus
876 1270 921 1324 vix
945 1270 997 1324 sal.
1025 1263 1118 1333 Atque
1135 1263 1175 1317 ita
1192 1264 1320 1319 incedent
1336 1265 1450 1319 attoniti
1467 1270 1496 1320 et
1514 1264 1709 1336 obstupefacti,
1728 1264 1854 1329 ιιιιιιιιι

171 1360 293 1421 rabitur,
320 1356 421 1425 impius
440 1360 468 1408 et
484 1358 644 1424 peccatores
661 1352 712 1407 ubi
734 1354 893 1424 parebunt?
933 1356 998 1411 Pro·
1025 1346 1135 1417 pallidis
1152 1365 1185 1403 80
1203 1349 1379 1418 d0f0mnii⁸i
1405 1357 1471 1406 flsslfl
1491 1359 1607 1406 mortam
1624 1353 1726 1408 mortui
1745 1359 1773 1407 el
1789 1359 1855 1415 ente

170 1454 266 1518 pterea
290 1441 391 1498 elamat
419 1439 567 1510 propheta:
603 1440 665 1495 Non
692 1439 778 1494 intres
806 1441 834 1494 in
860 1441 997 1510 judicium
1021 1434 1156 1503 judicium
1175 1437 1359 1505 condemnati,
1380 1437 1525 1491 metientes
1538 1437 1661 1506 pericula
1673 1455 1724 1492 sua
1736 1439 1854 1510 propriis

171 1550 233 1588 cum
251 1547 329 1586 serso
349 1533 412 1595 tuo,
436 1527 569 1593 Domine,
594 1526 733 1597 quianon
752 1527 950 1595 justificabitur
971 1529 998 1583 in
1025 1520 1176 1576 timoribus.
1213 1522 1308 1594 Usque
1326 1523 1395 1578 adeo
1414 1541 1479 1578 vero
1506 1524 1696 1596 unusquisque
1719 1543 1768 1580 sno
1792 1541 1853 1596 pro·

171 1623 320 1690 conspectu
342 1622 390 1670 tuo
417 1614 505 1669 omnis
531 1613 634 1668 ιιιιιι.
671 1613 700 1665 Si
723 1613 882 1683 iniquitates
908 1614 997 1669 obser·
1026 1607 1084 1677 prio
1103 1607 1201 1663 timore
1223 1614 1374 1679 occupatus
1394 1610 1454 1674 erit,
1479 1617 1510 1663 ut
1530 1626 1585 1665 non
1605 1611 1642 1664 sit
1661 1611 1855 1666 recordaturus

171 1704 290 1771 raseris,
322 1701 453 1764 Domine,
475 1699 606 1764 Domine,
639 1699 700 1768 quis
724 1698 890 1754 sustinebit?
932 1700 998 1763 Quin
1025 1692 1121 1760 alieni,
1148 1696 1258 1749 tametsi
1276 1695 1368 1749 Patris
1389 1703 1437 1750 aut
1453 1696 1525 1752 Filii.
1562 1697 1664 1754 Nullus
1679 1699 1784 1769 qnippe
1803 1698 1856 1753 erit

171 1792 243 1847 enim
263 1807 319 1846 non
340 1789 436 1842 timeat
458 1786 580 1854 judicem
598 1785 827 1855 potentissimum,
856 1786 997 1855 sapientis·
1025 1795 1155 1847 passurus
1175 1797 1225 1849 pro
1240 1780 1309 1849 alio,
1329 1782 1395 1852 quia
1413 1782 1504 1836 nullus
1523 1800 1573 1853 pro
1592 1802 1621 1840 se
1639 1783 1767 1837 sufficiet.

172 1875 268 1927 simum
288 1877 315 1926 et
329 1869 534 1942 justissimum?
567 1868 800 1930 Potentissimum,
818 1886 899 1938 quern
919 1886 998 1924 nemo
1058 1863 1153 1920 Tertio
1173 1866 1318 1921 considera
1334 1867 1491 1921 incendium
1509 1867 1577 1921 illud
1596 1867 1761 1937 universale,
1780 1869 1855 1939 quod

171 1965 262 2030 potest
282 1957 417 2028 effugere3
442 1955 685 2024 sapientissimum,
710 1972 791 2026 quem
809 1972 888 2010 nemo
908 1963 999 2026 potest
1022 1949 1144 2018 judicem
1164 1953 1319 2021 praecedet,
1340 1959 1368 2006 et
1386 1953 1554 2008 horrendum
1575 1954 1651 2007 illum
1673 1955 1792 2010 sonitum
1811 1959 1854 2009 tu·

171 2047 270 2109 latere,·
291 2042 483 2113 justissimum.
505 2057 587 2110 quem
605 2057 686 2095 nemo
704 2046 797 2109 potest
814 2058 996 2111 corrumpere.
1026 2037 1085 2102 bae,
1104 2055 1186 2109 quem
1203 2039 1266 2094 edet
1285 2039 1468 2110 archangelus
1485 2041 1521 2095 ad
1540 2040 1732 2096 convocandas
1758 2056 1853 2098 omnes

172 2132 200 2186 Si
221 2129 356 2185 fortitudo
386 2127 540 2198 quaeritur,
570 2126 776 2181 robustissimus
805 2139 857 2195 est,
889 2129 998 2198 sapiens
1026 2125 1120 2179 mundi
1139 2126 1345 2195 generationes,
1370 2132 1402 2179 ut
1418 2126 1448 2179 in
1465 2145 1551 2181 unum
1576 2127 1666 2182 locum
1691 2127 1855 2183 conveniant

171 2216 253 2271 corde
272 2220 300 2269 et
317 2211 395 2268 fortis
415 2211 528 2279 robore;
548 2210 570 2264 ai
592 2212 717 2282 aequitas
732 2212 840 2282 judicii,
858 2230 938 2270 nemo
951 2232 998 2268 an·
1025 2215 1052 2264 ιι
1079 2210 1205 2265 horribili
1229 2212 1337 2281 jndicio
1363 2218 1522 2282 praesentes
1549 2213 1648 2267 adsint.
1690 2214 1745 2268 Sed
1771 2230 1855 2283 super

171 2301 247 2356 debit
266 2316 317 2370 pro
333 2314 376 2353 me
394 2297 581 2352 testimoninm
601 2297 731 2362 reddere;
749 2297 772 2349 si
788 2298 941 2369 justificare
955 2318 997 2355 me
1025 2295 1118 2349 omnia
1136 2297 1259 2367 expende
1277 2298 1448 2353 tremendam
1466 2298 1556 2369 illam,
1582 2299 1611 2352 in
1632 2316 1687 2370 qua
1702 2299 1789 2369 judex
1806 2316 1852 2354 se-

170 2388 295 2454 voluern,
324 2400 355 2439 os
380 2400 471 2437 meum
501 2382 696 2438 condemnabit
725 2399 776 2437 me.
812 2384 931 2438 Pravum
955 2403 998 2440 me
1025 2383 1089 2450 niet,
1107 2383 1287 2451 maJestatem.

171 2469 370 2543 comprobabit,
390 2469 496 2524 etiamsi
521 2468 636 2539 simplex
663 2467 757 2535 fuero;
786 2469 844 2540 ipse
874 2471 942 2525 dixit
971 2479 998 2525 et
1058 2466 1163 2531 Quarto
1182 2469 1340 2532 considera,
1366 2487 1451 2540 quam
1476 2470 1573 2524 stricta
1596 2469 1691 2525 futura
1714 2472 1750 2525 sit
1774 2473 1854 2542 ratio,

169 2559 244 2614 facta
263 2561 340 2625 sunt3
359 2556 418 2624 ipse
437 2554 580 2608 mandavit
598 2560 626 2607 et
646 2563 739 2609 ereata
759 2562 831 2623 sunt,
849 2557 896 2627 qui
917 2563 998 2612 vocat
1024 2570 1095 2623 quae
1125 2570 1143 2607 a
1171 2554 1288 2626 singulis
1316 2554 1449 2625 exigetur.
1487 2556 1558 2610 Vere
1587 2557 1643 2612 scio
1672 2556 1775 2628 (inquit
1789 2558 1854 2614 ιιι).

170 2644 272 2708 ιιιιιιι,
288 2649 316 2697 ιι
334 2642 438 2705 ιιιιιιι,
461 2640 608 2708 ιιιιιιιιιι;
634 2641 681 2711 qni
706 2641 772 2695 facit
796 2642 910 2712 angelos
934 2660 998 2698 suos
1024 2655 1047 2692 c.
1067 2640 1116 2707 9.),
1139 2640 1213 2710 quod
1234 2640 1273 2694 ita
1291 2640 1341 2706 ιιι,
1361 2647 1389 2694 et
1408 2641 1483 2710 qnod
1501 2658 1557 2696 non
1579 2642 1747 2711 justificetur
1770 2643 1853 2699 homo

171 2733 282 2803 spiritus
300 2735 328 2784 et
347 2728 485 2783 ministros
503 2744 567 2782 suos
586 2727 723 2782 flammam
742 2728 822 2799 ignis.
848 2728 934 2799 Cujus
948 2747 997 2784 so·
1024 2725 1192 2795 compositus
1218 2725 1288 2782 Deo.
1323 2727 1352 2782 Si
1378 2727 1498 2782 soluerit
1524 2729 1690 2784 contendere
1721 2747 1783 2784 cum
1810 2746 1852 2796 eo,

170 2818 269 2874 luntati
290 2815 401 2872 omnino
422 2815 492 2868 nihil
510 2815 619 2882 resistit,
636 2814 681 2867 cui
701 2816 806 2869 nullum
825 2815 937 2869 verbum
957 2824 998 2870 est
1024 2829 1080 2866 non
1104 2813 1206 2881 poterit
1232 2813 1259 2868 ei
1281 2815 1447 2884 respondere
1476 2831 1560 2868 unum
1586 2832 1636 2884 pro
1665 2815 1745 2872 mille¹
1781 2815 1854 2879 Quid

168 2903 349 2976 impossibile,
367 2901 411 2956 cui
430 2900 550 2956 flectitur
569 2918 649 2956 omne
669 2918 743 2972 genu
756 2902 923 2970 coelestium,
945 2909 996 2958 ter·
1024 2899 1109 2969 igitur
1126 2899 1225 2954 sentiet
1244 2905 1319 2969 tunc,
1344 2917 1406 2955 cum
1423 2900 1500 2955 Deus
1518 2918 1632 2956 examen
1651 2902 1703 2957 hoc
1724 2919 1786 2957 cum
1804 2902 1853 2956 ιιιο

166 2991 296 3045 restrium
317 2995 345 3044 et
369 2987 545 3041 infernorum.
580 2986 663 3040 Hunc
686 3002 752 3057 ergo
785 2993 877 3057 potest
901 2988 998 3058 fugere
1024 2984 1193 3054 ingredietur
1211 2991 1239 3040 et
1256 2986 1328 3040 intra
1356 2987 1541 3042 conscientiae
1567 3004 1697 3042 arcanum
1719 2988 1794 3044 dicet
1815 2989 1853 3043 ei:

168 3094 264 3144 nemo,
292 3076 364 3129 sicut
380 3073 448 3126 dicit
467 3071 616 3142 propheta:
646 3072 674 3128 Si
695 3071 864 3128 adscendero
888 3075 917 3127 in
937 3091 996 3129 coe·
1023 3071 1159 3125 Adestum
1181 3072 1262 3128 homo
1287 3090 1419 3144 nequam,
1442 3074 1509 3144 quid
1535 3074 1564 3127 in
1581 3074 1754 3140 meridiati,
1779 3075 1853 3146 quod

169 3164 236 3229 lum,
252 3169 283 3215 tu
302 3160 359 3214 illic
375 3175 418 3228 ιιι
436 3159 459 3212 ιι
477 3158 646 3213 descendero
665 3159 700 3211 ad
716 3158 861 3228 infernum,
880 3166 910 3214 tu
923 3161 996 3215 ades.
1024 3157 1062 3211 ιιι
1081 3173 1124 3211 me
1143 3156 1299 3227 despexeris
1314 3165 1343 3212 et
1355 3159 1411 3212 ad
1403 3176 1509 3214 ιιιιιιιι
1522 3159 1575 3214 mei
1588 3167 1681 3230 partes
1692 3159 1852 3214 transiens?

169 3249 233 3319 lpse
256 3251 393 3301 scrutatur
415 3261 494 3299 renes
521 3249 548 3298 et
572 3244 668 3313 corda,
693 3247 773 3316 cujus
796 3246 883 3299 oculis
907 3248 997 3302 omnia
1025 3241 1084 3314 Ego
1105 3250 1132 3298 te
1151 3244 1212 3297 ad
1205 3246 1352 3314 imaginem
1370 3251 1398 3300 et
1418 3246 1627 3301 similitudinem
1646 3263 1735 3302 meam
1753 3246 1853 3309 creavi,

169 3334 246 3389 nuda
264 3339 330 3387 sunt
347 3338 375 3386 et
392 3336 497 3400 aperta
529 3330 583 3395 Qui
602 3328 713 3399 pluviae
729 3337 822 3401 guttas
841 3338 869 3386 et
886 3348 996 3387 arenam
1024 3345 1076 3400 ego
1097 3329 1148 3384 tibi
1166 3329 1231 3384 fidei
1249 3329 1341 3384 lumen
1361 3349 1421 3384 sum
1439 3333 1565 3402 largitus,
1583 3349 1635 3405 ego
1653 3333 1703 3387 tibi
1719 3314 1852 3403 eamgia·

169 3421 252 3476 maris
270 3419 431 3473 dinumerat.
467 3416 544 3470 Deus
563 3415 739 3470 scientiarum
757 3417 902 3483 Dominus,
920 3436 996 3488 prae·
1023 3415 1090 3469 tiam
1108 3414 1227 3479 contuli,
1249 3422 1280 3470 ut
1298 3416 1470 3472 Christianus
1490 3435 1577 3481 esses,
1595 3435 1712 3489 meoque
1729 3419 1851 3517 pretioso

169 3512 243 3564 scius
261 3506 383 3562 omnium
403 3510 431 3557 ιι
450 3502 576 3558 ιιιιιιιι
593 3502 778 3573 singulorum,
806 3505 931 3559 occultus
952 3523 995 3560 oo·
1023 3502 1158 3572 sanguine
1176 3506 1204 3556 te
1222 3501 1334 3568 redemi,
1352 3521 1402 3573 pro
1420 3506 1477 3558 ιι
1465 3505 1608 3574 jejunavi,
1626 3505 1678 3559 iter
1695 3504 1763 3570 feci,
1782 3504 1852 3575 rigi·

168 3595 320 3659 cultorum,
348 3589 468 3645 omnium
494 3589 648 3657 indagator.
690 3589 773 3643 Hunc
798 3607 878 3646 nemo
906 3599 997 3661 potest
1023 3586 1091 3655 ιιιι,
1119 3587 1244 3642 laboravi
1262 3595 1290 3643 et
1309 3591 1475 3661 sanguineae
1496 3597 1590 3662 guttas
1614 3590 1728 3658 sudavi,
1750 3607 1802 3661 pro
1825 3595 1852 3646 te

168 3681 263 3743 latere,
287 3677 360 3732 sicut
379 3675 447 3729 dicit
467 3674 618 3745 apostolus.
653 3674 716 3729 Non
737 3683 779 3730 ιιι
796 3677 854 3730 ulla
871 3684 996 3732 creatura
1024 3674 1234 3743 persecutiones,
1253 3674 1349 3746 flagra,
1368 3674 1566 3746 blasphemias,
1585 3677 1733 3747 irrisiones,
1748 3676 1852 3748 alapas,

167 3764 314 3820 invisibilis
334 3765 362 3818 in
383 3767 533 3831 conspectu
551 3762 618 3829 ejus.
654 3760 718 3831 Ipse
737 3769 778 3817 est
793 3763 880 3832 judex
894 3767 995 3835 justus,
1023 3760 1203 3830 ignominias,
1224 3749 1360 3816 tormenta
1379 3768 1408 3816 et
1427 3780 1535 3816 crucem
1557 3763 1646 3833 ipsam
1663 3780 1762 3834 passus
1783 3783 1850 3819 sum.

10 3844 81 3903 ¹¹1.
102 3872 151 3914 aaa.
164 3853 244 3909 sorus
261 3858 289 3906 et
307 3849 485 3921 longanimis,
506 3847 552 3918 qui
568 3863 618 3900 nec
637 3864 733 3917 prece,
754 3865 805 3903 nec
823 3852 927 3920 pretio,
944 3868 996 3906 neo
1021 3845 1119 3900 Testes
1144 3854 1208 3901 nunt
1233 3848 1302 3903 haec
1325 3866 1392 3903 crux
1419 3856 1446 3905 et
1471 3849 1498 3902 hi
1522 3849 1608 3918 clavi,
1638 3850 1686 3920 qui
1710 3851 1756 3905 hic
1779 3868 1851 3908 corn-

166 3954 268 4008 amore,
287 3954 339 3992 nec
358 3936 422 3992 odio
444 3934 564 3989 declinat
585 3951 602 3987 a
622 3934 719 3988 semita
738 3935 920 3999 rectitudinis,
947 3939 994 3992 sed
1021 3938 1133 4002 parent3
1162 3940 1246 3989 testes
1276 3935 1344 3989 haec
1372 3952 1502 3990 manuum
1531 3943 1559 3990 ιι
1585 3937 1688 4007 pedum
1713 3938 1850 4009 stigmata,

166 4027 213 4080 via
229 4025 307 4096 regia
325 4039 432 4092 semper
452 4020 591 4076 incedens.
619 4019 733 4075 Nullum
751 4023 851 4076 malum
864 4026 996 4092 praeterit
1023 4019 1140 4089 quaein
1157 4038 1217 4075 meo
1237 4038 1353 4091 corpore
1373 4029 1576 4091 remansenmt;
1594 4029 1679 4078 testea
1697 4025 1804 4081 coelum
1823 4032 1851 4080 et

166 4112 339 4181 impunitum,
362 4109 466 4162 nullum
487 4106 589 4161 bonum
608 4105 836 4162 irremuneratum
854 4109 994 4181 relinquit.
1021 4112 1108 4165 terra,
1132 4105 1295 4176 inquorum
1315 4114 1668 4179 conspectupassussum.
1704 4111 1776 4176 Quid
1800 4111 1852 4181 igi·

168 4199 249 4252 Hunc
278 4213 344 4266 ergo
373 4209 452 4249 nemo
479 4197 571 4263 potest
599 4209 788 4264 corrumpere,
812 4196 893 4264 juxta
920 4199 994 4266 quod
1021 4197 1067 4244 tur
1089 4191 1178 4246 fecisti
1204 4210 1266 4246 cnm
1292 4192 1344 4247 hac
1371 4195 1463 4247 anima
1488 4201 1549 4264 ιιι,
1575 4211 1657 4265 quam
1685 4211 1736 4265 ego
1762 4212 1849 4252 meam

167 4283 235 4338 dicit
264 4283 399 4353 psalmus:
434 4279 543 4334 Reddas
573 4279 690 4350 singulis
724 4282 874 4335 secundum
912 4300 996 4352 opera
1022 4295 1083 4333 meo
1102 4279 1238 4349 sanguine
1259 4279 1401 4334 feceram?
1435 4281 1470 4335 In
1495 4281 1574 4349 cujus
1601 4280 1762 4352 obsequium
1785 4298 1849 4336 con·

166 4385 270 4424 eorum.
1022 4365 1156 4429 sumsisti,
1181 4365 1255 4436 quod
1278 4373 1407 4436 egotam
1424 4382 1486 4421 care
1504 4366 1682 4436 comparavi?
1716 4364 1740 4420 Ο
1765 4383 1849 4438 gene·

1023 4451 1094 4506 ratio
1112 4451 1197 4505 stulta
1215 4455 1243 4504 et
1260 4451 1401 4520 adultera,
1423 4467 1508 4522 qnare
1526 4452 1646 4506 maluisti
1665 4452 1774 4509 inimico
1799 4459 1848 4511 tuo

1022 4555 1084 4592 cum
1109 4536 1203 4592 labore
1229 4554 1311 4607 quam
1338 4536 1403 4590 mihi
1432 4537 1548 4591 creatori
1575 4544 1601 4590 et
1629 4538 1777 4594 redemtori
1799 4546 1848 4598 tuo

1022 4641 1083 4677 cum
1102 4624 1208 4678 laetitia
1227 4623 1378 4677 inservire?
1414 4624 1529 4689 Quoties
1548 4625 1645 4680 rocavi
1663 4642 1721 4697 vos,
1748 4634 1777 4683 et
1792 4645 1848 4684 non

201 4713 353 4770 Considera
370 4710 502 4782 primum,
528 4726 610 4780 qnam
630 4709 724 4764 futura
744 4710 780 4763 sit
800 4710 858 4764 dios
876 4711 924 4766 illa
941 4718 993 4766 ter·
1021 4709 1088 4763 mihi
1107 4709 1301 4778 respondistis;
1320 4709 1428 4779 pulsavi
1448 4710 1484 4763 ad
1500 4713 1601 4781 januas
1618 4720 1732 4780 vestras,
1756 4720 1784 4770 et
1801 4731 1848 4771 no·

166 4799 268 4867 ribilia,
299 4799 327 4852 in
357 4815 412 4869 qua
440 4795 598 4866 aperientur
624 4810 725 4849 ιιιιιιι
756 4812 849 4851 omnes
875 4797 993 4852 filiorum
1023 4796 1111 4850 luistis
1136 4795 1261 4864 excitari,
1296 4796 1406 4850 extendi
1431 4814 1529 4852 manus
1551 4815 1625 4853 meas
1648 4799 1676 4854 in
1700 4817 1795 4869 cruce,
1822 4805 1917 4856 etxlx.
1931 4812 1977 4855 aaa.

167 4886 257 4940 Adam
278 4889 443 4954 nocuasque
462 4883 536 4937 ritae
554 4880 647 4935 cuncti
667 4898 811 4951 processus
829 4882 993 4937 concluden·
1021 4899 1067 4935 eas
1086 4899 1141 4937 non
1162 4881 1340 4951 adspexistis3
1359 4898 1421 4938 mea
1438 4884 1562 4948 consilia,
1580 4886 1715 4954 promissa
1733 4893 1761 4940 et
1777 4903 1848 4941 com·

167 4978 225 5037 tur,
248 4977 275 5026 et
293 4970 391 5045 ultima
415 4969 549 5024 sententia
573 4969 608 5024 de
633 4986 802 5040 unoquoque
826 4969 994 5034 decernetur,
1021 4967 1184 5023 minationes
1211 4969 1401 5023 contemsistis.
1444 4969 1536 5025 Dicite
1561 4987 1626 5042 ergo
1650 4989 1723 5027 nunc
1744 4989 1807 5044 vos,
1833 4989 1849 5033 o

166 5055 351 5112 irrevocabilis
363 5055 392 5109 in
405 5062 553 5109 aeternum.
583 5054 649 5109 Dies
663 5054 802 5111 horribilis
814 5055 903 5121 valde,
923 5071 994 5125 qnae
1022 5055 1123 5127 angeli,
1139 5054 1265 5125 judicate
1282 5072 1346 5125 vos,
1360 5055 1470 5125 judices
1485 5063 1513 5112 et
1530 5073 1679 5112 assessores
1697 5058 1759 5128 mei,
1779 5058 1851 5116 inter

167 5143 287 5199 omnium
317 5141 472 5197 seculorum
497 5141 721 5211 praeteritorum,
751 5139 935 5211 praesentium
961 5157 993 5194 ιι
1022 5160 1065 5197 me
1083 5149 1111 5198 et
1141 5142 1249 5197 vineam
1268 5160 1371 5212 meam,
1397 5144 1465 5215 qnid
1485 5144 1602 5214 amplius
1630 5143 1712 5199 debui
1743 5162 1793 5216 pro
1817 5164 1850 5204 ea

166 5228 321 5284 futurorum
340 5228 398 5282 dies
416 5227 621 5298 complectetur,
639 5226 865 5297 inquamnndus
880 5225 991 5283 istorum
1021 5227 1120 5295 facere,
1145 5245 1227 5300 qnam
1245 5228 1320 5284 feci?
1354 5230 1428 5294 Quid
1459 5230 1504 5285 hic
1530 5228 1736 5299 respondebunt
1765 5233 1850 5288 mali?

168 5315 288 5370 omnium
309 5319 464 5384 temporum
477 5315 611 5368 rationem
621 5313 726 5380 reddet,
746 5329 827 5383 quam
848 5318 921 5368 atot
934 5314 992 5382 jam
1021 5314 1087 5385 quid
1107 5320 1290 5371 contemtores
1313 5335 1404 5372 rerum
1430 5316 1605 5370 divinamm?
1635 5315 1701 5386 quid
1725 5316 1849 5374 irrisores

167 5400 266 5456 seculis
277 5400 419 5456 collectam
429 5398 520 5455 habet.
542 5400 650 5464 Quanto
664 5399 749 5470 igitur
760 5399 863 5469 impetn
871 5376 1147 5513 prorum-inntens?
1186 5401 1252 5472 quid
1280 5402 1462 5473 simplicitatis
1490 5402 1691 5471 vilipensores?
1726 5403 1793 5475 qnid
1822 5407 1850 5473 ιι,

166 5490 214 5557 pet
230 5485 436 5555 copiosissimus
464 5486 508 5541 ille
531 5485 630 5540 fluvius
652 5485 849 5556 indignationis
874 5485 991 5551 divinae,
1020 5487 1068 5555 qui
1087 5487 1163 5559 leges
1179 5488 1276 5543 mundi
1294 5506 1377 5560 quam
1394 5488 1501 5543 divinas
1523 5488 1611 5559 pluris
1634 5488 1774 5557 fecerunt,
1801 5492 1849 5563 qui

380 4572 524 4627 Meditatio
545 4571 658 4626 extremi
675 4570 783 4641 judicii.
