4050 6014
205 198 265 256 270
855 187 1087 245 TRACTATUS
1103 188 1273 253 QUINTUS

159 368 164 383 =
205 349 479 413 rapueramus.
501 349 528 398 et
547 343 659 414 quidam
679 359 711 397 ex
728 342 898 397 calvinianis
918 344 1035 399 Kecher·
1064 344 1265 400 exactoribus:
1285 344 1630 403 BasiliurinPsalm.btt
1650 347 1986 418 castissimorum

204 446 322 483 mannus
341 430 368 483 in
388 435 497 500 system.
521 427 603 482 theol.
624 423 683 497 cap.
704 434 728 482 7.
748 445 811 498 pag.
825 433 882 485 278.
900 429 1037 483 Zanehtus
1065 426 1179 499 ἰοβόλον
1196 437 1241 486 καὶ
1261 429 1452 508 σαρκοφάγον,
1472 427 1618 500 ἀπλήστως
1636 437 1734 489 iaftior
1747 441 1792 488 set
1811 437 1898 505 μηδέ·
1911 406 1986 453 ΜΗ

205 515 232 569 in
253 521 276 571 2.
296 515 392 569 Thess.
417 521 437 570 1.
462 521 527 569 tom.
546 520 570 572 6.
595 531 668 584 oper.
686 513 734 569 fol.
755 520 812 570 458.
849 514 990 569 Alstedius
1009 515 1037 568 in
1064 535 1130 571 aare
1153 513 1363 592 asperrimum,
1391 516 1550 591 ἀφορήτους
1575 516 1677 581 ὀδύνας
1701 523 1842 596 ἐμποιοῦν
1866 525 1900 597 τῇ

204 600 287 658 theol.
308 600 444 671 polemico
463 606 532 670 part.
548 607 572 655 1.
591 608 712 655 controv.
729 606 767 656 11.
785 616 847 671 pag.
864 606 920 656 316.
942 601 1036 655 Poste·
1064 599 1246 675 καταβρώσει,
1270 605 1404 656 vermium
1428 622 1515 670 perire
1544 622 1674 658 venenum
1696 607 1847 661 immittens
1866 625 1900 661 ac

204 686 302 741 riorem
328 687 383 749 late
413 685 533 757 probant
558 685 711 739 Raiuoldus
741 686 775 738 de
803 685 863 739 libr.
887 703 984 741 canon.
1010 696 1038 742 et
1064 705 1175 740 earnem
1197 707 1308 755 vorans,
1336 691 1541 758 inexplebiliter
1559 695 1644 744 salens
1667 709 1753 763 nsqrre
1776 711 1899 762 unquam

204 772 353 843 apocryph.
378 779 443 831 tom.
471 777 491 827 1.
516 771 644 842 praelect.
671 779 712 828 51.
739 789 802 842 pag.
827 776 884 828 630.
911 781 939 827 ct
962 789 1036 843 seqq.
1064 775 1239 828 saturitatem
1254 775 1381 837 sentiens,
1396 777 1587 830 intolerabiles
1600 778 1714 831 dolores
1728 781 1791 848 ipsa
1802 796 1897 832 corro-

204 857 317 913 Tilenus
342 865 413 930 part.
433 864 456 915 2.
479 859 581 928 disput.
607 863 648 914 66.
671 857 709 912 th.
730 863 771 913 ll.
792 863 820 911 et
840 876 915 929 seqq.
936 858 1037 913 lunius
1065 861 1142 912 sione
1166 860 1290 929 iniquus.
1331 862 1453 930 Cprillus
1480 862 1684 917 Alexandrinus
1712 864 1739 917 in
1770 871 1832 918 orat
1865 865 1900 917 de

204 945 231 998 in
250 945 323 999 notis
343 944 379 998 sd
399 950 520 1001 controv.
534 951 556 998 5.
573 943 754 998 Bellarminus
773 944 819 997 lib.
835 947 856 999 2.
875 944 909 998 de
927 949 1036 1014 purgat.
1064 945 1138 999 exitu
1158 946 1264 1000 animae
1283 955 1365 1000 vocat
1384 949 1499 1008 foedum
1515 957 1539 1001 et
1557 949 1675 1003 olentem
1688 967 1815 1006 carmem.
1843 951 1900 1003 Au—

204 1045 264 1101 cap.
286 1037 325 1086 15.
346 1048 419 1085 uum.
439 1037 461 1086 4.
489 1029 547 1086 Nos
566 1037 588 1086 1.
606 1029 723 1083 dicimus
743 1047 803 1082 cum
815 1030 971 1101 Augustino
990 1029 1037 1086 lib.
1065 1032 1191 1102 guntinus
1219 1031 1267 1086 lib.
1290 1038 1329 1088 21.
1359 1034 1393 1087 de
1421 1034 1471 1090 civ.
1491 1035 1543 1088 Dei
1571 1052 1630 1106 cap.
1652 1043 1680 1092 9:
1707 1037 1808 1104 Elipat
1825 1037 1900 1106 quir·

204 1121 245 1172 20.
270 1117 304 1172 de
333 1117 407 1172 civit.
432 1117 485 1171 Dei
505 1134 566 1187 cap.
589 1122 634 1173 16:
662 1117 824 1184 Cujrmmodi
846 1118 883 1169 sit
903 1118 976 1181 ipnis
993 1116 1038 1168 in-
1065 1134 1125 1184 σον,
1144 1120 1221 1187 quod
1234 1119 1339 1186 placet,
1360 1123 1512 1188 autipnern
1528 1121 1786 1191 tribuerecorpori,
1805 1123 1899 1176 aeirus

203 1205 335 1269 funalis,
354 1205 492 1257 bominem
504 1205 576 1257 scire
589 1204 714 1257 arbitror
730 1203 873 1270 neminem,
888 1205 944 1255 nisi
956 1205 1037 1268 sorte
1067 1220 1197 1269 vermem,
1220 1213 1269 1258 out
1293 1213 1439 1274 utrumque
1462 1209 1580 1276 proprie
1598 1209 1720 1277 corpori.
1755 1207 1835 1261 ldern
1856 1209 1899 1262 sel

204 1290 251 1343 cui
264 1290 388 1359 Spiritus
404 1291 517 1345 divinus
531 1290 660 1342 ostendit.
696 1289 770 1342 ldern
785 1287 831 1341 lib.
849 1295 871 1345 8.
886 1288 920 1342 de
935 1288 1037 1343 Genea.
1065 1289 1222 1361 quicunque
1239 1290 1309 1345 alius
1322 1297 1419 1345 auctor
1437 1293 1465 1346 in
1483 1292 1532 1346 lib.
1552 1293 1587 1346 de
1600 1293 1703 1362 triplici
1724 1293 1900 1347 habitaculo:

205 1375 240 1432 ad
255 1376 370 1434 literam¹
387 1393 410 1430 c.
425 1384 448 1433 b.
464 1377 617 1447 disputans,
636 1395 673 1428 an
686 1377 797 1428 animae
809 1392 925 1444 corpore
940 1384 1037 1429 ceretae
1066 1373 1100 1426 In
1124 1375 1236 1439 inferno
1261 1385 1300 1429 est
1318 1379 1457 1443 feracitas
1475 1379 1635 1441 bestiarum,
1662 1379 1830 1433 dilaceratio
1851 1381 1899 1431 im·

203 1464 275 1519 locis
290 1464 477 1534 corporaliter
489 1464 645 1519 visibilibus
663 1463 865 1530 contineantur,
885 1463 1038 1533 subjungit,
1066 1458 1226 1514 mortalium
1255 1463 1396 1517 vermium.
1448 1464 1555 1534 llaymo
1581 1464 1610 1519 in
1635 1482 1692 1535 cap.
1715 1469 1756 1520 66.
1780 1464 1845 1518 Eas.
1870 1465 1899 1518 in

205 1550 234 1604 ei
252 1551 314 1620 qais
333 1553 367 1603 id
383 1551 520 1619 affirmat,
539 1568 595 1604 non
613 1551 761 1611 defuturos
781 1566 847 1616 csse,
868 1550 918 1618 qui
932 1549 973 1600 sic
983 1551 1035 1615 so·
1066 1546 1154 1601 medio
1184 1546 1321 1619 relinquit.
1350 1548 1516 1602 Anshelmus
1545 1549 1573 1602 iu
1600 1550 1762 1604 elucidario:
1802 1551 1900 1603 Tertia

204 1646 294 1704 ceant,
312 1645 342 1690 ret
356 1638 438 1690 illurn
457 1637 539 1691 se'am
553 1637 665 1689 diuitem
677 1637 813 1689 sitientem
826 1636 856 1687 in
868 1635 930 1688 loco
943 1639 1037 1703 utique
1063 1649 1155 1700 poena
1173 1633 1200 1685 in
1218 1635 1388 1700 inferno'est
1399 1651 1503 1688 normes
1518 1635 1697 1700 immortales,
1714 1637 1765 1689 boc
1783 1644 1825 1689 est
1843 1654 1900 1689 ser·

205 1723 350 1793 corporali
365 1725 455 1788 fuisse
473 1723 651 1787 contendant,
675 1722 819 1791 ipsamque
838 1722 960 1774 animam
982 1738 1037 1773 om·
1063 1727 1159 1787 pentes
1182 1726 1208 1772 et
1231 1722 1369 1774 dracones
1386 1721 1448 1774 mors
1464 1730 1490 1774 et
1509 1722 1592 1775 sibila
1612 1722 1779 1786 horribiles,
1802 1725 1853 1794 qui
1870 1730 1899 1776 ut

206 1811 273 1863 nina
303 1826 361 1863 esse
384 1826 550 1878 corpoream
569 1817 686 1878 propter
710 1817 831 1863 arentem
860 1809 985 1877 liupuam
1013 1816 1038 1860 et
1060 1805 1154 1874 pisces
1174 1807 1203 1858 in
1222 1824 1304 1874 aqua,
1325 1806 1366 1859 ita
1385 1807 1480 1860 cierent
1504 1809 1533 1859 in
1555 1808 1681 1877 flammo.
1720 1807 1899 1864 Innocentius

206 1897 312 1949 stillam
334 1912 425 1965 aquae
441 1897 477 1948 de
491 1894 599 1948 Lazari
616 1895 704 1964 dipito
724 1895 899 1962 concupitam
915 1912 1038 1963 pronun·
1065 1889 1156 1946 libb.
1181 1890 1215 1944 de
1241 1897 1379 1945 contemtu
1400 1891 1496 1945 mundi
1517 1893 1575 1946 sive
1599 1894 1764 1949 demiseris
1786 1896 1897 1949 human.

206 1983 279 2035 tiore
298 2000 354 2035 non
376 1983 508 2050 dubitent,
529 1999 588 2034 cum
609 1980 715 2050 quibus.
735 1980 834 2050 inquit,
854 1997 903 2048 opo
924 1982 958 2032 de
980 1989 1036 2032 tam
1064 1976 1284 2031 conditiones:
1297 1975 1401 2029 Veranio
1414 1977 1766 2050 ctipnrsuterqneduplsr,
1783 1981 1900 2034 interior

206 2086 309 2136 mapsa
325 2068 486 2138 mercatione
505 2067 586 2120 nullo
606 2067 757 2120 temeritate
778 2069 906 2136 constipo.
932 2067 1037 2121 Melissa
1065 2072 1089 2116 ct
1100 2063 1228 2118 esterior.
1247 2063 1378 2127 Interior,
1390 2064 1441 2132 qui
1446 2066 1524 2117 rodit
1533 2072 1559 2117 et
1568 2066 1627 2118 urit
1637 2083 1699 2127 σονς
1710 2067 1841 2134 exterior,
1852 2067 1900 2136 qui

205 2163 247 2210 est
266 2155 338 2208 enirn
357 2155 487 2208 dubitare
513 2155 548 2207 de
567 2153 684 2207 occultis
705 2170 787 2221 quam
810 2153 924 2221 litigare
942 2154 978 2204 de
997 2152 1038 2204 in·
1064 2150 1141 2203 rodit
1168 2158 1197 2204 et
1222 2149 1280 2202 urit
1303 2168 1412 2218 corpus.
1455 2149 1539 2221 Hugo
1564 2150 1724 2205 Victorinus
1746 2151 1793 2206 lib.
1812 2160 1837 2209 t.
1864 2152 1898 2206 de

207 2242 299 2295 certis.
334 2241 425 2295 Illrrm
447 2240 551 2309 quippe
575 2240 687 2291 diuitem
713 2240 742 2290 in
766 2240 869 2292 ardore
881 2254 1037 2310 poenarum
1064 2234 1145 2288 anim.
1171 2252 1230 2306 cap.
1250 2240 1292 2290 le:
1321 2236 1356 2289 Ia
1383 2235 1497 2297 inferno
1525 2254 1617 2291 omnes
1644 2239 1844 2292 comburuntor
1862 2247 1897 2315 pt

206 2334 231 2381 et
251 2326 332 2380 illum
349 2342 504 2394 pauperem
523 2326 553 2376 in
572 2325 728 2394 refrigerio
748 2324 918 2390 paudiorum
936 2325 1037 2377 intelli·
1065 2322 1201 2374 vermibus
1213 2324 1410 2384 corroduntur,
1429 2331 1694 2390 nocconsumuntur‚
1712 2325 1896 2395 qrriaoerrnis

205 2414 312 2483 pendor
334 2427 393 2464 esse
410 2427 465 2463 non
481 2409 591 2472 dubito,
619 2411 671 2462 sed
692 2410 829 2478 quomodo
853 2409 1037 2477 intellipenda
1065 2426 1158 2462 earum
1173 2427 1228 2460 non
1241 2410 1367 2475 moritur,
1380 2409 1453 2475 ipnis
1467 2427 1520 2461 non
1536 2410 1728 2475 crstinpuitur.
1747 2410 1788 2464 Ex
1802 2410 1896 2466 Ponti·

205 2499 243 2552 sit
269 2498 323 2551 illa
345 2499 463 2566 flamma
491 2497 622 2561 inferna,
646 2496 694 2548 ille
713 2496 790 2548 rinus
808 2495 957 2565 Abrabae,
983 2495 1036 2549 illa
1065 2491 1133 2547 ficiis
1151 2494 1223 2548 idem
1244 2494 1341 2548 statuit
1359 2494 1483 2550 Serarius
1499 2495 1529 2549 in
1552 2512 1613 2566 cap.
1634 2501 1670 2551 16.
1692 2496 1799 2551 Judith.
1827 2514 1853 2569 q.
1873 2502 1896 2553 6.

205 2585 304 2651 linpua
329 2584 439 2648 dicitis,
463 2582 514 2636 ille
533 2583 640 2649 dipitur
658 2583 806 2651 pauperia
826 2583 879 2634 illa
898 2583 960 2635 sites
981 2590 1036 2635 tor·
1065 2579 1212 2635 Probabile
1228 2581 1256 2635 id
1269 2598 1328 2636 esse
1343 2583 1471 2653 judicant
1482 2583 1609 2638 Sanctius
1625 2585 1652 2637 in
1668 2601 1763 2640 comm.
1779 2584 1843 2639 Esa.
1857 2590 1896 2641 66.

205 2671 298 2737 menti,
316 2670 368 2722 illa
387 2670 468 2722 stilla
490 2669 646 2737 refrigerii,
665 2669 711 2720 oia
727 2670 882 2732 fortassee
897 2677 1036 2721 monetote
1065 2668 1212 2721 Barradius
1230 2668 1278 2724 lib.
1299 2675 1338 2724 ltt.
1359 2685 1428 2722 corn.
1448 2685 1545 2740 evang.
1565 2687 1624 2739 cap.
1645 2678 1669 2727 5.
1686 2689 1713 2742 p.
1733 2676 1790 2729 621.
1820 2670 1896 2742 Thy·

205 2756 410 2827 quoerentibus,
437 2774 455 2808 a
474 2756 641 2808 contentiose
659 2763 751 2808 autem
770 2756 938 2807 certantibus
958 2756 1037 2809 nullo
1065 2769 1144 2807 raeus
1167 2753 1213 2807 lib.
1236 2754 1270 2807 de
1293 2754 1362 2825 glor.
1388 2754 1488 2809 Christi
1517 2758 1633 2825 apparit.
1662 2772 1722 2826 cap.
1747 2761 1788 2813 ts.
1807 2775 1834 2810 n.
1858 2762 1897 2812 61.

204 2846 288 2898 modo
309 2843 455 2896 inuenitur.
490 2839 522 2895 Iu
540 2840 642 2895 Psalm.
663 2846 708 2898 86:
729 2840 812 2904 Quod
829 2841 955 2908 dicimus,
973 2845 1036 2905 fra·
1064 2840 1123 2911 tubi
1145 2841 1227 2895 etiam
1249 2839 1386 2911 disputat,
1413 2843 1496 2893 etiam
1521 2843 1617 2907 sulfur
1636 2859 1670 2895 ac
1688 2845 1780 2911 picem
1802 2861 1897 2897 acram

205 2937 269 2992 tres,
291 2931 326 2982 de
343 2930 466 2996 inferno,
484 2930 511 2981 si
529 2946 584 2980 non
603 2929 679 2981 uobis
699 2935 831 2996 tanquam
850 2936 941 2981 certus
955 2945 1036 3001 copo·
1065 2929 1093 2979 in
1111 2928 1225 2992 inferno
1239 2928 1312 2997 fore,
1330 2935 1386 2980 turu-
1405 2928 1471 2996 qpia
1488 2931 1648 2981 neccssaria
1666 2930 1703 2982 sit
1723 2929 1820 2998 aliqua
1840 2947 1896 2983 ma·

205 3033 295 3080 mero,
316 3032 350 3069 ue
366 3016 559 3083 succenseatis,
577 3016 658 3068 bomo
679 3017 751 3067 enim
770 3033 838 3081 sum,
860 3022 885 3067 ct
904 3025 1037 3084 quantum
1063 3015 1145 3083 teria,
1172 3015 1200 3067 in
1228 3032 1283 3085 qua
1307 3014 1381 3082 ipsis
1405 3014 1560 3078 infernalis
1578 3017 1763 3084 accendatur,
1788 3024 1845 3069 tum
1864 3033 1897 3070 ne

205 3103 368 3156 conceditur
386 3104 420 3157 dc
442 3101 599 3170 Scripturis
619 3101 733 3170 sanctis,
759 3107 862 3154 tantum
882 3102 973 3154 arrdea
994 3104 1037 3153 di·
1064 3101 1198 3154 odoratui
1219 3103 1416 3154 darnnmorum
1444 3119 1497 3153 sua
1527 3101 1617 3152 desint
1641 3111 1784 3156 tomenta.
1826 3101 1896 3156 Con·

205 3206 275 3255 core,
297 3188 370 3240 nibil
389 3205 421 3242 ec
438 3204 488 3241 me.
527 3188 676 3251 Internum
693 3203 743 3240 nec
761 3203 811 3256 epo
832 3195 960 3256 expertus
978 3206 1037 3240 suns
1064 3188 1177 3241 trarium
1193 3193 1321 3241 statuunt
1339 3187 1393 3254 illi,
1419 3187 1465 3257 qui
1485 3186 1559 3241 hunc
1575 3204 1693 3240 vermem
1711 3188 1897 3259 metaphorice

204 3275 307 3346 adbuc,
325 3290 375 3327 nec
392 3291 447 3330 ror.
481 3272 639 3328 utstatim
661 3280 735 3327 certo
750 3272 904 3337 statuimus,
926 3272 1036 3326 damna·
1064 3275 1205 3343 accipiunt
1229 3275 1375 3327 demorsa
1395 3275 1594 3342 conscientiae,
1620 3291 1735 3344 quorum
1759 3273 1846 3328 verba
1871 3281 1898 3330 et

204 3366 248 3416 tos
266 3377 321 3414 non
340 3359 427 3414 solum
446 3360 473 3413 in
495 3359 639 3413 animabus
660 3358 708 3412 sed
727 3358 809 3412 etiam
829 3358 856 3411 in
878 3357 1038 3428 corporibus
1065 3360 1183 3414 rationes
1198 3360 1364 3414 adduximus
1381 3360 1508 3429 superius
1529 3356 1556 3434 ξ.
1571 3366 1611 3415 51.
1630 3358 1750 3413 Thomas
1769 3362 1796 3414 in
1810 3361 1896 3415 addit.

206 3448 264 3501 fore
289 3447 472 3519 torquendos,
498 3452 529 3499 ut
552 3451 649 3516 postea
674 3443 919 3499 demonstrabitur:
946 3461 979 3498 ex
1006 3463 1038 3500 eo
1066 3465 1091 3517 q.
1106 3452 1146 3501 et.
1168 3450 1254 3501 arta.
1271 3452 1362 3517 negat,
1383 3462 1489 3500 vermes
1508 3446 1569 3500 illos
1587 3447 1695 3516 proprie
1711 3447 1897 3516 accipiendos,

205 3549 272 3588 vero
290 3551 344 3587 non
364 3538 455 3602 potest
472 3540 547 3585 certo
567 3536 595 3584 ct
614 3529 769 3600 apodictico
787 3529 922 3598 concludi,
941 3530 1037 3584 instru-
1065 3539 1093 3587 et
1117 3548 1150 3586 ex
1176 3532 1300 3603 professo
1325 3533 1481 3602 opinionem
1507 3533 1584 3585 illam
1609 3533 1760 3604 impugnat.
1796 3532 1898 3589 Nostra

205 3625 299 3674 menta
319 3634 469 3686 poenarum
493 3616 667 3670 infernalium
695 3614 753 3669 fore
781 3616 944 3686 corporalia,
974 3618 1039 3687 quia
1067 3635 1135 3689 quse
1153 3618 1188 3671 sit
1206 3618 1355 3687 sententia,
1376 3635 1408 3672 ex
1429 3618 1617 3673 antecedentis
1635 3617 1805 3690 quaestionis
1826 3620 1897 3676 deci·

205 3704 288 3759 ctiam
308 3703 463 3774 spiritualia
481 3719 579 3772 corpus
597 3708 708 3771 propter
724 3701 897 3755 essentialem
915 3702 1037 3774 ejusdem
1066 3707 1142 3760 sione
1158 3704 1240 3758 facile
1259 3712 1382 3775 apparet,
1401 3705 1497 3759 iisdem
1518 3706 1590 3759 enirn
1604 3706 1772 3776 argumentis
1787 3707 1897 3777 probari

204 3807 267 3846 cum
286 3791 377 3844 anima
396 3787 551 3863 corriperer
572 3794 618 3842 καὶ
638 3785 819 3862 συμπάθειαν
836 3789 959 3843 cruciare
977 3807 1038 3859 pos·
1066 3799 1092 3845 et
1111 3791 1246 3846 confutari
1266 3791 1334 3846 haec
1356 3791 1417 3861 ipss.
1442 3797 1567 3862 quaestio
1587 3797 1686 3862 potest.
1727 3790 1832 3864 Urgent
1852 3811 1897 3863 pe·

206 3882 279 3931 sunt.
318 3880 342 3931 3.
364 3875 476 3932 Certum
492 3876 574 3929 etiarn
595 3874 672 3942 illud,
692 3875 784 3944 ignem
797 3873 959 3928 infernalem
976 3893 1037 3945 pro·
1066 3877 1205 3932 culiariter
1228 3877 1283 3931 dno
1309 3875 1467 3947 Scripturas
1491 3878 1559 3932 loca.
1605 3878 1711 3933 Judith.
1740 3882 1781 3945 16,
1807 3896 1832 3934 v.
1852 3885 1898 3935 21:

206 3961 373 4034 prietatibus
393 3960 504 4016 differre
523 3961 558 4014 ab
579 3961 643 4031 igne
663 3959 822 4015 elementari
840 3969 867 4016 ct
885 3961 1038 4027 diaconico,
1067 3963 1154 4017 Dabit
1172 3964 1262 4028 ipram
1286 3971 1312 4015 et
1332 3981 1437 4017 ommes
1456 3965 1485 4015 in
1509 3981 1607 4017 carnes
1625 3981 1726 4016 eorum.
1749 3963 1854 4018 Sirach.
1875 3971 1898 4028 ’1,

206 4054 237 4103 ut
255 4048 381 4118 superius
398 4046 650 4101 demonstravimus.
680 4052 705 4102 1.
727 4047 785 4101 Nec
803 4045 978 4117 ambigimus,
998 4047 1037 4101 di·
1065 4067 1088 4104 v.
1104 4054 1148 4104 19:
1170 4049 1303 4103 Vindicta
1313 4051 1407 4102 carnis
1417 4050 1500 4118 impii
1540 4050 1747 4116 ''nisetrermic
1775 4050 1898 4121 Respon-

204 4134 271 4189 vina
291 4133 415 4203 potentia
433 4132 492 4186 fieri
509 4148 606 4203 posse,
629 4139 660 4186 ut
678 4132 751 4203 ignis
768 4149 915 4202 corporeus
933 4135 1037 4187 cruciet
1064 4137 1121 4190 deri
1142 4142 1240 4206 potest,
1266 4139 1293 4201 1)
1320 4141 1466 4207 utrumque
1489 4135 1543 4190 libr
1575 4154 1591 4185 n
1618 4152 1678 4191 esse
1695 4137 1900 4214 apocryphum3

205 4219 330 4275 diabolos
353 4227 382 4275 et
405 4221 511 4274 animas
536 4218 718 4289 incorporeas.
759 4217 814 4273 Sed
840 4235 875 4272 an
894 4219 965 4289 ignis
989 4221 1036 4275 ille
1065 4226 1091 4277 21
1116 4222 1145 4275 in
1172 4220 1233 4275 loco
1263 4220 1412 4290 posteriore
1445 4238 1499 4274 non
1528 4223 1581 4275 ado
1621 4239 1719 4276 nornen
1747 4225 1844 4275 caruis
1870 4222 1899 4278 in

205 4324 235 4363 re
253 4325 318 4361 sera
338 4322 495 4376 corporeus,
514 4305 663 4358 materialis
679 4321 711 4360 ac
727 4303 844 4358 visibilis
862 4303 972 4359 futurus
993 4307 1036 4369 sit,
1064 4306 1171 4361 Graeco
1194 4312 1280 4360 textu.
1322 4309 1347 4374 3)
1369 4305 1543 4377 Augustinus
1566 4306 1612 4361 lib.
1641 4313 1680 4362 tt.
1713 4308 1746 4362 dc
1769 4308 1822 4365 civ,
1845 4309 1897 4363 Dei

89 4398 132 4444 xx
145 4400 241 4474 atanp
265 4410 330 4448 vero
348 4393 533 4463 incorporeus,
558 4391 703 4445 invisibilis
728 4408 761 4444 ac
781 4392 980 4459 immaterialis,
1008 4393 1036 4446 in
1064 4411 1123 4464 cap.
1139 4399 1163 4448 11.
1181 4393 1221 4448 sic
1240 4392 1351 4463 exponit
1367 4391 1453 4446 verba
1474 4393 1617 4448 Siracidis:
1650 4395 1783 4448 Vindicta
1801 4397 1898 4449 carnis

205 4478 296 4534 medio
323 4478 503 4550 relinquimus
527 4478 662 4549 (quamvis
689 4477 716 4531 in
736 4487 841 4548 partem
860 4479 1036 4549 posteriorem
1065 4481 1152 4550 impii,
1175 4481 1226 4534 boo
1251 4488 1289 4534 cst
1306 4480 1434 4532 carnalis
1454 4481 1540 4544 vitae,
1565 4482 1639 4548 ipnr'r
1658 4484 1774 4551 corpori
1793 4490 1818 4534 et
1838 4499 1898 4536 cer·

204 4565 294 4636 magis
315 4565 549 4636 propendeamus)
576 4582 608 4618 ac
627 4563 715 4618 Deum
740 4565 810 4618 serio
832 4581 983 4634 precamur,
1004 4584 1038 4621 ne
1067 4568 1117 4619 mis
1137 4567 1239 4620 animo.
1274 4565 1395 4619 Thomas
1413 4565 1440 4618 d.
1461 4564 1478 4618 l.
1497 4574 1584 4636 putat,
1611 4568 1707 4621 carnis
1726 4569 1836 4621 nornine
1853 4569 1898 4620 in·

204 4669 254 4724 per
288 4651 474 4721 experientiae
505 4650 630 4705 notitiam
662 4649 731 4703 illud
762 4650 842 4705 nobis
872 4652 1038 4709 manifestet.
1065 4654 1233 4722 tdlipendas
1251 4652 1400 4720 impiorum
1418 4652 1537 4716 eniteas,
1557 4671 1588 4705 co
1608 4655 1684 4722 qaod
1702 4656 1785 4706 carni
1798 4655 1896 4707 obtem·

204 4737 341 4804 Praestat,
364 4736 437 4791 omni
464 4736 556 4791 studio
577 4755 627 4807 per
645 4754 739 4791 veram
764 4743 792 4792 et
811 4738 907 4791 seriam
927 4755 1038 4793 conver·
1064 4740 1231 4808 paraverint,
1243 4737 1286 4789 vel
1295 4739 1480 4790 dicirermem
1490 4740 1674 4793 conscientiae
1685 4740 1790 4792 dariis
1799 4755 1898 4793 carnes

204 4825 309 4879 sionem
338 4823 372 4877 de
399 4822 531 4893 fugiendo
559 4823 624 4894 igne
651 4822 780 4879 infernali
810 4823 945 4877 solicitum
978 4841 1037 4879 esse
1066 4833 1090 4878 et
1110 4825 1448 4892 crrevindictamcarnis,
1467 4826 1533 4894 quin
1553 4826 1617 4878 licet
1634 4825 1724 4878 animi
1740 4825 1896 4894 adramis,

204 4927 288 4983 quam
318 4910 351 4965 de
377 4919 477 4963 natura
496 4909 569 4964 illius
591 4908 662 4981 ignis
685 4911 778 4965 odiose
797 4915 825 4962 et
843 4909 928 4963 otioso
946 4910 1038 4981 digla—
1065 4919 1155 4964 tamea
1169 4926 1281 4963 carnem
1297 4910 1379 4961 ctiam
1392 4918 1509 4978 torquet,
1528 4927 1559 4962 eo
1580 4912 1657 4979 quod
1670 4911 1820 4980 passiones
1835 4913 1898 4965 ani·

204 4996 283 5051 diari.
319 4995 352 5049 ln
376 4995 448 5050 libro
470 4996 631 5067 apocrypho
656 4995 708 5049 hac
731 4997 766 5049 de
790 5011 819 5050 re
839 4992 956 5049 habetur
974 5012 1040 5049 sen·
1065 5013 1125 5049 mae
1145 4997 1308 5050 redundant
1328 4995 1358 5047 in
1378 5012 1487 5064 corpus.
1528 4997 1554 5050 tl
1577 4995 1628 5049 Est
1646 4997 1694 5067 qui
1711 4998 1751 5051 sic
1771 4995 1986 5068 expontanea

201 5083 291 5137 tentia
303 5081 348 5137 sel
366 5099 471 5138 canone
490 5083 583 5154 digna,
600 5081 646 5135 lib.
668 5088 692 5136 1,
705 5080 809 5135 Esdrae
827 5098 886 5152 cap.
905 5088 929 5149 9,
943 5100 968 5137 s.
992 5087 1036 5138 ll:
1067 5082 1200 5135 Vindicta
1223 5082 1317 5134 carnis
1346 5081 1428 5149 impii
1455 5083 1529 5152 ipsis
1561 5091 1587 5135 et
1614 5084 1731 5146 vermis,
1762 5082 1836 5150 ipris
1867 5086 1895 5136 in

200 5169 274 5223 Noli
291 5169 419 5222 curiosus
440 5186 506 5238 esec,
526 5171 664 5238 quomodo
682 5167 765 5234 impii
782 5168 989 5221 cruciabuntur.
1063 5176 1172 5221 tartaro
1192 5174 1218 5220 et
1234 5168 1335 5221 vermis
1348 5169 1529 5237 sioeuormes,
1554 5170 1696 5239 sr'npulari
1716 5188 1768 5240 pro
1784 5171 1898 5240 plurali

72 5270 184 5322 Quassus
242 5261 283 5312 111.
310 5254 458 5319 Quaeritur
488 5260 511 5310 2.
531 5255 578 5307 Aa
597 5256 627 5307 in
647 5254 761 5317 inferno
780 5255 836 5306 sint
853 5271 959 5307 uermes
978 5271 1036 5306 cor·
1063 5256 1144 5321 irrata
1167 5254 1338 5308 idiotismum
1363 5256 1535 5310 Hebraicum
1559 5258 1668 5326 posito,
1699 5258 1728 5309 in
1758 5259 1896 5325 sepulcro,

72 5322 187 5416 ²„„⁴,{'„¹,¹¹
203 5343 296 5410 porei,
323 5344 373 5410 qui
399 5359 455 5394 non
479 5343 568 5396 solum
598 5339 708 5393 animas
734 5342 785 5394 sed
809 5340 893 5395 etiam
915 5359 1037 5410 camora
1065 5340 1320 5407 Sirac.10‚v.132
1359 5343 1426 5397 Cum
1458 5344 1537 5396 boma
1564 5344 1698 5412 moritur,
1730 5344 1896 5397 hereditabit

72 5427 120 5468 ¹¹⁰⁸
139 5437 189 5467 rer·
204 5427 403 5481 &meatorum
429 5428 569 5481 madanti
605 5424 753 5481 Affirmare
775 5426 902 5480 ridentur
924 5425 1036 5496 qnidam
1064 5437 1219 5496 serpemes,
1245 5427 1351 5481 ‘bestias
1384 5437 1409 5481 et
1442 5445 1555 5481 uermes.
1606 5428 1647 5481 Ex
1677 5435 1793 5499 peccato
1822 5431 1893 5484 enim
