4050 6014
196 346 253 402 111
837 333 1065 391 moranus
1084 333 1248 392 mestus

264 489 340 543 idem
359 489 420 546 libr.
441 498 471 547 t:
739 480 744 513 ¹
1052 490 1096 542 cel
1115 490 1211 557 major
1227 490 1282 544 erit
1300 489 1398 551 saetae,
1424 489 1442 544 i.
1464 503 1487 543 e.
1507 488 1578 542 sieut
1599 488 1800 544 continuantur
1814 485 1890 548 ⁴diea

1052 574 1093 629 its
1118 591 1229 645 quoque
1255 573 1477 629 continuabimus
1500 574 1736 643 compotationes.
1762 573 1833 644 quin
1862 578 1891 628 et

1053 659 1089 714 sd
1108 658 1271 715 hodiernam
1291 660 1531 731 intemperentiam
1550 658 1688 715 crsstinus
1707 658 1766 713 diss
1784 660 1891 729 majore

1053 745 1168 816 erijieiet
1187 746 1364 801 incrementis
1401 748 1440 800 At
1457 745 1481 799 si
1503 750 1672 813 metuerent,
1696 761 1732 799 ne
1756 743 1890 799 hodierno

1053 830 1097 884 rel
1116 832 1236 886 crastino
1255 832 1301 886 die
1319 831 1382 887 finis
1403 830 1498 886 mundi
1517 831 1636 899 adesset,
1655 847 1711 885 non
1724 835 1784 884 tem
1795 844 1891 885 mure

668 980 670 985 Ι
1053 915 1243 986 voluptatibus
1262 917 1450 988 indulgerent.
1486 924 1509 973 2.
1528 916 1603 975 Petr.
1621 921 1645 979 3,
1663 932 1688 970 r.
1709 921 1740 971 3:
1776 915 1891 970 Venient

192 1004 330 1059 Eusebius
348 1005 396 1058 lib.
419 1011 458 1060 11.
479 1005 515 1057 de
532 1012 688 1075 praeperat.
716 1021 811 1074 evang.
834 1021 858 1059 e.
877 1010 914 1058 11.
942 1000 1027 1055 eddu·
1054 1005 1083 1056 in
1102 1004 1263 1056 nouissimis
1283 1003 1381 1056 diebrse
1393 1011 1554 1072 senpeeetne
1575 1003 1658 1069 insuto
1672 1001 1816 1071 proprias
1826 1018 1889 1055 con-

192 1091 232 1144 cit
248 1091 339 1144 locum
359 1090 485 1144 Platonis
503 1090 531 1143 in
551 1089 679 1145 Timaeo:
716 1092 835 1159 Tempus
859 1105 922 1142 crem
949 1090 1026 1140 coelo
1053 1089 1239 1158 conpiscentiue
1259 1090 1432 1142 ambulantes
1450 1105 1475 1143 r.
1494 1096 1518 1144 4.
1537 1106 1573 1141 ac
1590 1089 1725 1158 dicerues,
1752 1088 1803 1140 nbi
1816 1105 1890 1141 merc

191 1178 378 1241 fontenetense
398 1177 548 1244 tradit,nt
565 1176 649 1230 simod
662 1177 750 1242 jacta
769 1176 852 1228 simul
870 1175 955 1228 etiam
968 1175 1027 1227 ‹lir-
1049 1175 1203 1242 proms'eso‘o
1221 1178 1359 1229 aduentus
1382 1176 1466 1243 rjus!
1491 1190 1525 1228 es
1547 1192 1603 1244 quo
1625 1176 1700 1228 enim
1719 1182 1821 1244 putres
1845 1174 1889 1227 ob·

192 1263 346 1328 sofsnntnr,
365 1263 393 1313 ni
408 1266 523 1331 picando
542 1262 693 1316 dissolutio
706 1264 847 1331 quaedem
860 1278 956 1315 corum
973 1262 1019 1322 liet
1054 1261 1261 1330 demiserunt,
1283 1263 1379 1315 omnia
1397 1263 1439 1314 es'e
1452 1269 1638 1330 perseverant
1656 1263 1692 1314 ab
1710 1260 1890 1315 initiocroa·

192 1348 389 1418 Athenagoras
408 1349 437 1402 in
452 1346 536 1419 leget.
555 1364 606 1418 pro
628 1344 732 1402 Christ.
749 1347 888 1402 Minucius
900 1346 978 1402 Felix
999 1345 1026 1399 in
1053 1353 1141 1400 turae
1177 1347 1547 1416 consumment.
1576 1346 1671 1402 truse
1687 1364 1713 1401 v.
1736 1352 1775 1402 18.
1792 1345 1841 1401 esd
1860 1346 1889 1400 in

194 1434 310 1490 (lotario
334 1441 363 1488 et
389 1433 528 1487 Eusebius
553 1433 599 1488 lib.
623 1439 646 1488 3.
675 1450 802 1504 praepes.
831 1449 872 1488 ev.
902 1449 964 1503 cap.
986 1439 1026 1489 15.
1052 1432 1097 1486 die
1123 1432 1272 1488 novissimo
1301 1449 1332 1487 re
1360 1434 1423 1504 ipss
1450 1432 1623 1503 intelligent,
1651 1448 1713 1490 sese
1740 1430 1890 1503 plurimum

192 1526 343 1588 testentur,
369 1520 441 1574 hanc
464 1519 550 1575 fnisse
578 1521 661 1575 etiem
683 1518 838 1575 Stoicorum
863 1519 1026 1585 doctrinam,
1053 1517 1139 1572 tuisse
1157 1516 1350 1573 hallucinatos.
1388 1519 1466 1573 lutra
1483 1518 1628 1574 ecclesiam
1651 1519 1789 1572 baeretici
1811 1516 1890 1583 rarii,

194 1609 264 1660 inter
283 1622 354 1676 quos
372 1606 493 1661 omniurn
513 1605 700 1672 vetustissimi,
720 1611 751 1658 ut
768 1605 859 1672 Zenof,
878 1603 1027 1658 Cleanthes
1057 1609 1078 1658 1.
1100 1603 1249 1657 Ominibus
1268 1604 1323 1673 per'
1342 1605 1415 1658 coeli
1442 1610 1588 1675 terresque
1609 1603 1828 1659 destinationem
1855 1617 1889 1656 sc

193 1699 221 1745 et
240 1691 413 1762 Chrysippus
433 1697 485 1746 etc.
510 1691 696 1758 tradiderunt,
723 1692 818 1743 onsnr'a
842 1699 905 1761 post
929 1692 1027 1760 lorpes
1053 1705 1186 1744 novorum
1205 1690 1345 1744 coelorum
1374 1689 1539 1745 creationem
1563 1690 1632 1744 nihil
1657 1690 1711 1743 nisi
1729 1689 1889 1759 Hierosoly·

193 1779 328 1831 cs‘rcnr‘tns
354 1780 383 1830 r'n
410 1778 500 1845 issem
521 1787 547 1829 et
576 1793 675 1830 necem
700 1778 878 1831 resolvendo.
913 1776 1027 1842 Senecn,
1054 1776 1173 1829 mitenee
1192 1775 1269 1829 urbis
1291 1775 1510 1831 devastationem
1531 1792 1564 1830 sc
1583 1775 1624 1828 rei
1646 1775 1775 1846 publicae
1791 1774 1889 1829 ludai-

192 1864 346 1919 Stoicorum
370 1864 493 1933 vestigiis
516 1863 634 1918 libenter
659 1863 803 1927 insistens,
833 1864 863 1917 iu
891 1862 963 1918 libro
993 1863 1027 1915 de
1053 1878 1102 1916 ese
1122 1861 1347 1916 instaurationem
1366 1861 1578 1932 intelligendum
1597 1878 1658 1916 esse
1671 1860 1769 1917 voluit.
1798 1866 1822 1916 2.
1840 1862 1888 1914 In·

193 1949 325 2005 consolat.
343 1949 380 2003 sd
399 1949 532 2004 Marcium
559 1949 611 2003 sub
639 1949 684 2002 fin.
710 1950 750 2004 sic
774 1947 882 2003 scribit:
917 1949 952 2003 Si
976 1950 1028 2003 tibi
1052 1948 1192 2002 nornirmts'
1221 1948 1338 2016 predam
1366 1948 1502 2001 fraeretics'
1529 1948 1605 2017 apud
1631 1947 1824 2019 Augustinum
1853 1947 1889 2000 de

187 2043 355 2104 potestesse
373 2036 477 2090 solatio
496 2052 637 2089 commisse
658 2037 769 2101 sotum,
787 2035 874 2100 nifsil,
899 2044 1025 2104 prostat
1053 2032 1156 2090 haeres.
1173 2050 1197 2088 c.
1219 2039 1260 2088 bi.
1280 2035 1352 2087 lanne
1373 2037 1507 2087 meandum
1524 2035 1555 2087 s'n
1572 2035 1669 2088 eodem
1686 2042 1771 2103 mant,
1790 2035 1822 2088 s‘n
1833 2050 1888 2102 quo

89 2123 263 2189 11.28.1ιιιο,
282 2122 384 2188 renim
413 2122 508 2176 omnin
527 2129 631 2174 sternet
649 2122 825 2190 addescctqne
843 2137 934 2173 seorim
952 2129 1026 2173 oete·
1052 2137 1125 2172 nrsnc
1144 2126 1197 2182 eet,
1221 2117 1359 2173 docebant
1383 2134 1442 2173 esse
1464 2137 1635 2176 monuerim.
1672 2125 1695 2174 3.
1721 2120 1889 2174 Aeternufer

191 2217 249 2261 stne
258 2214 308 2262 ete.
325 2209 481 2276 mepprr'met
490 2214 604 2276 montes,
613 2207 734 2259 sorbebit
743 2207 845 2260 enoria.
866 2206 903 2260 Et
914 2213 1025 2277 postes:
1052 2221 1085 2257 ex
1100 2205 1175 2260 dicto
1195 2203 1297 2260 Genea
1316 2209 1343 2272 8,
1359 2222 1384 2260 r.
1406 2210 1446 2260 22.
1471 2212 1605 2275 perpetuo
1624 2206 1708 2275 hujus
1728 2205 1815 2260 emuli
1833 2211 1888 2260 ste·

193 2297 261 2347 them
279 2302 384 2363 tempus
402 2294 558 2358 ndeonern't,
586 2310 641 2362 qno
658 2308 688 2345 se
703 2295 824 2345 mrsndns
842 2300 1027 2345 resonaturus
1051 2298 1111 2345 tum
1130 2291 1234 2362 ubsque
1252 2289 1311 2345 ulle
1332 2307 1424 2346 rerum
1448 2291 1601 2347 mutatione
1625 2307 1785 2346 mensurum
1810 2292 1899 2357 colli,

192 2381 358 2447 exstirpent,
375 2379 482 2431 vienn
500 2380 555 2430 usa
572 2394 603 2431 se
620 2379 681 2431 suis
697 2381 814 2432 coedent
830 2379 971 2431 stridere
989 2379 1025 2431 si-
1052 2375 1163 2447 gebant.
1192 2383 1217 2432 1.
1237 2377 1371 2444 Oripenes
1391 2379 1466 2447 epud
1488 2378 1690 2450 Hieronymum
1710 2385 1777 2434 tom.
1797 2384 1822 2433 s.
1839 2377 1886 2432 fol.

192 2465 307 2519 steritem
325 2466 471 2518 incurrent
491 2473 516 2516 ct
543 2467 620 2518 omni
641 2466 782 2534 stuprante
807 2466 941 2529 metensis,
970 2484 1025 2519 urm
1052 2469 1093 2518 611.
1113 2463 1194 2532 epist.
1216 2468 1255 2518 59.
1274 2462 1310 2516 ed
1330 2462 1444 2517 Avitum
1473 2463 1549 2526 Quid
1574 2466 1729 2517 carendum
1754 2465 1785 2517 s'n
1805 2464 1886 2517 noni

191 2554 269 2620 ipre,
296 2551 439 2620 quidquid
461 2568 535 2604 roano
562 2568 595 2604 ee
625 2551 764 2620 disposito
794 2551 880 2621 tecet,
907 2552 1024 2605 ardebit.
1053 2550 1185 2615 Oripens's
1215 2554 1280 2624 περὶ
1309 2546 1403 2622 rippam
1429 2551 1458 2606 ο]
1475 2553 1502 2603 3.
1529 2551 1714 2603 successivam
1743 2552 1886 2618 errandum

191 2637 329 2691 Minucius
346 2635 426 2689 Felix
446 2635 472 2690 d.
490 2635 507 2690 l.
524 2635 677 2707 Epicureos
695 2640 731 2690 ute
745 2637 940 2690 etensemornm
962 2654 1025 2690 eon·
1051 2635 1220 2687 rrrsmdorem
1234 2632 1401 2687 creationem
1416 2641 1442 2688 et
1453 2635 1667 2688 destructionem
1679 2636 1786 2692 stated.
1813 2637 1886 2690 fier·

186 2723 359 2792 flagratione
377 2730 402 2776 et
419 2723 520 2776 mundi
538 2724 623 2776 ruine
641 2723 739 2778 eedem
758 2738 820 2777 eum
839 2722 942 2778 Stoicis
962 2740 1025 2778 sen·
1050 2737 1112 2773 sum
1128 2720 1169 2774 eit
1190 2720 1324 2786 Orioenee
1350 2723 1385 2772 de
1407 2723 1528 2773 mrrndo:
1564 2722 1652 2775 Nobis
1676 2730 1769 2775 nouem
1790 2723 1886 2792 placet

191 2809 244 2862 tire
263 2808 368 2864 asserit.
395 2808 557 2862 [iactantius
576 2806 624 2862 lib.
647 2815 671 2862 1.
689 2808 753 2862 inst.
770 2826 792 2862 e.
815 2815 836 2864 1.
856 2808 891 2865 de
903 2809 1024 2879 Epicuro
1052 2815 1077 2859 et
1096 2813 1160 2859 ante
1177 2807 1249 2860 branc
1267 2809 1401 2860 uerendum
1419 2809 1507 2862 airum
1518 2809 1617 2876 fnisse
1633 2811 1768 2864 mundum
1780 2816 1887 2877 etpost

191 2893 355 2965 philosopho
370 2892 474 2956 scribit,
496 2895 624 2946 seinse
642 2893 734 2962 ipsum
748 2895 843 2962 suisne
862 2894 1026 2960 veridicum,
1052 2894 1135 2944 intrem
1156 2893 1244 2945 alitem
1261 2893 1398 2956 futurum.
1440 2893 1487 2947 Vis
1508 2895 1625 2963 discere,
1646 2898 1723 2965 qnod
1739 2904 1806 2965 poet
1829 2912 1891 2950 cor·
1904 2899 1946 2941 1¹·
1959 2895 1991 2939 Ε

191 2984 268 3051 qrsod
291 2982 424 3033 mnndum
450 2989 474 3033 ct
498 2988 589 3033 ortum
612 2981 770 3049 offensando
796 2981 887 3044 feisse
915 2988 941 3034 et
969 2981 1026 3033 nlr'-
1050 2979 1209 3047 ruptsbnem
1243 2979 1327 3047 liujus
1354 2981 1455 3033 mundi
1481 2980 1558 3034 alins
1586 2982 1624 3034 sit
1652 2982 1790 3045 futurus!
1818 2983 1890 3035 orufr'

191 3069 306 3135 essendo
325 3082 384 3119 esse
398 3067 558 3134 permen-nm
578 3065 691 3118 clicuit.
726 3064 772 3118 lib.
791 3066 880 3135 eiusd.
900 3083 959 3136 cap.
980 3073 1024 3121 14:
1052 3065 1173 3117 Esaiam
1200 3065 1370 3133 loquentem:
1400 3066 1468 3118 Erit
1494 3067 1602 3120 coelem
1626 3083 1728 3120 nonum
1759 3075 1786 3120 et
1811 3076 1888 3122 terra

191 3155 290 3208 Etiam
311 3152 454 3206 seculares
473 3152 627 3221 prophetoe
646 3154 728 3215 finem
743 3168 839 3204 rernm
851 3153 1024 3205 annuntiant.
1051 3166 1138 3213 noce,
1161 3167 1232 3218 qnae
1252 3167 1303 3219 epo
1322 3151 1403 3213 facio
1419 3153 1636 3219 permanerem
1655 3160 1802 3222 conspectu
1820 3170 1888 3211 mee.

192 3237 378 3309 Hieronymus
396 3237 444 3293 lib.
464 3244 502 3293 11.
524 3239 551 3290 in
570 3237 697 3292 Esaiam:
732 3239 830 3291 Etiam
841 3239 1024 3307 plsifosepbo-
1059 3237 1104 3290 Vis
1123 3254 1219 3300 nosse,
1244 3239 1321 3305 qnod
1345 3245 1410 3290 ante
1428 3237 1579 3305 sommam
1605 3239 1687 3293 istius
1710 3241 1811 3293 mundi
1833 3240 1888 3293 otii

190 3345 253 3380 rum
271 3327 371 3379 nrrrndr'
389 3326 457 3378 buce
475 3333 515 3377 est
535 3324 646 3392 opinio,
672 3325 766 3377 omnnia
787 3341 858 3392 quae
876 3326 1024 3388 cerrn'mne,
1051 3323 1196 3377 risendim
1215 3324 1371 3392 premeres
1388 3324 1517 3389 fuerunt?
1539 3325 1671 3378 emetita
1690 3326 1886 3379 ecclesiasten.-

191 3413 253 3478 s'pns'
275 3411 413 3480 periture.
449 3409 623 3481 Theophilus
649 3409 841 3463 Antiochenus
868 3410 915 3466 lib.
938 3416 962 3465 2.
988 3411 1024 3464 nd
1054 3409 1129 3470 Qnicl
1149 3412 1385 3478 sst.‹1nodsnit?
1408 3411 1500 3478 spemn
1517 3413 1595 3479 qrsod
1613 3411 1682 3477 mh
1703 3419 1728 3464 et
1748 3412 1885 3481 quidest.

192 3497 333 3566 Autolyc.:
354 3495 437 3557 Quod
455 3497 703 3563 constuprationem
720 3499 820 3549 mrsndi
835 3497 960 3551 nolentes
978 3514 1024 3550 oo·
1049 3498 1126 3564 qnod
1140 3499 1250 3561 fectum
1265 3499 1327 3550 est?
1347 3497 1439 3564 ipsum
1456 3499 1534 3566 puori
1550 3498 1679 3561 fratremne
1693 3506 1743 3555 est.
1775 3506 1812 3554 Bt
1831 3518 1886 3554 non

191 3584 279 3637 lentes
296 3582 471 3636 consentient
488 3598 550 3634 cum
564 3583 711 3650 prophetis
728 3583 902 3654 philosophi,
927 3601 1023 3652 quom-
1049 3590 1089 3635 est
1106 3601 1185 3635 omne
1202 3600 1302 3635 uocum
1322 3583 1373 3634 ereb
1390 3583 1463 3649 sele,
1491 3587 1567 3652 quod
1592 3584 1726 3652 loquentur
1748 3593 1776 3639 ct
1794 3587 1886 3639 dicat:

191 3669 234 3721 eis
252 3667 383 3737 temporie
400 3672 530 3736 respectu
546 3666 590 3719 fris
611 3667 698 3721 multo
720 3668 777 3720 sint
788 3668 930 3738 juniores,
951 3678 1023 3723 atta·
1051 3672 1125 3722 Ecce
1144 3670 1195 3721 froc
1213 3686 1311 3722 nouum
1328 3676 1382 3732 est,
1407 3669 1472 3737 jam
1491 3670 1565 3722 enim
1584 3671 1635 3724 froc
1658 3672 1718 3735 suit
1735 3673 1887 3727 insecutis

191 3770 255 3808 men
272 3771 306 3808 eo
327 3754 439 3822 celeps
463 3760 488 3805 et
514 3753 660 3823 prophetis
683 3755 820 3823 msffnrats'
840 3763 911 3810 sunt.
946 3731 1187 3827 Hseeipriatinis,
1207 3757 1418 3823 praefuerunt
1435 3764 1500 3809 ante
1519 3772 1578 3809 nos.
1607 3756 1886 3818 Qrsodtests'mont'nm

192 3842 285 3897 omnis
305 3840 426 3894 seniores
447 3840 565 3909 gentiles
586 3839 628 3892 vel
654 3840 798 3895 ratiocinio
825 3841 945 3899 humano
969 3845 1024 3900 ool·
1050 3861 1105 3895 non
1124 3841 1215 3896 solum
1225 3841 1331 3908 juisse,
1349 3845 1400 3896 sed
1416 3844 1531 3902 futuros
1548 3844 1667 3896 mundos
1685 3861 1744 3898 esse
1759 3853 1887 3916 unates,

192 3928 331 3998 legerunt,
351 3925 483 3979 ruituram
503 3924 608 3977 seilicet
623 3925 817 3980 aedesitnrem
827 3928 1023 3985 tundemillnm
1051 3945 1106 3980 non
1125 3929 1202 3996 qnod
1219 3928 1304 3979 simul
1323 3935 1348 3980 et
1362 3929 1476 3995 pariter
1503 3946 1597 3982 omnes
1620 3931 1707 3997 liant,
1734 3932 1787 3984 ssd
1811 3933 1887 3986 eliste

193 4014 294 4091 molem
313 4018 356 4068 tot
374 4015 529 4080 temporum
549 4010 669 4064 motibus
682 4021 894 4082 conquassatam
908 4016 1025 4072 inferen—
1037 4023 1112 4083 ,post
1130 4015 1226 4068 alitem.
1267 4012 1311 4068 Sic
1332 4030 1398 4083 ergo
1419 4013 1555 4083 Origenes
1579 4015 1765 4083 existimabat,
1782 4019 1884 4089 plures

114 4090 121 4106 '
191 4105 248 4164 tes,
273 4098 318 4152 vel
344 4114 377 4152 ex
401 4094 496 4151 schola
512 4096 733 4166 patriarcharum
749 4099 778 4152 in
802 4102 934 4172 Aegypto
964 4080 1112 4200 per-isere
1133 4103 1252 4154 mundos
1269 4118 1321 4168 per
1339 4100 1553 4168 successionem,
1581 4118 1664 4172 quam
1690 4103 1776 4157 fuisse
1804 4105 1886 4160 etiem

191 4191 325 4255 ceperunt
336 4180 394 4239 ἀπὸ
407 4187 498 4253 πηγῆς
513 4179 685 4255 ἀρυσάμενοι
699 4181 732 4238 τὰ
752 4181 891 4260 δόγματα,
913 4205 945 4241 en
959 4207 1024 4241 nero
1037 4208 1039 4219 ·
1051 4186 1210 4258 philosophi
1237 4186 1390 4242 Democriti
1418 4187 1590 4258 opinionem,
1612 4187 1699 4245 refert
1726 4190 1887 4262 Simplicius

229 641 260 648 -
279 611 343 663 Hos
357 610 481 680 populos
499 612 525 662 ιη’
541 628 614 663 nunc
632 627 687 664 seon
705 612 808 662 usserit
827 611 909 677 ipns's,

232 696 297 749 Uret
314 712 376 748 cunr
393 695 488 763 terris,
504 703 565 750 nrer
587 712 648 749 crem
664 696 774 764 percite
787 695 888 764 ponti;

228 781 388 835 Communis
406 784 509 834 mundo
528 789 656 851 superest
675 799 768 851 rocus,
788 781 895 833 osrihm
915 788 996 834 ostro

228 869 373 922 Mmturnis
389 876 440 923 etc.

189 4272 268 4336 sonte
286 4287 338 4323 erse
359 4272 492 4336 deperata
509 4270 684 4335 haurientes,
709 4275 741 4324 ut
764 4270 800 4326 de
824 4272 879 4328 illis
903 4239 1121 4345 loquituritcste
1151 4273 1261 4328 Thomu
1286 4291 1383 4328 comm.
1411 4281 1429 4328 1.
1457 4275 1492 4328 de
1518 4275 1598 4330 coelo
1624 4292 1646 4331 o.
1666 4282 1690 4331 9.
1728 4284 1752 4334 5.
1781 4280 1888 4335 Felices

191 4355 362 4428 Theophilus
381 4354 587 4411 Alexandrinus
605 4361 703 4409 contra
720 4363 818 4426 gentes
835 4359 883 4414 lib.
905 4365 926 4414 1.
953 4362 1025 4426 Quis.
1052 4361 1218 4414 suerriciaei
1240 4360 1336 4431 regule
1364 4365 1437 4424 erut,
1470 4377 1554 4431 quam
1581 4363 1760 4431 pertinaciter
1789 4373 1888 4422 eontm

192 4459 257 4496 vero
277 4440 306 4495 in
326 4440 378 4496 hac
397 4441 548 4495 assertione
566 4440 618 4494 sibi
636 4457 692 4496 non
712 4444 909 4511 constiterunt,
937 4454 969 4501 ut
992 4447 1239 4518 er‹Augustinum
1264 4445 1443 4502 defendebat:
1480 4450 1546 4501 Non
1576 4452 1660 4503 morlo
1692 4454 1769 4520 quod
1792 4454 1887 4521 penuit

192 4526 370 4599 sequentibus
389 4525 545 4597 apparebit,
564 4526 626 4582 ideo
645 4535 719 4584 recte
737 4529 773 4585 de
792 4531 846 4585 illis
863 4535 1027 4602 pronuntiat
1038 4507 1040 4549 Ι
1051 4537 1102 4588 sed
1119 4535 1204 4586 etiam
1222 4535 1301 4602 qaod
1317 4536 1389 4598 fecit
1402 4536 1492 4598 Deus,
1512 4536 1685 4589 immutabile
1703 4545 1729 4591 et
1740 4547 1887 4594 cunnum

193 4613 356 4668 Lactantius
365 4613 390 4666 d.
400 4612 418 4666 l.
437 4611 511 4682 quod
527 4629 582 4666 non
596 4617 857 4684 comprehenderint
871 4620 1025 4680 seruarent.
1038 4600 1040 4647 ⁴
1051 4628 1097 4683 est,
1112 4620 1184 4673 riom
1194 4620 1253 4688 epse
1269 4619 1453 4672 immutabilis
1466 4628 1505 4674 est
1515 4629 1542 4674 et
1551 4630 1689 4692 aeternus,
1708 4623 1885 4696 Augustinus

191 4704 243 4754 scd
267 4701 364 4755 leuiter
393 4705 501 4753 tantum
529 4703 646 4754 odorati
667 4705 791 4767 fuerent,
819 4706 861 4759 ito
886 4713 918 4759 ut
946 4693 1087 4771 nullo[de
1107 4704 1176 4760 sctis
1192 4722 1254 4759 cum
1272 4706 1366 4759 Felice
1387 4705 1434 4758 lib.
1457 4712 1481 4761 2.
1499 4723 1520 4762 e.
1543 4713 1581 4764 19.
1613 4714 1636 4762 l.
1656 4710 1827 4766 albanenses
1846 4713 1886 4766 di·

192 4789 277 4842 modo
295 4787 447 4854 senserint,
473 4790 547 4840 rende
566 4807 612 4842 eos
630 4792 703 4843 odor
720 4790 770 4842 ille
786 4791 944 4859 sapientiae
969 4776 1125 4905 temicunt,
1144 4794 1220 4861 qnod
1239 4794 1361 4845 mundus
1379 4793 1431 4845 siste
1451 4809 1558 4862 semper
1574 4795 1646 4858 fuit,
1675 4813 1818 4866 nuncium
1836 4799 1886 4852 lra-

192 4876 296 4942 suaos's,
316 4883 374 4928 tem
393 4875 535 4942 jucundus
554 4877 680 4943 effloret.
1038 4879 1122 4939 ,tebit
1142 4880 1233 4942 tinem,
1248 4879 1326 4947 qnod
1336 4877 1480 4946 jrtds'cium
1492 4881 1627 4947 sutrssum
1639 4881 1706 4948 jem
1722 4883 1834 4947 factum
1846 4892 1887 4939 est

237 4969 275 5018 14.
319 4960 484 5015 Antithesis.
520 4960 712 5017 Orthodoxinn
743 4963 770 5015 in
801 4961 854 5017 boc
883 4964 1077 5020 doetrinne'ct
1096 4964 1218 5032 emptius
1235 4981 1291 5018 non
1312 4965 1364 5028 fiet.
1389 4963 1483 5021 Guido
1502 4966 1537 5020 de
1555 4964 1735 5023 Albanensib.
1750 4970 1886 5027 Antonin.

126 5067 131 5078 ·
191 5048 319 5102 coelestis
337 5046 428 5117 cupite
446 5045 616 5102 labefactent
635 5047 747 5116 quidam
766 5051 886 5119 derecte,
913 5051 1024 5121 qnidam
1051 5070 1077 5121 p.
1096 5057 1120 5107 1.
1139 5050 1182 5104 tit.
1203 5055 1242 5107 11.
1256 5066 1281 5106 c.
1301 5058 1325 5106 1.
1345 5052 1369 5120 t.
1387 5058 1409 5106 b.
1446 5052 1539 5108 ”Sub
1557 5068 1660 5108 anuum
1676 5054 1790 5110 Domini
1813 5060 1886 5113 1001.

191 5133 301 5203 oblique
305 5154 317 5202 ,·
341 5133 455 5203 anidsm
473 5135 551 5187 intre
567 5133 723 5199 ecclesiam,
750 5134 863 5205 quidam
883 5144 963 5190 entra
983 5154 1024 5191 ec·
1036 5128 1039 5211 1
1051 5154 1113 5191 cum
1133 5135 1212 5190 multi
1231 5135 1304 5191 diem
1320 5136 1384 5191 finis
1400 5138 1496 5193 mnndi
1516 5139 1718 5208 praedixissent
1736 5157 1887 5214 eorumque

190 5218 315 5274 clerium.
350 5219 429 5274 lntre
447 5225 476 5273 et
490 5224 568 5274 extra
593 5218 753 5286 ecclesium,
781 5222 915 5276 mundum
941 5223 1023 5278 finem
1051 5223 1204 5294 praedictio
1226 5223 1397 5293 deprebensa
1413 5231 1486 5279 esset
1505 5224 1590 5294 feles,
1613 5231 1680 5280 nats
1696 5232 1739 5282 est
1763 5227 1887 5283 haeresis

194 5302 1025 5378 nabitummessensgsntrpnaerm,itlmormeupmnsi,
1052 5309 1215 5373 dicentium,
1238 5313 1372 5364 mundaum
1396 5328 1456 5365 esse
1481 5311 1738 5382 incomepts'bilem,
1761 5331 1834 5385 quse
1857 5332 1886 5369 se

195 5407 315 5462 quorum
330 5408 413 5448 voces
430 5394 588 5467 μιμητικῶς
607 5388 745 5461 aSpiritu
761 5396 1025 5465 sanotoexprimun·
1053 5393 1079 5449 S.
1103 5395 1180 5449 Petri
1208 5394 1270 5451 loeo
1293 5402 1318 5452 1.
1344 5397 1423 5468 epist.
1450 5403 1475 5453 3.
1496 5397 1569 5453 tueri
1593 5399 1753 5470 conabitur,
1785 5401 1829 5456 uti
1853 5419 1887 5456 er

194 5483 240 5531 tur
248 5476 313 5534 Ese.
333 5483 374 5546 56,
392 5498 418 5536 r.
440 5485 484 5537 12:
524 5477 635 5545 Venite,
661 5493 804 5532 sumamus
827 5480 923 5535 mnam
940 5488 967 5535 et
984 5481 1026 5535 s'n·
1053 5479 1174 5536 Abbone
1203 5482 1305 5538 abbate
1331 5475 1512 5539 l'lorineensi'
1528 5483 1613 5539 refert
1642 5472 1780 5544 baronius
1812 5503 1887 5544 enno

196 5563 335 5620 ebriemur
352 5565 460 5628 eicerm
488 5571 518 5618 et
537 5564 591 5617 erit
608 5568 761 5619 emendum
779 5566 855 5619 suem
872 5565 945 5620 bunc
961 5583 1028 5622 mne
1053 5567 1176 5624 dieto.itii
