4050 6014
714 162 767 219 DE
784 162 970 220 Exrnano
989 163 1152 223 JUDICIO.
1721 176 1777 234 tor

72 317 182 373 tellum
194 335 281 390 saepe
292 316 437 372 renovabit
450 325 476 373 et
487 332 572 387 saepe
584 318 817 384 uincetur,.donec
836 337 919 390 quar·
946 319 1005 385 bus,
1033 337 1103 388 piros
1127 329 1261 389 tanqrmm
1287 322 1381 374 decem
1406 321 1530 374 homines
1553 321 1666 374 uidetur
1691 321 1781 375 inuen-

72 412 99 458 to
114 405 237 475 proelio
258 405 394 466 confectis
407 403 532 457 omnibus
546 405 643 472 impiis
655 405 811 459 debellatus
829 414 855 459 el
874 422 919 458 sa·
946 411 1025 456 turus
1050 406 1249 474 Antichristus,
1270 407 1347 470 sorte
1364 407 1515 471 fallamur,
1532 415 1615 475 atque
1628 407 1670 459 ito
1680 407 1731 461 ille
1740 408 1781 459 in·

72 498 140 559 ptus
153 492 269 543 tandem
283 491 422 543 scelerum
437 506 550 543 suorum
566 505 676 557 poenas
689 491 752 543 luat
770 498 818 544 ete.
839 491 919 545 Seve-
931 478 934 553 l
946 491 1079 558 opinatus
1101 492 1248 558 adueniat,
1271 510 1325 544 non
1350 493 1542 545 seruientibus
1559 500 1600 545 tot
1617 493 1729 559 rupibus
1752 493 1782 544 in

72 592 124 630 rus
151 574 293 647 Sulpicius
311 576 340 630 in
358 575 415 629 vita
425 574 537 629 Martini
559 580 588 628 et
600 574 743 630 Bonduius
760 576 806 630 lib.
829 584 853 632 5.
872 577 919 632 de·
931 564 934 628 l
946 577 1011 631 orbe
1031 577 1168 630 Rontnno.
1179 576 1206 642 3)
1225 576 1306 640 Quod
1321 577 1488 646 posteriores
1503 578 1562 631 sine
1575 576 1704 649 diligenti
1718 593 1780 631 exa·

75 661 141 718 ead.
162 668 184 717 1.
202 663 338 733 referunt,
363 660 513 716 Martinam
532 661 566 715 de
581 660 636 715 fine
656 662 741 715 seculi
764 663 919 717 consultum
946 663 1019 717 mine
1036 663 1196 732 opinionum
1211 663 1246 716 ad
1261 662 1420 732 Scripturas
1433 681 1556 718 normam
1570 664 1698 718 instituta
1710 664 1782 734 prio·

76 748 264 818 respondisse,
294 749 437 802 Neronem
464 755 490 800 et
514 746 718 801 Antichristum
744 749 829 816 prius
860 765 920 801 esse
946 765 991 802 res
1018 748 1123 803 suerint
1146 750 1248 816 secuti,
1274 757 1305 803 ut
1330 767 1374 803 res
1397 751 1457 819 ipsa
1481 750 1608 804 ostendit.
1647 751 1674 817 t)
1701 749 1782 815 Quod

78 843 219 902 andurae,
239 838 280 888 ad
298 834 476 888 Occidentem
492 833 620 901 alterum,
634 834 755 887 alterum
769 836 810 887 ad
823 835 919 888 Orien·
946 834 1057 902 plurimi
1082 851 1114 888 ex
1139 835 1194 888 illis
1223 835 1408 889 chiliastienm
1438 836 1551 905 aliquod
1573 852 1690 905 regnum
1717 840 1781 889 ante

81 929 135 974 tem
148 921 206 975 late
226 921 445 989 dominaturum,
465 922 605 974 Neronem
624 922 664 972 ad
681 937 810 973 oceasum
828 922 921 974 memo
947 921 1042 974 mnndi
1062 920 1145 975 tinem
1163 921 1394 991 exspectaverint,
1412 921 1438 975 id
1454 922 1527 992 quod
1537 920 1692 975 Pontificiis
1706 921 1782 975 nuda

81 1023 161 1076 repes
190 1007 386 1069 urbacturum,
413 1013 444 1058 nt
469 1006 564 1059 colant
593 1006 688 1068 idola,
716 1006 921 1060 Antichristum
947 1013 1056 1076 patrum
1075 1008 1240 1061 auctoritate
1259 1007 1418 1075 Scripturae
1436 1007 1568 1077 suffragio
1580 1007 1715 1061 destituta
1732 1023 1782 1061 nos

80 1092 285 1159 Hierosolymis
298 1092 509 1161 imperaturum,
527 1093 622 1144 urbem
640 1109 701 1144 oum
722 1093 825 1160 templo
840 1092 920 1146 resti·
947 1107 1071 1161 premere
1090 1093 1266 1162 cupientibns
1283 1093 1380 1146 merito
1398 1093 1555 1163 opponitur.

78 1186 212 1239 loturum,
236 1178 411 1231 Christianos
423 1177 634 1242 insectatorem,
655 1184 685 1229 nt
705 1195 722 1230 a
744 1179 801 1242 fide
814 1177 922 1232 Christi
985 1184 1041 1235 108.
1078 1189 1103 1236 4.
1123 1178 1216 1232 Hasce
1235 1178 1354 1232 incertae
1367 1186 1476 1248 patrum
1486 1180 1660 1248 conjecturas
1678 1185 1705 1232 ct
1724 1179 1781 1249 opi·

80 1265 212 1326 deficiant
229 1279 313 1333 sequte
332 1262 474 1316 Christum
494 1263 554 1316 Dei
566 1263 675 1316 Filium
689 1266 818 1330 madunt,
830 1266 920 1318 Nero·
949 1265 1043 1318 nianos
1064 1270 1141 1319 extra
1156 1281 1188 1317 ae
1206 1264 1496 1334 praeterScriptnram
1517 1264 1688 1334 excogitatas
1705 1265 1782 1335 cupi·

79 1365 140 1403 nem
161 1357 304 1416 totumque
322 1348 415 1402 orbem
436 1347 500 1401 huie
518 1365 587 1401 sorte
606 1358 783 1403 sessui-umet
794 1366 922 1418 ceresque
948 1351 983 1403 de
1001 1350 1359 1420 amplectunturl'onn'mit
1378 1366 1410 1403 ae
1429 1367 1480 1418 pro
1502 1350 1623 1403 immotis
1639 1349 1704 1404 fidei
1716 1350 1781 1404 arti·

80 1444 274 1503 repnolurum,
296 1436 384 1487 donec
404 1452 422 1486 a
442 1432 554 1486 Christo
571 1435 735 1488 adveniente
746 1443 920 1502 mereretur.
948 1435 1019 1489 culis
1043 1435 1177 1490 ecclesiae
1200 1452 1247 1490 eas
1274 1434 1441 1503 obtrudunt,
1467 1436 1543 1489 unde
1571 1443 1635 1490 ante
1667 1435 1782 1489 novissi·

78 1520 256 1591 Augustinus
275 1518 337 1572 libr.
356 1524 399 1574 20.
420 1519 454 1573 de
471 1519 545 1572 civit.
563 1518 616 1572 Dei
636 1536 698 1589 cap.
725 1525 772 1575 30:
812 1522 849 1573 In
869 1521 921 1574 illo
948 1539 1021 1574 mum
1043 1522 1180 1590 judicium
1202 1522 1289 1574 multa
1312 1521 1404 1574 adhuc
1426 1526 1597 1589 exspectant,
1621 1537 1692 1591 qnae
1718 1538 1782 1575 eum

76 1606 189 1672 judicio
205 1605 250 1658 uel
270 1606 348 1657 circa
367 1604 445 1658 illud
454 1603 601 1670 judicium
627 1605 679 1657 has
696 1621 743 1658 res
768 1606 921 1659 didicimus
934 1600 936 1673 l
948 1607 1069 1660 nondum
1090 1607 1193 1661 fuerint
1212 1606 1334 1675 impleta,
1355 1606 1418 1660 ideo
1438 1606 1532 1674 procul
1551 1605 1642 1659 adhuc
1654 1606 1722 1659 illud
1733 1606 1781 1660 ah-

78 1691 283 1755 maustauron,
302 1690 419 1743 Heliam
443 1690 598 1755 Thesbiten,
625 1691 710 1752 fidem
732 1680 1007 1755 Judaeornrn,lesse
1026 1693 1171 1745 somniant.
1205 1690 1349 1745 Prodromi
1370 1691 1411 1744 illi
1426 1698 1490 1743 ante
1510 1691 1689 1745 novissimum
1709 1691 1782 1745 diem

78 1776 285 1829 Anticbrr'stnm
299 1781 524 1842 peraccederent,
549 1774 690 1829 Christum
709 1784 855 1829 venturum
870 1778 920 1844 ju·
947 1778 1096 1832 secnndum
1119 1779 1241 1847 ipsorum
1260 1777 1428 1847 hypothesin
1449 1778 1584 1831 secuturis
1610 1777 1783 1848 temporibus

78 1864 438 1928 dicaturum,mortu0rum
452 1861 698 1929 resurrectionem,
711 1862 844 1915 bonorum
863 1880 919 1914 ma·
946 1863 1126 1933 exspectandi
1149 1862 1274 1918 bisunt:
1316 1869 1337 1926 ll
1350 1862 1520 1915 uniuersalis
1538 1864 1678 1931 encopolii
1697 1882 1781 1932 prae-

77 1947 440 2015 torumpuediremtionem‚
462 1947 562 1999 meandi
577 1947 826 2015 conflaprationem
847 1949 920 2016 ejus·
946 1950 1059 2006 rimatio.
1099 1949 1186 2004 Recte
1206 1949 1317 2019 quidem
1343 1949 1414 2002 inter
1437 1948 1519 2017 signa
1541 1948 1641 2015 judicii
1665 1948 1716 2004 hoc
1741 1964 1781 2002 re·

79 2035 195 2101 demque
215 2033 441 2097 renovationem3
460 2048 533 2099 quae
551 2034 647 2084 omnia
666 2031 780 2101 quidem
804 2042 923 2087 oentrrro
945 2035 1040 2103 femur,
1066 2041 1098 2088 ut
1120 2034 1246 2103 superius
1270 2033 1448 2096 ostendimus,
1476 2033 1523 2086 sed
1548 2032 1695 2087 l’ontificii·
1714 2034 1780 2089 duo-

79 2135 139 2173 csse
161 2121 335 2172 credendum
353 2125 402 2185 est,
421 2118 582 2184 sedquibus
601 2118 730 2171 modiset
748 2134 802 2186 quo
823 2121 922 2173 ordine
946 2121 997 2174 hus
1016 2120 1104 2174 modis
1124 2120 1198 2173 cirea
1215 2119 1266 2172 hoc
1280 2119 1418 2185 signuma
1431 2118 1555 2172 veritatis
1576 2120 1686 2173 tramite
1702 2119 1781 2173 aber·

80 2206 205 2268 ueniant,
223 2204 314 2272 mapis
334 2209 399 2257 luno
418 2203 630 2257 docehilrerum
640 2204 819 2272 experientia,
838 2223 920 2275 quom
945 2211 1015 2272 rant,
1034 2205 1258 2274 primoquidem,
1278 2204 1445 2274 qnodtalem
1455 2204 1691 2273 praedicationem
1709 2221 1780 2259 som·

77 2309 152 2345 nunc
167 2289 597 2358 educensequiadperfeetum
612 2290 919 2360 hominumintellipen·
945 2292 1031 2353 nient,
1051 2307 1123 2361 quae
1146 2290 1241 2343 sutura
1267 2289 1303 2344 sit
1331 2290 1458 2343 absolute
1492 2291 1669 2356 uniuersalis,
1698 2290 1737 2344 ila
1751 2298 1782 2345 ut

77 2378 127 2432 tio.
147 2377 920 2445 Putoltamencapimamecommemoratasunt,ordine
946 2377 1039 2431 nullus
1057 2377 1094 2430 sit
1113 2376 1141 2429 in
1161 2382 1219 2430 toto
1236 2381 1371 2429 terrarum
1390 2375 1456 2429 orbe
1477 2374 1587 2428 futurus
1605 2377 1732 2446 angulus,
1753 2377 1781 2429 in

77 2479 138 2517 csse
147 2470 274 2517 oenmra.
292 2461 379 2515 Plura
388 2460 524 2530 ejusmodi
537 2467 687 2515 occurrunt
697 2462 773 2531 apud
784 2462 918 2532 Hippoly-
946 2478 1001 2531 quo
1022 2477 1076 2515 non
1095 2479 1151 2516 uno
1169 2462 1322 2531 eodemque
1342 2466 1467 2529 tempore
1490 2461 1552 2530 ipso
1574 2465 1639 2514 actu
1662 2477 1781 2532 evange·

77 2555 138 2603 tum
149 2547 185 2602 de
197 2564 349 2601 consumm.
361 2547 455 2614 secut,
470 2547 641 2601 Methodium
652 2547 686 2602 de
695 2547 787 2616 rebus,
800 2564 871 2618 quae
884 2548 920 2602 ab
946 2547 1014 2600 lium
1034 2546 1225 2616 praedicatum
1244 2545 1369 2599 seeundo
1378 2545 1452 2615 qnod
1465 2545 1639 2615 evangelium
1658 2545 1781 2600 nondam

76 2633 159 2688 initio
168 2632 266 2687 mundi
275 2632 451 2702 contigerunt
460 2647 494 2686 ae
507 2632 920 2703 deincepsoontingersdsbent,
945 2632 973 2685 in
1000 2638 1058 2686 toto
1082 2632 1185 2686 mundo
1208 2630 1397 2701 praedicatum
1425 2646 1459 2684 ac
1483 2631 1599 2700 proinde
1625 2631 1710 2686 etiam
1729 2632 1783 2686 hoc

76 2719 267 2790 Ephraemum
284 2717 331 2772 lib.
348 2718 383 2772 de
397 2725 578 2773 consummat.
596 2720 681 2774 seculi
698 2726 730 2779 et
737 2719 919 2774 Antichristo.
945 2719 1054 2790 signnm
1072 2719 1192 2773 nondum
1213 2715 1379 2786 completum
1391 2733 1451 2771 esse
1471 2727 1607 2770 asserunt.
1637 2716 1782 2771 Bellarmi-

77 2806 221 2860 Andream
234 2803 441 2858 Caesariensem
461 2805 489 2857 in
501 2821 599 2858 comm.
610 2803 723 2873 apocal.
734 2810 762 2859 et
773 2804 847 2861 alios.
864 2804 919 2860 Sed
946 2823 997 2859 nus
1016 2806 1077 2860 libr.
1097 2810 1120 2861 3.
1139 2805 1174 2858 de
1193 2802 1292 2873 pontif.
1312 2802 1428 2856 Roman.
1447 2819 1508 2872 cap.
1530 2809 1557 2857 5:
1600 2802 1683 2865 Quod
1699 2804 1782 2856 Anti·

78 2893 114 2948 de
133 2891 177 2945 bis
202 2898 230 2945 et
248 2888 385 2943 similibus
403 2894 512 2960 patrum
532 2890 701 2960 conjecturis
721 2890 872 2945 notandum
895 2894 920 2957 t)
945 2892 1067 2944 christus
1084 2891 1209 2942 nondum
1226 2889 1339 2954 venerit,
1352 2889 1496 2955 protatur
1515 2905 1548 2941 eo
1567 2889 1647 2955 sipno
1675 2897 1781 2942 antece-

78 2977 155 3049 quod
182 2977 328 3040 vaticinia,
354 2984 505 3045 antequam
531 2977 652 3030 lateant
676 2978 844 3045 efficaciam,
867 2977 920 3032 hoc
946 2979 1027 3029 (lente
1052 2976 1264 3029 Antichristum.
1312 2974 1478 3043 Scripturae
1505 2983 1651 3038 testantur,
1673 2976 1703 3028 in
1725 2983 1781 3030 teto

77 3069 122 3121 en
144 3064 309 3135 priusquam
332 3062 394 3132 ipso
426 3068 527 3116 eventu
552 3063 737 3131 explicentur,
763 3048 920 3118 hominihus
945 3065 1049 3116 mundo
1065 3062 1293 3130 praedicandum
1311 3061 1494 3129 euanpelium,
1517 3069 1666 3129 antequam
1687 3062 1781 3115 ueniat

77 3153 135 3206 siat
153 3151 314 3217 uenipmata
335 3156 360 3202 et
385 3149 595 3215 nnrbipuitotes,
617 3166 680 3202 cum
703 3158 795 3203 autem
815 3151 923 3204 uenerit
944 3149 1045 3201 ultima
1062 3147 1227 3216 persecutio,
1254 3161 1326 3213 puae
1352 3147 1517 3198 excitabitur
1540 3148 1576 3199 alr
1597 3147 1781 3202 Antichristo.

78 3247 188 3306 tempus
206 3241 233 3288 el
252 3236 351 3298 euenit,
370 3238 448 3303 pund
463 3235 660 3304 prophetatum
679 3244 728 3298 est,
754 3244 818 3289 tunc
837 3236 919 3304 liqui·
946 3234 1035 3302 Atqui
1054 3241 1151 3286 nostro
1169 3241 1291 3300 ternpore
1310 3249 1366 3285 non
1384 3249 1442 3285 csse
1452 3234 1650 3300 praedicatum
1665 3251 1782 3304 euanpe-

78 3324 149 3376 dem
170 3330 195 3376 et
214 3330 319 3376 cutam
343 3321 442 3374 habent
468 3323 677 3389 expositionem,
703 3326 735 3375 ut
758 3337 791 3374 ex
817 3321 919 3377 darem.
945 3321 1015 3372 lium
1047 3320 1077 3371 in
1107 3327 1164 3372 toto
1190 3320 1307 3385 mundo,
1335 3319 1509 3385 experientia
1539 3322 1619 3373 docet
1646 3329 1696 3375 etc.
1744 3321 1782 3374 Et

79 3413 122 3478 28,
146 3426 172 3462 v.
195 3414 217 3463 t.
236 3406 358 3478 loquitar
376 3406 508 3461 Irenaens
535 3406 583 3461 lib.
603 3412 627 3461 4.
646 3407 710 3461 adv.
734 3406 839 3462 haeres.
858 3423 919 3476 cap.
946 3410 1056 3474 postea:
1076 3405 1110 3458 Si
1128 3422 1183 3456 non
1197 3404 1317 3472 proprie
1337 3406 1388 3457 sed
1399 3421 1452 3472 per
1461 3406 1650 3472 synecdochen
1669 3408 1782 3459 deteret

78 3498 120 3550 4³.
140 3494 177 3547 In
191 3493 350 3545 novissimis
369 3492 475 3553 elisius,
496 3491 587 3562 inquit
596 3491 732 3546 Dominus
749 3492 824 3560 apud
841 3493 919 3547 lere·
942 3490 1111 3559 praedicari
1128 3490 1298 3556 eoanpelium
1319 3489 1348 3541 in
1362 3497 1418 3542 tola
1438 3493 1553 3550 mundo.
1578 3492 1651 3544 nihil
1675 3493 1782 3546 rralerel

78 3579 164 3633 mism
183 3593 245 3648 cap.
264 3582 304 3643 23,
322 3594 348 3630 v.
369 3582 411 3632 io.
432 3577 596 3643 intellipetis
611 3577 789 3629 intellectum.
809 3576 919 3631 Danieli
946 3576 1022 3628 illud
1050 3577 1167 3641 sipnum,
1195 3575 1262 3642 quin
1294 3591 1326 3629 eo
1344 3578 1428 3628 rnodo
1452 3576 1556 3643 primis
1572 3577 1676 3645 nipinti
1698 3578 1783 3631 annis

78 3663 109 3718 in
126 3665 219 3733 specio
242 3662 413 3733 praecipitur
432 3678 491 3730 cap.
516 3665 554 3728 tl,
574 3678 598 3714 v.
620 3668 641 3715 t.
660 3669 692 3714 ut
720 3661 837 3715 claudat
863 3678 920 3714 ser·
940 3662 1003 3729 suit
1023 3662 1223 3728 praedicatum
1247 3661 1421 3728 eoanpelium
1448 3661 1484 3715 ab
1508 3661 1647 3730 apostolis
1670 3662 1701 3716 in
1725 3670 1782 3719 toto

79 3765 175 3802 resones
199 3766 267 3802 suos
293 3756 319 3800 et
343 3748 468 3816 otsipnet
493 3746 598 3800 librum
631 3763 718 3815 respue
748 3749 789 3799 ad
813 3755 920 3816 lempna
946 3748 1059 3798 mundo.
1094 3745 1148 3802 Sed
1166 3745 1336 3800 ostendimus
1354 3746 1482 3815 superius
1501 3747 1523 3816 5.
1541 3753 1582 3803 90.
1603 3747 1655 3802 hoc
1672 3749 1782 3820 signum

77 3841 223 3888 statutum.
241 3832 336 3887 Facile
356 3832 442 3902 igitur
462 3832 516 3901 piis
539 3831 678 3886 veteribus
697 3831 919 3898 condonandum,
943 3832 1068 3902 jamdum
1088 3847 1148 3886 erse
1166 3832 1341 3900 completum.
1367 3837 1394 3892 n
1415 3833 1538 3902 Imperii
1553 3835 1679 3887 Romani
1695 3837 1782 3889 omni·

78 3918 154 3990 qnod
174 3919 210 3973 de
228 3917 399 3972 Antichristo
418 3923 446 3972 et
463 3915 518 3972 fine
539 3916 633 3970 mundi
653 3923 710 3970 tam
731 3917 817 3971 dubia
835 3922 864 3971 et
881 3919 920 3971 in·
946 3921 1031 3972 modo
1049 3919 1196 3971 desolatio.
1232 3917 1367 3972 Statunnt
1386 3918 1534 3987 Pontificii,
1553 3919 1710 3974 Romanum
1731 3922 1782 3975 im·

76 4011 155 4059 certa
172 4003 346 4060 tradiderint.
390 4007 417 4067 2)
439 4001 519 4065 Quod
537 4002 647 4072 ipsimet
673 4003 730 4055 suis
754 4003 921 4072 conjecturis
946 4004 1052 4074 perium
1071 4003 1183 4072 penitus
1193 4003 1270 4072 prius
1289 4003 1465 4071 abolendum,
1475 4005 1545 4060 adeo
1563 4014 1595 4059 nt
1612 4022 1664 4061 nec
1682 4023 1782 4061 nomen

76 4089 132 4145 bae
147 4090 178 4144 in
208 4105 238 4143 re
262 4089 337 4143 band
359 4088 477 4142 multum
500 4088 634 4143 tribuant.
675 4089 848 4158 angustinus
872 4089 918 4143 lib.
946 4090 1053 4160 imperii
1082 4089 1126 4144 vel
1153 4089 1328 4158 imperatoris
1355 4089 1473 4144 Romani
1500 4099 1612 4147 maneat
1637 4092 1783 4164 reliquum,

76 4181 121 4232 20.
146 4175 182 4229 de
205 4175 279 4230 civit.
303 4174 354 4229 Dei
374 4191 436 4243 cap.
462 4179 506 4230 19:
532 4176 594 4227 Nos
611 4174 662 4243 qui
679 4175 824 4237 nescimus,
843 4177 920 4242 quod
945 4181 1093 4247 antequem
1113 4175 1304 4229 Antichristus
1317 4176 1412 4230 veniat
1427 4183 1456 4232 et
1480 4178 1575 4232 mnndi
1598 4176 1662 4231 finis
1687 4195 1781 4233 suece-

76 4262 128 4316 nti
150 4260 432 4328 (Thessalonicenses)
456 4261 588 4326 semlant,
607 4260 759 4327 peruenire
788 4278 849 4312 cum
876 4262 918 4314 la·
944 4262 1001 4330 dat,
1019 4262 1046 4315 id
1065 4260 1139 4331 qnod
1157 4278 1189 4315 ex
1206 4260 1316 4316 Daniel.
1335 4266 1359 4315 t.
1379 4268 1407 4316 et
1426 4267 1450 4318 2.
1471 4261 1569 4317 Thess.
1596 4268 1620 4317 2.
1640 4269 1668 4317 et
1692 4263 1782 4333 Apoc.

76 4348 144 4401 bers
164 4349 207 4401 od
225 4348 264 4414 id,
283 4348 361 4416 quod
378 4347 464 4399 sensit
482 4347 634 4415 apostolus,
655 4347 782 4413 cupimus
801 4363 851 4398 nec
869 4364 917 4399 no·
945 4353 984 4402 ll.
1002 4346 1121 4417 probare
1144 4352 1280 4400 sonantur
1305 4347 1491 4401 Bellarminns
1516 4347 1562 4402 lib.
1585 4351 1608 4401 3.
1628 4348 1663 4402 de
1681 4348 1782 4418 pontif.

73 4433 174 4500 umus,
188 4432 358 4502 proesmim
377 4433 445 4501 puio
462 4440 487 4484 et
507 4432 572 4496 illa,
598 4449 669 4500 pirae
693 4433 820 4499 addidit,
845 4433 916 4486 hunc
942 4432 1019 4488 Rom.
1038 4448 1103 4505 cap.
1123 4438 1148 4488 5.
1185 4431 1330 4501 Scioppius
1347 4432 1376 4484 in
1395 4438 1532 4502 syntagm.
1554 4432 1589 4486 dc
1602 4431 1777 4486 Antichristo

72 4535 187 4573 semen
202 4518 322 4586 jaciunt
342 4518 539 4572 emereriorem.
576 4518 653 4570 Nam
677 4517 748 4584 quid
779 4525 828 4582 est,
849 4519 915 4585 jam
941 4537 967 4588 p.
993 4526 1034 4575 45.
1075 4517 1216 4588 -Josephus
1241 4517 1360 4571 nCostn
1378 4516 1427 4570 lib.
1455 4522 1478 4571 2.
1509 4517 1545 4571 de
1571 4518 1672 4572 noviss.
1694 4525 1771 4588 temp

72 4603 238 4672 mysterison
258 4602 417 4672 iniqnitatis
437 4609 581 4669 operetur,
600 4609 705 4654 tantum
719 4602 769 4669 qui
782 4604 913 4656 modote·
941 4622 1001 4674 cap.
1022 4610 1046 4659 2.
1067 4621 1093 4674 p.
1110 4609 1171 4661 462.
1192 4610 1220 4659 et
1231 4603 1332 4672 reliqui
1351 4618 1453 4657 omnes.
1489 4602 1714 4673 Respondemus:
1735 4605 1776 4658 di·

76 4690 465 4758 numerusnumerous,
481 4689 551 4756 quid
560 4688 672 4754 dixerit,
685 4688 828 4748 fateor-me
839 4689 915 4756 ipno·
940 4688 1136 4761 stinguendum
1160 4689 1232 4743 inter
1255 4689 1391 4758 insipnem
1412 4689 1537 4742 Romani
1558 4690 1673 4758 imperii
1698 4692 1774 4747 late·

75 4789 156 4829 rare.
182 4773 364 4843 Suspiciones
381 4781 472 4827 temen
492 4774 643 4837 hominum,
663 4792 734 4843 quas
750 4773 793 4826 uel
814 4774 917 4827 audire
942 4775 1126 4836 sectationem
1153 4782 1180 4827 et
1204 4775 1390 4829 omnimodam
1416 4776 1542 4844 ejusdem
1568 4776 1780 4834 desolationem.

74 4859 123 4915 rel
141 4860 236 4928 tepere
263 4863 298 4914 de
317 4861 371 4914 lae
396 4877 428 4914 re
451 4862 539 4929 potui,
563 4878 619 4913 non
645 4861 748 4915 tacebo.
794 4860 917 4921 Quidam
943 4861 1024 4916 Prius
1042 4864 1250 4914 antecessarum
1269 4860 1446 4915 concedimus
1470 4876 1503 4914 ac
1524 4861 1651 4931 jamdum
1675 4861 1781 4917 factum

72 4953 179 5017 param
198 4948 235 4999 de
253 4948 372 5015 imperio
396 4948 503 5000 dietum
524 4947 615 5011 fuisse
640 4948 768 5002 Romano
792 4955 841 5000 etc.
866 4949 918 5000 sed
943 4961 1004 5001 esse
1023 4944 1149 5014 superius
1166 4943 1347 5011 ostendimus,
1369 4947 1506 5016 posterius
1530 4963 1595 5002 vero
1618 4953 1683 5002 ants
1708 4948 1782 5003 diem

75 5033 197 5087 multum
217 5032 287 5085 milri
302 5034 377 5086 mira
395 5041 436 5087 est
453 5033 524 5086 hoec
541 5033 716 5100 opinantium
741 5039 821 5086 tanto
831 5047 917 5102 proe-
943 5031 1121 5086 novissimum
1138 5029 1230 5085 adhue
1249 5032 1463 5100 exspectandum
1482 5049 1543 5088 esse
1560 5049 1701 5104 negamus.
1729 5033 1782 5088 Fa·
1795 5058 1849 5104 nt.
1866 5061 1914 5109 m,

75 5119 180 5174 sumtis
201 5127 251 5173 etc.
270 5119 298 5172 in
315 5135 396 5189 quem
418 5119 509 5173 locum
528 5117 636 5173 Ludov.
657 5117 743 5173 Vives
761 5123 848 5188 notat,
863 5134 918 5187 pa·
943 5117 1085 5188 teturipse
1094 5117 1287 5186 Bellarminns,
1297 5118 1406 5173 Daniel.
1419 5124 1441 5174 t.
1454 5119 1571 5174 describi
1581 5120 1781 5174 memnonem

74 5213 152 5260 trum
170 5205 224 5258 lac
240 5204 270 5257 in
292 5220 325 5258 re
341 5205 432 5269 funes
452 5207 591 5258 duntooot
609 5203 683 5257 hves
701 5205 918 5274 conjecturales.
945 5212 1067 5275 quotuor
1083 5219 1233 5272 repnorum
1251 5204 1310 5258 siue
1330 5207 1567 5271 monarchiarum,
1585 5221 1701 5276 quarum
1719 5221 1780 5260 suc·

73 5289 156 5345 Idem
174 5288 350 5360 Augustinus
373 5288 435 5343 libr.
459 5289 547 5358 ejusd.
566 5305 589 5342 c.
612 5293 653 5343 23.
674 5289 734 5344 sine
757 5289 919 5344 circuitione
945 5288 1034 5343 cessio
1053 5287 1148 5342 futura
1169 5287 1205 5342 sit
1230 5305 1318 5359 usqne
1346 5290 1381 5345 ad
1405 5289 1487 5344 finem
1508 5290 1619 5354 mundi;
1641 5290 1780 5360 quomodo

73 5375 187 5434 scribit:
218 5376 318 5429 Vereri
340 5392 468 5429 mesonc
490 5378 597 5440 fateor,
615 5392 650 5429 ne
670 5376 700 5427 in
724 5378 818 5429 decem
846 5378 919 5444 repi·
946 5391 1013 5445 ergo
1039 5379 1139 5444 quarta
1167 5375 1323 5430 monarchia
1352 5382 1416 5430 ante
1440 5377 1535 5430 mundi
1560 5375 1643 5430 tinem
1668 5377 1780 5447 penitus
