4050 6014
755 322 808 377 DE
826 322 922 378 vi‘rn
939 321 1130 380 AETERNA.
1736 338 1796 398 357

96 487 161 524 cum
179 478 272 525 autem
289 475 402 538 emerit,
420 477 498 544 quael
506 481 664 546 perfectum
681 485 728 537 est.
755 479 935 531 evacuabitur
962 477 1105 542 attributa,
1128 479 1312 549 perfectiones
1330 496 1424 536 omnes
1452 481 1480 536 in
1506 482 1636 536 haesita
1655 500 1711 539 uon
1733 500 1798 557 cog·

97 560 178 624 quod
195 573 228 611 ee
240 567 327 626 parte
344 566 391 613 cst.
427 559 524 615 Omnis
546 567 641 617 noster
664 562 864 634 inrsayruuiq
886 567 936 618 sul
962 564 1113 627 noscimus,
1138 582 1233 621 sumus
1250 567 1331 639 quasi
1349 568 1472 638 parvuli,
1502 568 1550 639 qui
1573 575 1604 623 ut
1632 574 1732 636 aetate,
1759 569 1800 624 ita

97 649 242 715 θεοσοφίᾳ
264 642 405 714 profectus
425 646 455 699 in
466 647 519 702 hac
536 648 604 713 vita,
621 647 706 703 etiam
727 663 790 702 cum
808 647 845 702 sd
863 663 936 702 sum·
962 666 1074 721 qnoque
1093 653 1230 723 sapientia
1253 653 1378 724 quotidie
1396 661 1525 711 crescunt
1549 672 1573 708 r.
1589 660 1635 712 11.
1657 654 1707 710 sed
1724 654 1800 711 beati

97 745 174 783 mum
188 730 314 799 pervenit
326 731 453 802 gradum,
473 739 516 788 cst
535 734 647 788 uerbum
660 734 838 802 desectienm,
855 734 937 805 cujus
962 733 1010 790 illa
1029 736 1122 792 omnia
1138 755 1195 792 non
1210 738 1392 808 partialiter,
1418 757 1474 794 nan
1498 741 1628 809 obscure,
1652 758 1709 795 non
1734 741 1801 796 emi·

97 813 226 869 clausula
248 822 291 870 est
317 825 411 870 cetera
435 819 646 887 desiderantum
672 819 701 874 in
728 819 824 874 futura
843 824 936 874 autem
962 837 1028 889 nus,
1061 825 1114 877 sed
1139 829 1280 894 perfecte,
1312 825 1388 880 clusre
1413 832 1440 878 et
1467 825 1592 879 cominus
1619 832 1798 896 cognoscunt,

32 914 82 955 sou.
97 901 158 955 vita
176 900 232 956 Dei
250 907 279 957 et
295 902 451 958 divinorum
462 906 656 976 mysteriorum
671 906 795 976 perfecta
813 905 937 977 cognitio
962 904 1081 978 ideoque
1099 916 1164 963 sunt
1181 909 1210 963 in
1225 910 1342 964 scientia
1359 917 1485 965 maturae
1496 911 1596 966 aetatis
1610 912 1670 968 riri.
1688 911 1800 967 Gradus

98 987 239 1044 suoeedet
274 988 355 1043 Tunc
381 990 463 1059 plene
484 997 513 1046 et
537 992 661 1062 perfecte
686 991 873 1064 intelligemus
895 1007 936 1059 ea,
962 992 1088 1046 eoelestis
1112 993 1188 1049 illius
1207 1011 1241 1050 ac
1265 995 1484 1067 perfectissimae
1506 995 1658 1066 sapientiae
1682 997 1710 1051 in
1741 997 1800 1052 rita

98 1073 278 1145 adquorum
303 1075 431 1130 notitiam
455 1075 612 1132 intuitivam
642 1083 672 1132 et
698 1079 800 1133 claram
830 1078 858 1131 in
882 1077 937 1131 hac
962 1082 1075 1132 aeterna
1087 1084 1247 1136 statuuntur
1265 1087 1397 1152 quatuor:
1418 1081 1443 1150 1)
1459 1078 1643 1150 circeiensi
1659 1089 1688 1137 et
1697 1081 1800 1138 Christi

96 1159 158 1214 vita
176 1165 322 1231 penetrare
341 1179 398 1218 non
415 1163 565 1232 potuimus,
584 1164 720 1235 quomodo
740 1163 845 1219 scilicet
858 1164 936 1218 Deus
963 1163 1153 1239 teuutpoinau
1170 1184 1205 1220 ac
1217 1173 1349 1238 perlecta
1363 1168 1486 1237 capnitis
1503 1169 1639 1222 essentiae
1657 1177 1684 1222 et
1702 1170 1800 1224 solun·

98 1245 137 1299 sit
153 1245 183 1298 in
206 1246 327 1301 essentia
343 1265 430 1313 uuus,
459 1250 491 1303 in
515 1250 640 1318 personis
666 1250 769 1316 trinus,
798 1249 936 1320 quomodo
963 1250 1030 1303 tatis
1058 1251 1188 1316 diuinam
1216 1255 1242 1318 1)
1269 1252 1431 1307 clarissima
1462 1256 1583 1322 capnitia
1608 1254 1799 1321 rumiliacum,

96 1330 187 1385 Filius
206 1328 261 1386 Dei
278 1330 315 1386 ab
336 1339 449 1388 aeterno
468 1350 486 1388 a
503 1334 585 1390 Patre
606 1335 642 1390 sit
658 1336 778 1406 genitus,
797 1334 936 1406 quomodo
962 1337 1156 1404 mysteriorum
1190 1356 1226 1392 ac
1253 1356 1370 1408 operum
1401 1341 1560 1396 diuinarum
1590 1343 1713 1395 omniurn
1744 1358 1799 1396 non

97 1415 219 1487 Spiritus
242 1423 355 1472 sanctus
379 1417 416 1473 ab
440 1425 593 1476 aeternoa
621 1420 704 1475 Patre
725 1427 754 1475 et
776 1419 849 1474 Filio
875 1433 934 1491 pro
962 1423 1045 1475 modo
1064 1424 1215 1492 bominum,
1234 1428 1286 1480 secl
1298 1426 1563 1496 etiamanpelcrum
1577 1434 1689 1496 captum
1703 1427 1799 1480 inbac

97 1502 190 1570 cedat,
201 1519 288 1574 quare
299 1503 390 1559 Filius
401 1504 462 1574 Dei,
473 1505 620 1560 nonPater
633 1523 685 1562 nec
693 1505 812 1577 Spiritus
823 1511 936 1561 sanctus
961 1508 1020 1560 vita
1047 1510 1254 1578 meramnum
1288 1513 1315 1579 3)
1339 1511 1428 1580 plena
1458 1530 1493 1566 ac
1517 1512 1648 1580 perfecta
1677 1520 1799 1566 naturae

96 1589 250 1643 humanam
263 1595 391 1645 ustumm
405 1592 574 1658 assumserit,
593 1609 679 1664 quara
694 1592 873 1647 mediatorem
886 1609 935 1646 uo·
963 1610 1057 1647 rerum
1084 1611 1118 1647 ac
1140 1597 1207 1649 noui
1235 1596 1309 1651 coeli
1334 1604 1361 1650 et
1384 1605 1477 1652 terrae
1492 1599 1668 1668 perspectio,
1696 1596 1798 1652 adami

96 1680 187 1730 strum
205 1675 297 1732 Deum
325 1684 354 1732 at
378 1678 517 1734 hominem
533 1695 592 1733 esse
612 1680 780 1750 oportuerit,
797 1678 936 1751 quomodo
962 1682 1027 1734 ante
1051 1680 1162 1751 lapsum
1186 1681 1427 1752 perspicacitatem
1453 1682 1537 1755 longo
1557 1683 1705 1739 interuallo
1722 1689 1799 1738 ante-
1811 1690 1857 1735 xx.
1870 1692 1918 1735 eoo.

98 1761 194 1816 divina
214 1768 242 1817 et
256 1761 378 1817 humana
396 1770 497 1819 natura
514 1765 544 1819 in
558 1764 669 1820 Christo
684 1765 867 1838 personaliter
881 1763 937 1818 sint
963 1764 1077 1835 cedens,
1097 1769 1127 1832 4)
1139 1768 1374 1834 familiarissima
1393 1771 1514 1824 societas
1532 1786 1595 1823 cum
1610 1771 1736 1824 amnibus
1749 1786 1799 1823 an-

96 1849 207 1915 unitae,
238 1850 378 1920 quomodo
397 1850 474 1906 Deus
503 1868 536 1906 ex
563 1851 648 1907 nihilo
674 1851 767 1907 omnia
793 1851 936 1919 creauerit,
962 1851 1033 1917 ceth
1058 1859 1085 1905 ct
1104 1853 1192 1907 beatis
1213 1855 1385 1924 bominibus,
1415 1872 1484 1926 quos
1510 1855 1667 1911 notissimos
1687 1861 1716 1911 et
1738 1871 1800 1925 per·

96 1950 155 2004 quo
172 1934 218 1990 die
235 1935 349 2005 angelos
367 1936 524 1992 condiderit
544 1942 597 1992 etc.
626 1936 707 1992 Tunc
725 1937 808 2008 plene
828 1941 858 1991 et
874 1952 934 2006 per·
962 1936 1150 2006 spectissimos
1166 1938 1340 1995 habebimus.

95 2019 171 2077 fecte
197 2037 295 2075 causas
321 2021 477 2077 divinorum
507 2023 682 2078 consiliorum
705 2028 734 2079 et
757 2039 871 2093 operum
895 2022 934 2076 in·

95 2108 268 2180 telligemus‚
282 2109 429 2164 creationis
449 2109 565 2175 scilicet,
579 2110 763 2179 redemtionis,
781 2107 935 2164 sanctifica·
997 2113 1038 2162 14.
1076 2107 1197 2164 Dahae
1223 2109 1367 2166 beatorum
1394 2110 1553 2182 cognitione
1578 2111 1618 2165 sic
1647 2111 1799 2183 loquuntur
1811 2122 1879 2164 uren
1896 2134 1936 2164 rs·

95 2193 190 2257 tionis,
203 2193 421 2250 resuscitationis
433 2201 462 2250 et
474 2195 691 2266 glorificationis,
712 2194 934 2268 quomodoDeus
961 2199 1083 2259 veterem
1102 2195 1231 2250 irenaeus
1250 2196 1297 2251 lib.
1311 2203 1333 2252 l.
1352 2213 1412 2267 cap.
1425 2203 1467 2255 47.
1486 2215 1513 2269 p.
1530 2203 1586 2254 lit.
1605 2213 1640 2251 ex
1654 2197 1716 2253 loco
1733 2213 1798 2268 spo·
1810 2176 1944 2277 impii.

96 2279 237 2334 hominem
257 2280 390 2336 immensa
404 2281 541 2351 sapientis
560 2281 708 2345 creaverit,
731 2279 868 2335 ineffabili
884 2278 934 2334 bo·
961 2279 1059 2335 stolico
1081 2285 1104 2335 1.
1122 2281 1184 2336 Cor.
1203 2286 1241 2338 1³.
1257 2299 1281 2338 v.
1299 2286 1338 2337 13.
1355 2282 1471 2354 colligit,
1490 2285 1573 2336 etiam
1591 2285 1622 2336 in
1635 2288 1737 2352 sutura
1755 2299 1797 2337 se·
1811 2279 1885 2322 Μ’·

97 2365 187 2420 nitate
206 2366 424 2435 conservaverit,
442 2365 550 2421 infinita
570 2366 758 2421 misericordia
775 2365 936 2430 redemerim
961 2366 1026 2419 cute
1045 2367 1075 2418 in
1094 2367 1262 2437 quibusdam
1280 2386 1332 2423 nas
1351 2369 1451 2423 melius
1470 2369 1680 2437 informandos,
1700 2375 1729 2424 et
1748 2369 1796 2423 ad·

97 2450 237 2522 quomodo
255 2456 368 2506 aeterua
387 2468 438 2506 sua
456 2452 656 2523 omnipotentia
674 2452 819 2507 ecclesiam
837 2450 935 2506 adver·
962 2451 1010 2519 dit,
1033 2459 1064 2505 ut
1088 2469 1199 2524 semper
1224 2455 1337 2523 quidem
1357 2457 1437 2508 Deus
1463 2457 1572 2517 doceat,
1598 2455 1678 2510 bomo
1705 2463 1798 2511 autem

97 2552 144 2590 sus
162 2537 256 2592 hostes
274 2536 431 2591 defenderit
445 2554 479 2592 ac
500 2538 560 2608 pios
581 2554 615 2592 ax
626 2545 714 2594 morte
732 2539 768 2592 ad
787 2538 872 2592 vitam
891 2552 936 2591 ae·
960 2554 1071 2607 semper
1087 2540 1188 2608 discat,
1206 2557 1277 2609 quae
1296 2548 1360 2594 sunt
1378 2560 1397 2594 a
1409 2543 1492 2608 Deo,·
1509 2557 1620 2609 semper
1633 2542 1705 2595 enim
1717 2542 1798 2610 fides,

97 2629 206 2677 ternam
229 2623 411 2678 suscitaverit.
453 2623 533 2678 Tunc
555 2624 638 2694 plene
661 2629 690 2678 et
709 2622 832 2694 perfecte
855 2628 934 2677 natu·
961 2640 1034 2691 quae
1059 2632 1100 2678 est
1124 2627 1166 2678 ad
1182 2627 1351 2695 magistrum
1370 2634 1512 2695 nastrum,
1531 2633 1680 2695 permanet
1702 2628 1798 2692 firnsa.

97 2726 157 2764 ram
184 2708 250 2763 novi
273 2708 342 2766 coeli
366 2725 400 2763 ac
417 2724 506 2766 nouae
523 2715 629 2779 terrae,
659 2710 785 2780 adeoque
811 2708 934 2764 omnium
962 2707 1029 2774 (Sed
1053 2709 1105 2764 hoc
1131 2726 1186 2764 non
1212 2710 1248 2763 de
1272 2709 1437 2781 quotidiano
1463 2709 1631 2783 cognitionis
1660 2710 1798 2780 proiectu,

97 2801 286 2850 marmium
309 2795 466 2865 penetralia
492 2802 521 2849 et
546 2794 658 2849 intimos
686 2811 812 2850 recessus
831 2810 934 2866 cogno·
960 2811 1055 2849 verum
1074 2795 1199 2866 ejusdem
1210 2795 1318 2867 origine
1335 2811 1368 2850 ac
1385 2795 1570 2867 dependentia
1583 2795 1795 2867 accipiendum.)

96 2896 219 2945 scemam
236 2886 303 2936 tunc
322 2895 378 2935 nou
390 2896 523 2951 cogemur
537 2881 656 2951 amplius
667 2881 809 2952 conqueri,
828 2898 879 2936 nos
893 2881 935 2935 in·
960 2880 1095 2952 Origenes
1112 2879 1159 2938 lib.
1176 2886 1200 2937 2.
1221 2881 1256 2935 de
1276 2881 1363 2951 princ.
1378 2897 1438 2951 cap.
1456 2887 1502 2938 12:
1523 2882 1591 2936 cum
1609 2885 1652 2937 ad
1662 2882 1797 2936 coelestia

96 2971 155 3022 star
171 2966 294 3021 ciconiae
307 2966 462 3037 aesopicae
478 2967 581 3021 vitrum
601 2969 738 3035 lambere,
755 2969 862 3038 pultem
879 2984 935 3021 non
959 2967 1023 3020 loca
1027 2966 1207 3036 pervenerint
1213 2967 1313 3035 sancti,
1331 2975 1395 3020 tunc
1408 2966 1537 3036 jamjam
1550 2969 1686 3023 rationem
1703 2975 1796 3022 astro·

96 3053 245 3122 attinpere,
264 3051 313 3106 sed
326 3051 469 3107 interiores
480 3069 571 3108 rerum
587 3051 690 3107 formas
710 3060 738 3108 et
750 3053 935 3124 proprietates
959 3070 1023 3104 rum
1043 3068 1100 3121 per
1123 3053 1240 3122 sinprela
1254 3053 1441 3121 pervidebunt
1465 3060 1517 3108 etc.
1536 3055 1588 3107 sed
1605 3061 1632 3108 et
1651 3053 1728 3107 alias
1748 3072 1797 3108 ra·

95 3137 236 3208 praesenti
256 3137 356 3192 mentis
377 3137 481 3192 intuitu
496 3138 707 3208 conspiciemus.
743 3137 848 3203 Quodsi
861 3139 933 3194 euim
959 3138 1050 3192 tiones
1068 3155 1183 3210 opernm
1203 3139 1275 3203 Dei,
1296 3156 1367 3208 quas
1386 3139 1427 3192 eis
1446 3139 1507 3208 ipse
1525 3139 1671 3208 revelabit,
1690 3140 1796 3194 intelli·

96 3224 223 3280 Adamas
250 3241 301 3296 per
328 3230 490 3280 concreatae
524 3225 677 3296 sapientiae
704 3226 795 3281 lucem
820 3231 934 3280 naturas
960 3231 1032 3291 pent.
1067 3223 1137 3277 Jam
1163 3224 1236 3278 enim
1261 3231 1397 3292 tanquam
1423 3225 1492 3289 tiliis
1519 3240 1614 3278 rerum
1642 3243 1746 3280 carues
1770 3231 1797 3278 et

96 3310 257 3365 animalium
275 3315 333 3364 tam
353 3316 449 3366 exacte
466 3311 559 3383 potuit
575 3328 748 3382 pernoscere,
767 3315 800 3366 ut
816 3311 934 3382 singulis
959 3311 1088 3363 uirtutem
1109 3325 1178 3363 suae
1202 3310 1374 3364 conditoris
1398 3312 1526 3364 ruenda
1551 3319 1576 3366 et
1603 3312 1715 3365 docebit
1740 3326 1796 3374 eos,

95 3395 290 3453 convenientia
311 3398 424 3451 nomina
449 3396 604 3468 imponeret
627 3398 728 3454 Genes.
747 3403 771 3465 2,
795 3416 821 3453 v.
844 3404 882 3455 19.
901 3414 935 3453 ac
960 3412 1048 3464 quare
1065 3395 1121 3450 illa
1138 3395 1223 3450 stella
1235 3396 1266 3449 in
1284 3395 1338 3448 illo
1357 3395 1418 3449 loco
1432 3395 1532 3464 posita
1550 3405 1591 3449 est
1608 3404 1634 3449 et
1653 3413 1741 3465 quare
1759 3396 1797 3448 ab

95 3482 184 3538 Euam
199 3491 283 3538 antea
302 3499 358 3537 non
375 3481 462 3536 visam
487 3502 519 3538 es
538 3501 623 3538 carne
642 3493 667 3538 et
685 3484 795 3539 cambus
813 3484 872 3537 suis
889 3500 933 3539 ae·
959 3483 1021 3537 alea
1041 3489 1120 3536 tante
1140 3481 1289 3537 dirimente
1308 3482 1400 3550 spatio
1421 3490 1580 3553 separatur.
1600 3481 1693 3536 homil.
1716 3487 1740 3537 b.
1766 3481 1796 3536 in

96 3567 237 3624 difianm
256 3584 317 3624 esse
334 3567 503 3639 intelligeret
520 3585 545 3624 v.
562 3573 603 3624 23.
623 3575 729 3639 quanto
748 3569 838 3640 mags
858 3569 934 3625 beati
961 3569 1062 3623 Psalm.
1079 3571 1127 3624 tt:
1148 3568 1186 3621 Os
1201 3567 1339 3635 iustorum
1353 3584 1409 3620 non
1425 3567 1496 3620 cibis
1509 3575 1535 3621 et
1546 3576 1626 3637 potu,
1646 3584 1733 3636 neque
1749 3569 1796 3620 de·

96 3653 190 3710 divino
218 3653 322 3709 lumine
348 3652 503 3709 collustrati
533 3653 603 3708 coeli
629 3661 775 3725 terraeque
801 3655 932 3726 mysteria
958 3655 1034 3708 liciis
1053 3661 1080 3707 et
1094 3653 1294 3723 uoluptatibus,
1311 3672 1367 3706 non
1384 3656 1520 3709 vescendo
1544 3654 1644 3722 epulis
1665 3655 1717 3707 seri
1741 3669 1796 3708 me·

94 3740 219 3812 perfecte
240 3739 341 3795 intueri
358 3746 497 3809 poterunt
529 3739 628 3810 Neque
645 3756 811 3812 quemquam
828 3740 931 3806 turbet,
959 3741 1080 3794 ditando
1098 3740 1266 3808 sapientiam
1283 3741 1446 3808 replebitur.
1485 3740 1566 3792 Ultra
1581 3741 1654 3793 enim
1673 3757 1728 3793 non
1743 3739 1797 3793 erit

95 3826 171 3899 quod
191 3826 334 3897 apostolus
355 3831 377 3882 l.
397 3825 458 3880 Gor.
481 3830 522 3893 1³,
544 3841 570 3880 r.
589 3831 612 3882 8.
638 3829 742 3898 γνῶσιν
761 3824 791 3880 in
808 3826 867 3880 vita
884 3842 933 3880 ae·
959 3826 1066 3896 aliquis
1084 3826 1231 3894 imperitus
1250 3826 1280 3878 in
1298 3842 1385 3895 repno
1404 3825 1469 3892 Dei,
1490 3825 1736 3894 nonpermanebit
1753 3824 1796 3878 in·

93 3919 175 3968 terna
190 3915 389 3968 destruendam
410 3919 530 3982 asserat,
547 3911 617 3967 illud
637 3913 710 3968 enim
732 3929 787 3968 non
805 3911 933 3967 absolute
958 3913 1076 3981 docilia
1101 3911 1198 3966 nullsss
1224 3914 1280 3967 erit
1305 3931 1325 3967 a
1355 3929 1450 3967 rerum
1476 3914 1595 3968 scienda
1617 3910 1796 3982 pereprinus,

95 4015 130 4055 ac
160 3999 322 4069 simpliciter
344 3999 380 4054 de
415 3998 514 4070 quavis
545 3997 705 4070 cognitione
730 3998 932 4069 accipiendum,
958 4015 1053 4053 omnes
1074 3998 1245 4068 efficiemur,
1266 3998 1293 4050 si
1320 4005 1414 4052 tamen
1439 4000 1607 4053 merebimur
1621 3997 1723 4068 (grstia
1741 3995 1796 4050 Dei

95 4085 165 4141 alias
190 4102 314 4141 summae
340 4084 467 4140 felicitati
494 4102 602 4140 summa
620 4084 784 4154 infelicitas,
803 4085 933 4142 videlicet
958 4084 1036 4156 digni
1061 4082 1234 4152 reddemur),
1261 4082 1399 4154 discipuli
1417 4084 1583 4154 sapientiae.
1620 4083 1656 4137 Si
1670 4083 1733 4152 quse
1749 4082 1797 4135 bic

94 4172 266 4244 ignorantia,
287 4171 469 4234 stitueretur,
494 4172 543 4226 sed
563 4171 703 4227 duntaxat
725 4172 760 4228 de
777 4172 825 4226 illa
838 4173 932 4244 cogni·
957 4173 1067 4240 positus
1093 4170 1227 4224 imbuitur
1246 4177 1273 4223 et
1291 4170 1445 4225 irsstmeitur
1470 4170 1500 4222 in
1519 4169 1575 4238 bie,
1605 4184 1677 4237 quae
1698 4167 1796 4235 potuit

93 4258 178 4312 tionis
197 4257 291 4329 specie
312 4274 345 4312 ac
360 4257 457 4326 modo,
483 4258 532 4329 qui
552 4259 582 4313 in
599 4259 654 4313 hac
673 4259 732 4314 sita
748 4258 841 4313 locum
859 4258 932 4313 ohti·
958 4258 988 4310 in
1014 4271 1099 4309 carne
1122 4256 1234 4324 positus
1252 4255 1408 4322 attinpere,
1433 4253 1473 4308 ibi
1498 4255 1559 4323 jans
1588 4252 1796 4308 illuminabitur

93 4348 150 4398 net.
179 4341 262 4400 Nunc
276 4343 350 4399 euim
362 4359 418 4412 per
431 4345 575 4412 speculem
592 4346 623 4398 in
636 4345 793 4413 aenipmate
805 4345 932 4399 υἰάιηιω
955 4341 1174 4411 perfectioribus
1199 4339 1362 4409 disciplinis
1381 4348 1408 4394 et
1428 4356 1469 4408 ea,
1489 4355 1561 4408 qnae
1580 4338 1626 4391 hic
1644 4337 1739 4392 studia
1759 4356 1796 4393 ac

93 4447 121 4484 v.
145 4435 184 4487 12.
208 4445 243 4485 ac
266 4428 392 4500 quotidie
418 4434 528 4498 oportet
551 4445 603 4484 nos
621 4428 727 4484 discere
747 4444 780 4484 ac
798 4427 932 4500 proficere
958 4429 1055 4483 labore
1067 4426 1196 4496 quaesita
1206 4426 1333 4492 fuerunt,
1344 4427 1386 4478 ad
1395 4425 1588 4492 compendium
1599 4425 1715 4489 saurae
1725 4424 1795 4479 inibi

93 4517 123 4571 iu
151 4514 310 4586 cognitione
326 4514 381 4569 Dei
406 4513 540 4569 adhibitis
567 4513 743 4569 adminiculis
768 4513 931 4584 prophetiae
958 4513 1141 4567 institutionis
1167 4513 1310 4569 accedent.
1358 4509 1432 4577 (Non
1458 4515 1551 4565 tamen
1577 4509 1630 4564 hoc
1653 4525 1686 4566 eo
1703 4522 1795 4565 'seusu

92 4618 144 4658 seu
161 4598 396 4671 interpretationis
413 4599 573 4671 Scripturas
591 4617 624 4655 ao
637 4599 803 4670 linguarum,
820 4600 869 4654 sed
886 4601 932 4655 hic
957 4598 1167 4668 accipiendum,
1188 4596 1267 4668 quasi
1287 4595 1429 4666 profectus
1446 4596 1547 4668 aliquis
1566 4596 1699 4652 scientias
1719 4596 1794 4650 iutu-

93 4686 200 4749 modus,
230 4685 300 4740 haec
325 4686 432 4757 species
461 4685 628 4757 cognitionis
657 4685 686 4740 in
717 4684 805 4740 altero
838 4685 931 4740 seculo
957 4701 1003 4738 rus
1020 4683 1098 4738 sitin
1116 4681 1215 4747 beatis,
1233 4681 1282 4736 sed
1299 4682 1375 4753 quod
1395 4682 1515 4753 simplici
1533 4682 1638 4737 intuitu
1656 4680 1795 4754 cognituri

92 4772 223 4839 cessabit,
241 4770 468 4842 quandoaiacie
483 4771 630 4827 adfaciem
644 4770 808 4826 videbimus.
837 4770 931 4827 Scien·
956 4771 1013 4825 sint
1029 4786 1071 4837 ea,
1089 4785 1160 4839 quae
1179 4785 1229 4839 per
1247 4768 1351 4840 gradus
1371 4773 1400 4823 at
1416 4773 1510 4838 partes
1524 4769 1553 4823 in
1567 4769 1620 4823 hac
1638 4769 1696 4822 vita
1712 4766 1795 4821 disci-

91 4860 133 4914 tia
155 4859 240 4930 hujus
265 4857 339 4913 vitae
360 4865 403 4912 est
423 4857 586 4929 imperfecta
608 4863 667 4912 tum
692 4859 803 4912 ratione
820 4858 930 4927 abiecti,
956 4857 1038 4925 mus.)
1073 4855 1266 4912 Nazianzenus
1286 4859 1354 4909 orat.
1372 4852 1466 4910 funeb.
1484 4855 1648 4925 inpetrem:
1679 4850 1795 4925 σχόντες

91 4951 152 5000 tum
172 4945 284 4999 ratione
299 4944 386 5011 modi,
403 4943 451 4998 sed
472 4942 673 4999 scientiauitae
686 4942 800 4998 alterius
812 4951 930 5015 utroque
956 4941 1024 5013 ὅλην
1049 4946 1097 5011 τῆς
1122 4939 1206 5012 ἁγίας
1230 4936 1344 5013 τριάδος
1368 4940 1420 5009 τὴν
1439 4943 1594 5014 illaprpar,
1618 4944 1733 5014 καθαρῷ
1754 4939 1794 5010 uqi

91 5031 175 5087 modo
194 5028 320 5101 perfecta
334 5030 394 5084 erit.
431 5031 523 5095 Quare
540 5036 571 5084 ut
584 5031 675 5100 majus
693 5029 786 5085 lumen
800 5031 931 5086 obscurat
956 5028 1088 5104 καθαρὰν
1105 5028 1155 5098 τὴν
1175 5021 1312 5094 ἀλήθειαν
1329 5022 1540 5088 ἐποπτεύοντες.
1565 5024 1731 5080 Ambrosius
1743 5023 1793 5081 lib.

91 5116 198 5185 minus,
216 5115 257 5171 sio
274 5115 391 5171 scientia
408 5122 516 5181 nostra,
541 5132 612 5186 quse
633 5115 662 5170 in
673 5115 727 5170 hac
743 5116 802 5172 vita
820 5123 862 5172 est
880 5115 929 5170 im·
956 5123 979 5175 2.
1000 5115 1036 5171 de
1055 5112 1198 5169 Abraham
1215 5129 1276 5183 cap.
1296 5118 1327 5170 1:
1347 5113 1384 5166 In
1400 5112 1495 5167 altera
1514 5119 1593 5164 terra
1610 5110 1795 5166 beatitudinis

91 5202 227 5273 perfecta,
244 5218 262 5256 a
279 5201 445 5272 perfectiore
465 5200 582 5257 scientia
604 5202 633 5256 in
653 5202 710 5257 vita
730 5208 845 5258 aeterua
863 5203 929 5259 abo·
952 5204 1041 5272 plena
1060 5216 1138 5253 meus
1156 5199 1326 5253 immortalis
1345 5218 1401 5254 non
1412 5198 1560 5268 salrapro
1575 5197 1659 5266 vern,
1677 5198 1749 5251 secut
1762 5198 1793 5251 in

90 5287 200 5344 labitur.
230 5287 317 5359 Syrus
335 5287 479 5359 eleganter
500 5286 623 5343 reddidit
642 5289 783 5343 modicum
799 5289 930 5344 mmulto
955 5291 1008 5344 bac
1026 5290 1100 5356 uita,
1129 5288 1181 5341 sed
1204 5288 1297 5342 uiuam
1317 5304 1408 5341 remim
1426 5294 1519 5340 cernet
1536 5283 1732 5349 susbstantiam,
1761 5299 1794 5339 eo

91 5374 284 5446 copnoscimur
307 5391 331 5430 v.
352 5379 376 5429 9.
399 5373 466 5445 quia
486 5373 635 5428 maximum
661 5390 764 5440 eorum,
794 5389 866 5447 qnae
895 5373 929 5429 de
957 5377 1033 5446 quod
1052 5390 1167 5428 cumea
1185 5374 1315 5442 corporis
1334 5380 1361 5426 et
1378 5388 1506 5425 sensuum
1525 5378 1551 5423 et
1568 5370 1644 5424 occu
1658 5370 1794 5424 nebulosa

87 5460 152 5536 Deo
177 5466 206 5515 et
232 5458 315 5515 rebus
334 5459 436 5514 divinis
457 5457 571 5528 scimus,
599 5466 641 5515 est
664 5459 807 5514 minimum
825 5476 929 5530 eorum,
956 5462 1081 5530 quadam
1106 5459 1228 5527 imagine
1251 5455 1462 5526 corruptibilem
1493 5455 1644 5523 calipinem
1670 5457 1795 5526 deponat

91 5561 164 5616 qnae
192 5545 366 5617 ignoramus,
392 5551 481 5601 totum
505 5543 579 5616 quod
595 5542 650 5600 Dei
669 5548 726 5611 est,
750 5545 843 5600 omnia
868 5545 930 5616 qius
955 5553 982 5601 et
1000 5545 1126 5601 revelata
1137 5544 1219 5614 facie
1232 5544 1329 5600 beatae
1344 5541 1418 5596 udae
1430 5542 1555 5610 gratiam
1574 5542 1673 5596 lustret
1691 5543 1795 5598 obtutu.
