4050 6014
756 268 806 323 DE
824 267 1153 328 CONSUMMA'I'IONE
1172 268 1315 327 sucum.
1829 280 1888 342 tau

72 451 180 490 ramsu-
228 428 270 478 86
305 421 363 479 Nos
382 423 553 479 chiliasticae
571 424 704 496 opinioni,
729 439 897 496 quocunqne
914 423 1027 478 66116611
1053 439 1113 478 esse
1133 416 1262 482 11666966
1290 430 1319 479 et
1347 426 1377 480 ἐκ
1397 431 1447 480 τοῦ
1461 420 1568 498 κόσμου
1590 421 1692 479 τούτου
1721 425 1889 494 6611166.

71 497 181 584 'ffiffiffi
194 507 279 562 minio
310 509 442 580 pingatur
468 526 503 564 ac
529 526 695 582 quacunque
721 526 835 565 cerussa
864 509 1027 577 ohdncatur,
1054 512 1094 562 36
1114 510 1188 588 quod
1208 509 1396 565 testimouium
1416 508 1520 564 Christi
1538 508 1642 565 Paulus
1662 519 1745 566 vocat
1773 509 1823 582 sip
1841 533 1889 568 sa·

72 606 112 686 616
131 596 179 645 ⁰1³¹·
193 593 298 648 larvam
317 594 515 650 detrahendam
536 613 595 651 esse
614 613 758 653 censemus
780 614 814 653 ac
841 595 958 667 proinde
985 611 1027 649 se·
1054 594 1104 659 try
1130 592 1286 665 ὁμολογίαν
1314 594 1472 664 111116,
1492 613 1516 650 v.
1538 600 1577 650 13.
1599 595 1664 649 11166
1691 597 1833 694 quaesitus
1853 596 1889 652 ad

72 657 170 744 iiiiii-
193 686 289 751 qneutr
281 680 470 752 'argumento
487 683 612 752 generali
626 699 687 738 eam
705 683 909 755 impugnamus.
937 682 1026 746 Quae·
1053 695 1168 749 regnum
1194 688 1333 736 terrenum
1365 680 1566 751 capessendum
1596 682 1674 750 sapit
1705 683 1735 735 in
1771 689 1890 736 montem

77 750 116 855 ιιιοοΙ
130 754 181 862 ma
194 781 304 837 cunque
323 768 417 837 opinio
441 773 483 821 ,η
509 774 531 824 1
551 762 695 843 ἄγραφος,
720 774 744 824 2.
765 770 954 844 ἀντίγραφοι,
984 782 1026 820 re·
1052 764 1116 822 boh.
1138 770 1162 832 6,
1180 783 1207 819 v
1230 773 1268 822 15.
1304 770 1331 834 2)
1351 767 1428 832 Quae
1449 773 1545 820 eontra
1562 765 1633 820 rllnd
1645 768 1808 836 spirituale
1827 785 1888 821 coe·

194 870 323 923 pugnans
341 853 502 924 Scripturas
520 860 591 909 663
609 856 804 926 experientiae,
822 872 856 910 ea
875 854 1026 908 meritore-
1052 851 1119 905 leste
1144 860 1170 906 et
1198 861 1341 906 aeternum
1367 869 1427 908 esse
1453 857 1598 907 testentur.
1634 852 1890 916 Ρ661111.45,ι,1;

194 939 344 1009 pudienda
378 939 456 995 ‘I'alis
477 958 542 996 vero
559 951 602 997 est
617 941 772 997 chiliastica
791 942 885 1011 opinio
911 938 1027 995 anchis
1055 936 1143 990 Sedes
1163 945 1212 991 tua
1233 939 1343 993 Deus
1331 956 1361 991 sn
1378 939 1500 992 seculum
1517 938 1613 994 seculi.
1648 937 1751 992 Psalm
1767 944 1809 1004 12,
1821 947 1891 997 ath

195 1025 328 1081 hactenns
345 1026 493 1097 descripta.
521 1027 603 1099 Ergo.
639 1023 758 1092 111669
739 1049 869 1103 cyperum
886 1027 930 1088 sit,
950 1031 1028 1096 patet
1055 1021 1200 1077 Timebunt
1218 1031 1324 1078 tecum
1342 1025 1401 1078 sole
1421 1032 1531 1078 eterne
1551 1024 1891 1094 lursam'snpenerationc

195 1128 228 1165 ex
250 1112 339 1182 primo
363 1115 423 1183 ejus
447 1114 476 1168 in
499 1114 618 1170 ecclesia
642 1123 763 1170 anctore.
798 1114 902 1185 Papias
928 1112 1026 1166 Hiera·
1052 1110 1271 1177 6666610666.
1295 1109 1399 1166 Ptalm·
1419 1115 1461 1176 89,
1481 1114 1567 1170 6361
1587 1110 1699 1165 Portam
1718 1112 1749 1166 io
1766 1112 1891 1167 66661666

194 1198 335 1267 politanus
355 1200 500 1271 episcopus
519 1204 560 1254 act
584 1202 754 1256 traditiones
773 1202 944 1271 apostolicas
968 1199 1027 1268 ejus
1052 1196 1143 1249 666611
1157 1213 1248 1251 semen
1269 1197 1333 1266 ejus
1350 1205 1376 1252 et
1392 1196 1522 1252 thronum
1546 1197 1607 1265 ejus
1632 1198 1704 1251 sicut
1731 1198 1890 1255 1116666611.

195 1285 329 1356 originem
346 1287 502 1357 revocabat,
520 1287 570 1342 sed
588 1287 735 1343 verisimile
756 1294 806 1355 est,
833 1285 962 1341 Corinthi
978 1286 1027 1337 im·
1053 1278 1117 1336 lisa.
1136 1286 1162 1346 9,
1180 1300 1207 1336 v.
1227 1287 1258 1338 6:
1274 1282 1366 1337 Pater
1384 1291 1513 1338 66166666
1530 1282 1664 1353 princepe
1676 1284 1774 1349 futuri
1790 1286 1887 1352 seculi,

192 1388 269 1439 pura
297 1373 431 1442 doqmata
460 1373 513 1429 enh
537 1373 670 1429 ementito
694 1372 910 1445 apostolicarum
942 1370 1026 1424 tradi·
1054 1383 1078 1418 v.
1098 1372 1122 1422 ’1.
1143 1369 1337 1422 corroborabit
1359 1386 1476 1438 reqnum
1494 1387 1514 1422 a
1530 1372 1614 1425 mado
1634 1385 1720 1440 usque
1740 1370 1770 1422 in
1788 1371 1890 1440 sempi-

194 1457 299 1512 tionnm
320 1464 464 1528 praetextu
482 1459 535 1529 ipsi
552 1458 639 1514 inisse
664 1459 812 1524 instillata,
841 1473 931 1530 neque
954 1456 1027 1510 enim
1053 1459 1168 1509 ternum.
1204 1453 1277 1510 Dan.
1296 1459 1321 1524 2,
1341 1474 1366 1510 v.
1385 1462 1436 1512 tt:
1466 1457 1504 1509 In
1526 1456 1624 1509 616666
1647 1473 1797 1526 repnorum
1825 1456 1890 1512 1116-

195 1544 251 1599 6116
268 1544 350 1600 11666
366 1545 513 1617 probabile
530 1544 590 1602 iieri
608 1551 709 1616 potest,
733 1545 873 1617 apostolos
892 1544 947 1599 alia
963 1543 1027 1596 riva
1052 1557 1115 1592 rum
1132 1541 1279 1594 6616166616
1298 1542 1376 1596 Deus
1399 1541 1473 1596 66611
1490 1558 1619 1611 repnum,
1647 1543 1723 1611 qued
1747 1544 1778 1596 in
1802 1550 1890 1597 aeter-

195 1646 263 1684 voce
279 1630 436 1698 tradidisse,
456 1631 513 1687 alia
531 1649 597 1687 vero
615 1631 702 1688 literis
722 1631 877 1687 mandasse.
913 1631 1027 1684 Constat
1052 1643 1117 1678 oum
1136 1644 1193 1680 non
1209 1627 1403 1696 dissspabitur,
1424 1636 1450 1682 et
1467 1644 1583 1696 repnum
1602 1629 1663 1699 ejus
1683 1628 1770 1682 alteri
1781 1629 1890 1698 populo

194 1733 228 1770 ex
246 1723 270 1774 2.
287 1718 384 1773 Τ11666.
404 1723 428 1784 2,
448 1737 473 1773 v.
492 1724 515 1774 2.
542 1718 614 1774 111661
638 1718 729 1774 media
747 1717 899 1789 probandi,
927 1715 1027 1787 quibus
1052 1728 1108 1762 60⁷2
1128 1714 1265 1780 1611116116,
1284 1715 1376 1782 speum
1395 1714 1480 1768 616911
1499 1714 1530 1768 in
1547 1721 1700 1769 6614161116·
1735 1721 1888 1785 9611719·

194 1804 355 1859 seductores
370 1804 665 1860 Thessalonicensibus
684 1805 852 1875 persuadere
872 1801 1026 1871 voluerunt,
1054 1797 1098 1853 14:
1129 1799 1258 1854 Potestas
1276 1801 1337 1869 6166
1352 1809 1479 1869 potestas
1498 1808 1623 1870 6616166,
1644 1818 1716 1870 quae
1734 1819 1791 1854 non
1808 1803 1890 1868 ausc·

195 1889 268 1944 diem
286 1889 399 1946 Domini
418 1891 539 1956 instare,
564 1889 650 1945 fuisse
670 1891 754 1945 etiam
772 1888 821 1945 sir
846 1887 944 1960 λόγον,
968 1887 986 1941 1.
1003 1904 1026 1942 6.
1051 1890 1138 1952 retur,
1157 1893 1183 1938 et
1203 1903 1321 1955 repnum
1342 1887 1412 1955 ejus,
1430 1889 1506 1956 quod
1525 1905 1581 1942 non
1594 1896 1795 1957 commpetur.
1823 1886 1890 1943 Luc.

195 1983 366 2047 praetextum
379 1976 534 2033 traditionis
549 1977 732 2048 apostolicae,
754 1976 850 2032 eodem
863 1980 1026 2047 argumento
1056 1974 1185 2037 1,v.se:
1216 1972 1358 2042 Reqnabit
1376 1974 1407 2026 in
1426 1975 1508 2028 domo
1527 1973 1620 2028 Jacob
1645 1974 1676 2027 in
1696 1981 1839 2028 6666611616
1863 1983 1890 2029 et

195 2061 379 2132 inpalliandis
396 2061 533 2119 erroribus
548 2064 631 2119 etiam
645 2063 713 2118 alios
727 2061 813 2117 fuisse
825 2079 897 2130 usos,
911 2060 1026 2116 dubium
1052 2057 1133 2125 repsi
1150 2058 1212 2127 ejus
1231 2075 1287 2112 non
1302 2059 1357 2112 erit
1372 2059 1447 2123 finis.
1483 2058 1595 2114 2911111.
1616 2067 1642 2126 4,
1660 2077 1686 2113 v.
1707 2064 1752 2116 18:
1773 2061 1889 2114 Libera

195 2146 311 2203 nullnm.
341 2149 472 2205 irenaeus
482 2148 599 2219 scriptor
616 2147 825 2218 antiquissimus
843 2164 885 2218 ea,
902 2163 974 2219 quae
992 2147 1026 2201 66
1052 2143 1091 2194 bit
1119 2161 1163 2197 me
1191 2145 1333 2200 Dominus
1359 2151 1399 2207 116
1424 2151 1568 2216 βασιλείαν
1596 2143 1782 2222 ἐπουράνιον,
1816 2147 1891 2202 unde

194 2234 373 2290 translatione
390 2235 543 2290 animarum
562 2235 670 2306 piarum
699 2237 729 2289 in
749 2234 918 2304 paradisum
941 2231 1026 2287 terr'e·
1052 2227 1178 2284 Christus
1196 2237 1260 2300 post
1279 2248 1357 2287 snam
1378 2232 1585 2288 adscensionem
1604 2232 1706 2288 dicitnr
1733 2235 1891 2288 corcedbse

194 2327 278 2375 stram
296 2320 415 2385 disserit,
434 2322 469 2374 ab
489 2323 682 2390 apostotorum
700 2321 850 2390 1116ιὶ1111116
863 2336 917 2390 per
935 2319 1025 2372 tradi·
1053 2317 1093 2369 aa
1110 2315 1169 2370 Dei
1188 2318 1316 2372 dextram
1336 2318 1367 2371 in
1385 2319 1502 2374 66661616
1528 2316 1614 2373 Hebr.
1637 2326 1660 2383 1,
1681 2320 1891 2375 631666616-

195 2406 297 2460 tionem
314 2425 345 2460 se
364 2408 506 2478 accepim
524 2407 622 2463 6666111
640 2407 688 2463 lih.
709 2415 733 2463 5.
753 2407 816 2461 adv.
835 2405 907 2462 haer.
927 2421 987 2475 cap.
1003 2411 1025 2458 7,
1051 2402 1138 2456 stibus
1161 2401 1233 2473 Eph.
1257 2410 1278 2471 l,
1306 2422 1330 2458 v.
1349 2409 1390 2459 211,
1423 2406 1454 2458 in
1482 2406 1570 2461 666116
1596 2404 1683 2460 Hebr.
1703 2411 1727 2470 8,
1752 2423 1778 2460 v.
1809 2412 1830 2461 1.
1867 2407 1893 2475 3)

194 2510 221 2562 p.
244 2497 301 2549 322,
328 2498 358 2548 66
376 2510 456 2549 nemo
482 2510 586 2565 negare
603 2499 711 2564 potest,
745 2492 920 2548 traditionem
948 2491 1026 2546 illam
1054 2489 1133 2554 Quae
1150 2506 1268 2560 regnum
1284 2488 1386 2544 Christi
1406 2490 1580 2558 describunt,
1605 2509 1639 2546 ex
1664 2492 1713 2547 illa
1737 2494 1812 2548 enim
1843 2493 1892 2546 de·

195 2577 344 2649 Scripturis
361 2580 447 2635 666116
464 2580 621 2650 adversari,
646 2578 756 2650 quade
780 2595 810 2633 re
827 2576 968 2634 annotabo
985 2577 1025 2632 in·
1052 2574 1202 2645 scriptione
1220 2576 1363 2632 evidenter
1382 2578 1476 2650 colligi
1496 2585 1604 2649 potest,
1633 2580 1703 2634 illud
1727 2598 1785 2634 non
1805 2587 1892 2634 terre-

193 2681 314 2735 genuam
334 2665 533 2724 confessionem
553 2666 657 2722 Perarii
675 2666 704 2720 in
723 2664 794 2722 Gen.
812 2665 858 2719 lib.
879 2670 902 2720 3.
922 2681 983 2735 cap.
1002 2669 1026 2718 2.
1053 2679 1118 2716 nnm
1137 2668 1166 2716 et
1186 2662 1341 2734 corporale,
1368 2664 1416 2718 sed
1436 2670 1580 2720 aeternnm
1598 2673 1627 2719 et
1653 2664 1797 2735 spirituale
1824 2682 1891 2721 esse.

195 2768 220 2821 q.
241 2758 270 2806 5:
301 2753 438 2807 irenaeus
458 2754 596 2822 affirmat,
613 2770 642 2808 se
663 2754 741 2822 quod
760 2753 795 2805 de
811 2752 952 2822 paradiso
970 2758 1026 2804 tra-
1052 2745 1181 2816 Regnum
1198 2746 1301 2804 Christi
1320 2750 1360 2804 sic
1378 2749 1557 2819 describitur,
1582 2749 1658 2821 qnod
1684 2751 1720 2805 sit
1742 2751 1890 2817 internum,

195 2837 253 2907 dit,
282 2856 301 2891 a
319 2839 497 2907 presbyteris
524 2838 626 2909 116166,
652 2838 803 2907 discipulis
826 2837 1026 2907 apostolorum,
1053 2833 1081 2886 in
1099 2833 1228 2890 cordibus
1245 2834 1388 2890 hominum
1407 2835 1499 2891 locum
1517 2834 1633 2904 habens,
1653 2836 1783 2908 qnodque
1801 2837 1891 2908 gioria

194 2924 342 2993 accepisse.
380 2924 440 2978 Sed
457 2925 529 2995 quid
542 2933 598 2978 tum
611 2927 734 2994 postea!
753 2942 790 2977 an
808 2923 872 2979 16166
885 2925 1026 2993 quodcun-
1053 2926 1081 2974 et
1105 2921 1238 2990 splendor
1261 2923 1322 2992 ejus
1349 2923 1386 2977 ah
1408 2922 1496 2978 oculis
1522 2922 1667 2978 hominum
1697 2923 1735 2977 sit
1761 2928 1890 2978 remotus.

193 3025 246 3077 que
265 3010 302 3062 ab
318 3009 380 3064 istis
393 3011 568 3080 presbyteris
587 3011 737 3081 proditum
760 3019 895 3081 tanquam
920 3017 1025 3064 certum
1052 3004 1156 3061 Psalm.
1175 3014 1216 3063 46.
1237 3008 1324 3062 multa
1345 3008 1380 3063 de
1399 3024 1485 3080 regno
1503 3007 1622 3065 Messias
1640 3009 1790 3064 admodum
1809 3008 1890 3064 belli-

195 3102 221 3147 et
237 3095 424 3150 indubitatum
445 3098 594 3152 doctrinae
606 3096 787 3151 Christianae
806 3098 911 3167 doqma
928 3095 1028 3151 haberi
1052 3108 1117 3147 cosa
1137 3099 1164 3147 et
1180 3093 1307 3164 speciosa
1324 3095 1533 3166 praedicuntur,
1557 3095 1607 3150 sed
1619 3112 1681 3150 mcx
1696 3094 1809 3150 additur
1827 3113 1852 3151 v.
1868 3102 1890 3150 1.

196 3183 295 3236 debet!
312 3200 403 3237 nonne
420 3190 537 3252 constat,
557 3183 624 3239 illos
642 3185 718 3255 ipsos
733 3183 913 3253 presbyteros
930 3184 1026 3238 eodem
1055 3179 1259 3247 emunctoria
1275 3182 1357 3248 filine
1375 3183 1453 3250 repis
1470 3183 1506 3236 ab
1524 3184 1609 3250 intus,
1626 3188 1656 3236 at
1674 3181 1765 3253 qualis
1777 3187 1890 3236 ornatus

195 3269 336 3332 referente
357 3270 477 3324 Irenaeo
498 3271 638 3340 quaedmn
661 3270 745 3334 falsa
768 3278 795 3323 et
812 3269 917 3323 diuinis
935 3267 1027 3322 literis
1052 3263 1127 3319 filiae
1143 3265 1225 3337 regis,
1242 3267 1308 3323 talis
1325 3269 1409 3325 etiam
1428 3275 1542 3339 ornatus
1556 3267 1640 3338 hujus
1657 3267 1746 3338 regni,
1761 3267 1891 3325 videlicet

195 3357 342 3409 contraria
363 3356 517 3409 6166616661
552 3353 629 3410 idem
650 3354 789 3426 judicium
807 3362 866 3410 asto
887 3355 922 3409 de
939 3353 1025 3409 undi-
1052 3351 1184 3422 internus,
1212 3352 1249 3408 ab
1266 3359 1379 3410 externo
1406 3371 1499 3410 rerum
1516 3355 1719 3409 mundanarum
1745 3352 1891 3424 splendore

194 3440 269 3497 tione
288 3441 448 3513 apostolica,
468 3441 504 3496 ad
524 3457 607 3513 qnam
627 3441 731 3513 Papias
749 3441 917 3512 provocavit
954 3441 1025 3496 Scri·
1053 3437 1211 3509 longissime
1230 3438 1384 3495 distinctus.
1416 3442 1485 3497 Luc.
1508 3441 1805 3510 11626111666616
1822 3443 1891 3509 Dei,

193 3533 276 3597 ptura
295 3527 367 3582 enim
385 3526 512 3598 nuspiam
531 3533 658 3595 testatur,
674 3536 738 3583 ante
758 3528 833 3583 diem
847 3528 1026 3583 noubsimum
1053 3530 1080 3578 66
1099 3525 1139 3578 sic
1159 3525 1243 3581 etiam
1261 3544 1377 3598 regnum
1396 3525 1513 3592 Christi,
1539 3546 1596 3582 non
1612 3527 1687 3582 uenit
1712 3545 1774 3580 cum
1798 3529 1889 3583 obser·

194 3622 252 3667 tam
276 3615 385 3668 beatam
412 3614 570 3670 millenarii
593 3615 717 3683 attentus
739 3614 977 3684 tranquillitatem
1000 3623 1026 3669 61
1052 3610 1241 3679 6611666666
1262 3629 1288 3666 v.
1311 3617 1353 3668 21.
1380 3629 1442 3667 6666
1460 3629 1578 3682 repnum
1599 3614 1659 3667 Dei
1677 3614 1755 3667 intre
1774 3631 1823 3668 uos
1840 3621 1890 3670 est.

189 3701 403 3770 pacatissimum
421 3701 554 3755 ecclesias
580 3703 611 3756 in
631 3702 716 3756 terris
733 3709 837 3756 statum
855 3701 948 3756 adhuc
967 3717 1026 3755 esse
1052 3695 1111 3752 Col.
1128 3701 1152 3766 3,
1168 3715 1193 3752 ιι.
1207 3703 1237 3753 3:
1261 3698 1326 3752 Vita
1343 3706 1435 3753 uestra
1452 3700 1619 3754 abscondita
1637 3708 1678 3754 est
1696 3717 1758 3753 cum
1779 3700 1890 3756 Christo

196 3781 420 3856 mactandum,
437 3787 468 3840 in
487 3804 542 3856 quo
554 3784 685 3841 Christus
703 3804 820 3856 repnum
834 3788 954 3859 aliquod
973 3794 1026 3842 ter-
1053 3783 1083 3837 in
1101 3786 1174 3849 Deo,
1193 3800 1218 3836 ν.
1240 3790 1264 3839 4.
1295 3801 1357 3838 cum
1375 3792 1467 3838 autem
1488 3784 1617 3839 Christus
1637 3787 1815 3856 apparuerit,
1831 3787 1891 3840 uita

193 3890 291 3928 renum
310 3873 492 3928 inchoatrmus
513 3883 539 3928 61
561 3892 622 3928 cum
643 3876 703 3928 6616
720 3875 752 3930 in
770 3876 821 3930 hoe
839 3877 944 3929 menide
963 3875 1027 3928 abo-
1053 3879 1154 3935 uestra,
1182 3879 1247 3925 tunc
1265 3877 1357 3926 61666
1377 3889 1439 3925 cum
1457 3871 1520 3942 ipso
1540 3873 1718 3942 apparebitis
1738 3874 1768 3927 in
1785 3873 1890 3943 pluria.

195 3959 245 4014 1116
261 3958 391 4030 peccato,
415 3968 504 4017 morte
522 3969 549 4016 61
568 3962 694 4016 omnibus
711 3962 794 4016 matis
818 3963 980 4018 abachum
1002 3969 1028 4015 61
1054 3954 1140 4011 Η6111.
1157 3960 1182 4024 2,
1203 3974 1230 4014 v,
1251 3962 1281 4013 6:
1300 3957 1435 4012 Nondum
1452 3958 1578 4012 uidemus
1594 3958 1623 4012 ei
1639 3959 1733 4012 orinia
1751 3976 1808 4013 esse
1828 3959 1891 4013 sub·

194 4045 365 4114 quietissime
393 4055 564 4115 reputaturus
591 4049 637 4105 sit.
671 4049 860 4119 Quaecunque
886 4063 951 4102 vero
977 4063 1027 4117 pro
1053 4044 1138 4111 jecta.
1174 4049 1196 4098 1.
1215 4042 1279 4098 Joh.
1302 4048 1326 4112 3,
1344 4063 1368 4098 v.
1387 4050 1416 4100 2:
1450 4045 1525 4099 rutis·
1544 4045 1604 4099 Dei
1618 4064 1731 4112 sumus,
1756 4047 1810 4100 sed
1826 4064 1892 4100 non-

193 4131 360 4187 etabilienda
388 4133 436 4187 illa
462 4134 592 4205 opinione
618 4151 651 4191 ex
679 4134 840 4206 Scripturas
873 4134 1028 4209 prophetiis
1054 4132 1121 4184 dum
1139 4131 1283 4201 appararit,
1302 4133 1374 4201 quid
1391 4132 1488 4194 ficus-i
1504 4133 1597 4187 simus.
1625 4130 1801 4187 Describitur
1813 4132 1891 4189 Chri·

192 4216 362 4284 affernntur,
387 4235 422 4274 ea
438 4221 483 4274 vel
500 4220 536 4275 de
552 4221 642 4291 primo
660 4220 762 4275 Christi
780 4221 902 4277 adventu
919 4221 948 4275 in
965 4238 1027 4279 car·
1053 4216 1090 4272 sti
1109 4232 1225 4288 reguum
1243 4224 1275 4271 nt
1294 4217 1459 4274 catholicum
1480 4226 1508 4272 et
1526 4217 1690 4283 universale,
1715 4233 1766 4288 per
1782 4217 1893 4274 nniver-

194 4320 265 4372 nem,
283 4303 328 4357 vel
348 4304 382 4359 de
404 4308 479 4359 statu
499 4305 634 4361 ecclesiae
653 4305 724 4363 Nori
743 4305 916 4362 Testamenti
934 4307 962 4362 in
979 4325 1027 4380 ge.-
1054 4320 1115 4357 snm
1133 4309 1269 4358 terrarum
1294 4303 1389 4359 orbem
1410 4319 1441 4358 se
1464 4303 1627 4367 extendens,
1652 4303 1727 4374 qnod
1753 4303 1789 4358 de
1811 4322 1892 4361 mun·

193 4406 273 4455 nere,
300 4389 344 4445 vei
364 4391 399 4445 de
420 4391 510 4460 gloria
535 4392 648 4447 coelesti
672 4392 867 4464 triumphantis
896 4394 1028 4449 ecclesiae
1054 4389 1127 4444 dano
1144 4406 1178 4444 ac
1197 4398 1306 4445 terreno
1335 4389 1430 4462 aliquo
1452 4406 1540 4460 regno
1565 4389 1620 4443 dici
1643 4390 1749 4462 nequit.
1784 4390 1891 4447 Psalm.

72 4496 119 4540 xx,
134 4498 179 4542 111.
193 4476 222 4530 in
252 4477 310 4531 vita
337 4482 450 4532 aeterna
476 4476 586 4533 demum
610 4479 797 4549 exspectanda
819 4479 970 4552 loquuntur
995 4497 1027 4535 ac
1055 4480 1079 4544 2,
1098 4494 1124 4532 v.
1144 4481 1175 4532 8:
1201 4477 1285 4530 Dabo
1303 4476 1355 4530 tibi
1370 4484 1465 4546 pentes
1481 4477 1670 4530 hereditatem
1687 4483 1764 4530 tuam
1784 4487 1810 4533 et
1823 4497 1891 4550 pos·

193 4562 310 4634 proinde
328 4560 561 4636 depositorium
577 4569 624 4619 661
643 4561 820 4627 ἀπαιδεύτως
840 4565 876 4620 ad
896 4565 1028 4622 chiliasti-
1054 4562 1204 4616 6666166666
1229 4571 1306 4616 tuam
1326 4562 1457 4616 terminos
1477 4569 1580 4617 terrae.
1616 4560 1823 4628 Ρ661111.22,ι.
1843 4569 1890 4622 28:

193 4667 227 4704 ca
245 4649 354 4704 somnia
373 4648 561 4707 confirmanda
578 4651 754 4708 adhibentur.
1055 4647 1225 4702 Adorabunt
1255 4649 1286 4702 in
1312 4657 1458 4718 conspecu
1488 4648 1549 4717 ejus
1581 4650 1729 4706 uniuersae
1758 4652 1891 4715 sancitae

76 4753 154 4822 aasz
228 4742 270 4797 81.
305 4736 387 4802 Quod
415 4736 452 4792 sit
484 4735 672 4814 ἀντίγραφοι,
699 4738 849 4809 probamus
874 4737 1028 4793 rationibus
1055 4735 1186 4805 pontium.
1222 4733 1326 4788 Psalm.
1345 4738 1419 4802 12,1
1420 4739 1476 4790 ‚82
1496 4736 1698 4791 Dominabitur
1715 4755 1734 4791 a
1753 4739 1829 4793 mari
1845 4756 1890 4794 us-

81 4804 158 4863 mi·
192 4840 226 4878 ex
244 4822 389 4895 Scriptura
408 4824 511 4893 petitis.
549 4830 573 4882 1.
597 4827 624 4878 A
638 4826 720 4894 requi
739 4823 844 4881 Christi
859 4824 1027 4890 conditione.
1055 4838 1107 4891 que
1127 4823 1168 4874 ad
1185 4839 1278 4889 mare,
1305 4839 1324 4875 a
1343 4821 1564 4894 flumineusque
1593 4826 1634 4878 act
1658 4824 1791 4879 termium
1815 4825 1891 4879 orbes

72 4898 179 4996 ’9999
169 4909 320 4977 Regnum
337 4909 466 4966 Christi'
458 4927 487 4964 m
505 4910 592 4965 sacris
609 4909 697 4966 literis
716 4909 881 4966 describitur
899 4918 930 4967 ut
945 4910 1029 4981 spiri-
1055 4917 1207 4963 terrarum.
1241 4906 1308 4963 Era.
1326 4912 1369 4977 49,
1389 4926 1415 4963 ι.
1437 4913 1467 4966 6;
1495 4911 1575 4964 Dedi
1593 4918 1621 4965 te
1640 4911 1671 4965 in
1689 4912 1809 4966 66161661
1825 4928 1890 4980 pen·

72 4946 167 5039 9691110
194 4995 270 5050 16616
289 5003 316 5050 61
334 5004 485 5058 aeternum,
505 5013 559 5050 non
576 5003 670 5053 antem
684 5005 716 5053 nt
732 4999 883 5068 corporale
900 5005 926 5051 61
944 5006 1028 5053 terre·
1054 4995 1140 5061 tium,
1165 5003 1196 5048 ut
1214 4995 1251 5049 sit
1267 4994 1347 5048 salus
1363 5011 1427 5049 mea
1443 4998 1591 5066 usquead
1610 5005 1762 5052 extremum
1787 5006 1891 5056 terrae.

72 5052 181 5142 ι6111111
195 5101 268 5137 num
304 5081 380 5153 Ergo
399 5081 551 5138 chiliastae
564 5081 667 5138 frustra
680 5090 801 5155 sperent,
819 5083 960 5140 Christum
979 5103 1029 5156 per
1054 5081 1125 5137 Dan.
1144 5087 1207 5151 2,
1209 5087 1286 5137 ,35.
1316 5083 1413 5151 Lapis,
1434 5081 1485 5152 qui
1499 5092 1679 5154 percusserat
1697 5092 1826 5150 statuam,
1843 5087 1891 5152 fa·

72 5156 180 5195 99999
195 5168 270 5223 mille
288 5186 376 5225 annos
394 5176 533 5224 terrenum
551 5168 664 5241 aliquod
688 5187 804 5242 regnum
830 5186 891 5227 esce
914 5171 1029 5227 admini·
1055 5177 1118 5225 ctus
1138 5176 1179 5223 est
1197 5187 1276 5223 mone
1293 5186 1411 5237 mapnus
1424 5179 1451 5222 et
1462 5169 1589 5240 impleuit
1599 5169 1762 5226 universam
1775 5179 1888 5228 terram

196 5261 355 5311 straturum.
380 5255 559 5312 Antecedens
575 5255 709 5326 probatur
727 5273 760 5311 ex
782 5257 837 5311 illis
863 5258 1029 5327 Scripturas
1056 5255 1139 5310 Zach.
1154 5258 1178 5319 9,
1194 5273 1219 5308 v.
1236 5261 1283 5310 10:
1300 5255 1431 5308 Potestas
1450 5257 1512 5324 ejus
1530 5274 1549 5310 6
1567 5256 1644 5311 mari
1657 5274 1744 5329 usque
1758 5260 1799 5313 acl
1810 5276 1890 5315 mars

195 5343 287 5413 1116116,
310 5346 334 5409 1)
352 5360 425 5413 quae
442 5360 571 5413 expresse
587 5350 699 5413 negant,
717 5360 832 5411 reqnum
850 5343 956 5398 Christi
971 5361 1030 5400 6166
1056 5351 1082 5398 61
1100 5360 1120 5396 6
1133 5342 1298 5411 fluminibus
1316 5360 1404 5412 usque
1424 5346 1465 5397 ad
1480 5345 1551 5408 fines
1569 5352 1671 5400 terrae.
1693 5363 1752 5416 cap.
1767 5350 1807 5412 14,
1818 5364 1844 5401 ι,
1859 5353 1890 5403 36

116 5499 120 5504 ι
195 5434 333 5483 terrenum
351 5437 376 5483 et
394 5431 574 5483 mucelanum.
602 5426 728 5483 Christus
744 5430 779 5485 de
799 5430 906 5485 ratione
925 5438 1030 5486 666611-
1056 5432 1189 5500 Iiuptura
1209 5429 1307 5483 6116611
1324 5430 1447 5483 extendit
1462 5446 1493 5484 ae
1518 5433 1560 5485 ad
1584 5449 1678 5488 omnes
1706 5434 1806 5488 mrmdi
1827 5451 1889 5487 car-

195 5514 339 5571 stituticne
358 5516 436 5587 regni
456 5517 499 5570 sni
519 5532 537 5571 a
557 5515 646 5571 Pilato
675 5515 816 5587 quaesitus
839 5523 936 5586 negat,
963 5517 1029 5572 illud
1058 5518 1149 5575 1111166.
1175 5515 1235 5571 Rex
1250 5516 1311 5587 ipse
1328 5518 1494 5576 describitur
1512 5526 1544 5575 ut
1559 5538 1671 5592 pauper
1688 5520 1772 5577 Γ66611.
1784 5529 1808 5589 9,
1826 5538 1852 5575 ι.
1866 5526 1889 5576 9.
