4050 6014
211 181 269 239 174
854 172 1081 235 martarus
1097 174 1261 234 remus

207 327 325 380 sarsinas
342 328 543 398 rmuprionis,
570 343 626 398 quo
643 342 726 381 sensu
752 342 785 382 uc
811 335 939 399 respectu
963 328 1045 383 tertia
1071 327 1240 384 irrationalis
1257 333 1386 384 creatura
1405 327 1485 383 anxie
1509 344 1543 382 ee
1566 327 1673 384 solicite
1698 334 1809 400 tempus
1827 328 1905 391 illud,

209 412 402 483 interpretatio
419 430 481 468 cum
500 419 600 485 quarta
618 413 750 482 conjungi
770 417 870 483 potest
1071 414 1099 468 in
1124 430 1180 484 quo
1204 415 1292 485 gloria
1320 412 1438 469 filiorum
1462 413 1516 467 Dei
1545 413 1748 469 manifestanda
1775 420 1833 484 est,
1862 432 1906 470 ex·

243 503 283 553 56.
319 497 447 554 Ceterum
484 498 549 553 huie
585 499 703 553 vanitati
733 503 761 552 et
784 499 912 553 servituti
931 515 1043 568 corrup·
1070 507 1192 569 spectet,
1218 500 1293 569 quod
1320 516 1451 570 magnum
1477 506 1519 554 est
1547 506 1757 571 argumentum,
1789 501 1905 573 gloriam
1918 505 1953 547 ¹¹·
1963 506 1985 547 e.

208 582 293 636 tionis
322 589 449 638 creatura
477 583 580 639 dieitur
604 581 732 654 subjecta
758 585 808 653 οὐχ
838 586 955 651 ἑκοῦσα,
986 603 1043 638 non
1070 583 1144 638 illam
1162 602 1222 639 esse
1238 592 1386 655 augustam
1405 590 1433 639 et
1457 585 1697 642 inaestimabilem.
1734 591 1759 643 2.
1780 586 1822 644 Ut
1846 603 1902 644 cer

207 668 312 737 uolens,
331 672 384 723 sed
397 677 520 739 propter
545 686 616 738 eum,
642 671 691 738 qui
707 670 826 737 subjecit
852 686 913 724 eam
936 671 965 722 in
984 669 1215 767 spaptitudinem
1239 675 1384 724 secuturae
1407 668 1481 724 illius
1508 671 1613 744 gloriae
1636 671 1815 738 demonstret,
1839 671 1903 743 quie

207 753 225 806 i.
245 770 269 809 e.
290 771 345 810 non
364 756 476 825 proprio
493 754 538 809 vel
564 755 684 809 naturali
710 761 787 810 motu
805 773 835 810 se
855 755 896 809 ilii
914 754 1042 824 subjecit,
1070 771 1142 808 emm
1161 754 1248 809 omnis
1267 761 1395 811 creatura
1411 755 1609 811 revelationem
1628 755 1748 812 filiorum
1770 757 1825 812 Dei
1844 759 1902 813 avi-

207 841 256 895 sed
275 840 330 894 Dei
347 842 480 897 creatoris
498 842 642 895 voluntate
666 841 755 897 eidem
782 841 965 897 subordinate
984 840 1042 895 sive
1069 839 1181 895 dissime
1205 847 1355 910 exspectat,
1381 841 1445 896 ideo
1470 857 1503 896 sa
1528 842 1681 897 certissime
1708 858 1759 897 sno
1778 847 1902 914 tempore

207 931 282 979 certo
300 925 383 980 modo
402 935 486 998 atque
506 927 602 983 ordine
632 932 675 983 est
699 927 835 997 subjecta.
871 927 959 994 Syrus
980 925 1040 978 red·
1068 930 1207 994 sequetur,
1227 942 1317 997 neque
1333 927 1406 981 enim
1426 927 1496 982 illud
1514 926 1667 982 universale
1680 927 1770 982 totius
1785 936 1901 985 naturae

208 1011 281 1067 didit
298 997 859 1087 53:333N'3,nonprouolunratesaa,
874 1029 930 1064 non
943 1019 1042 1079 sponte
1069 1009 1236 1064 desiderium
1264 1027 1282 1066 a
1311 1011 1371 1066 Deo
1410 1012 1464 1082 ipsi
1498 1011 1625 1068 mustum
1660 1020 1745 1084 atque
1788 1013 1901 1069 insitum

205 1105 256 1150 aar
275 1114 332 1166 pro
356 1107 421 1152 soro
447 1115 507 1167 suo,
530 1113 564 1152 ac
587 1094 812 1173 προσδιορισμόν
834 1097 972 1166 adjectum
989 1094 1038 1152 ἐπ’
1067 1098 1160 1163 potest
1178 1113 1238 1151 esse
1254 1095 1450 1151 frustraneum.
1486 1102 1512 1156 3.
1534 1096 1573 1153 Ut
1597 1097 1764 1169 dignitatem
1781 1097 1901 1154 filiorum

205 1186 300 1239 ἐλπίδι
320 1185 466 1254 conjunxit
490 1201 552 1239 cum
578 1201 659 1239 versu
688 1190 821 1254 sequente
854 1188 896 1239 21.
927 1184 956 1235 in
982 1199 1040 1250 epe,
1067 1179 1120 1234 Dei
1139 1181 1282 1250 exprimat,
1300 1182 1376 1252 quod
1393 1182 1449 1235 illis
1465 1198 1520 1236 non
1540 1183 1628 1238 solum
1647 1185 1741 1238 omnia
1759 1184 1789 1237 in
1802 1186 1901 1240 bonum

205 1272 282 1339 quod
302 1277 329 1323 et
354 1269 420 1340 ι’ριο
446 1277 580 1324 aratura
611 1272 778 1325 liberabitur
802 1274 853 1322 etc.
895 1268 1040 1333 Quomodo
1067 1275 1265 1334 cooperentur,
1297 1270 1374 1337 quod
1398 1269 1545 1337 primitias
1578 1269 1704 1338 Spiritus
1734 1274 1901 1340 acceperint,

204 1372 268 1410 vero
295 1361 423 1411 creatura
445 1374 502 1409 non
529 1357 624 1410 uolens
653 1356 769 1410 vanitati
797 1353 943 1423 subjecta?
986 1352 1040 1417 Qui
1067 1353 1223 1418 quodcum
1244 1351 1519 1423 Utrutopaliunlur
1545 1371 1579 1407 ac
1594 1356 1719 1425 proinde
1738 1357 1823 1409 etium
1840 1373 1901 1410 crem

203 1443 426 1512 perennitatem
453 1440 615 1513 intelligunt
642 1440 854 1496 mutabilitatem
878 1445 907 1494 et
929 1455 1039 1508 eorrup—
1066 1436 1130 1504 ipso
1151 1437 1337 1505 glorificandi
1359 1441 1424 1503 sint,
1450 1440 1499 1494 sed
1524 1441 1599 1510 quod
1625 1440 1717 1495 omnia
1742 1441 1827 1496 etiam
1846 1459 1901 1497 uns

202 1527 315 1597 tionem,
333 1528 361 1581 in
387 1528 478 1582 varias
500 1527 605 1581 abeunt
629 1528 789 1594 sententias,
814 1543 879 1580 cum
903 1541 964 1581 esse
981 1542 1039 1579 mu·
1067 1539 1130 1577 eum
1158 1521 1225 1593 ipsis
1251 1523 1449 1594 ingemiscant,
1475 1525 1633 1595 parturiant
1656 1532 1686 1582 et
1707 1525 1899 1584 liberationem

203 1612 290 1668 tahile
313 1618 341 1666 et
368 1612 550 1682 corruptibile
575 1612 703 1667 videatur
732 1616 877 1667 creaturae
903 1611 1039 1681 corporali
1066 1626 1161 1665 eorum
1193 1611 1275 1667 unice
1303 1616 1442 1681 expetant.
1489 1611 1593 1682 Magna
1623 1618 1717 1666 autem
1748 1613 1777 1668 in
1809 1614 1900 1669 verbis

202 1714 236 1752 ao
252 1698 356 1753 visibili
372 1697 578 1766 essenaturale,
593 1703 690 1768 utpote
708 1697 874 1768 proveniens
893 1697 929 1751 ab
946 1699 1045 1752 essen·'
1067 1694 1184 1763 apostoli
1200 1702 1243 1749 est
1269 1696 1414 1766 emphasis.
1450 1697 1692 1767 Exspsetstionem
1720 1698 1798 1753 illam
1825 1715 1899 1756 cres·

201 1783 316 1838 tialibue
339 1785 399 1854 ejus
422 1783 573 1853 principiis.
615 1782 738 1838 Thomas
764 1782 837 1836 illud
862 1800 919 1835 non
945 1784 1039 1836 volem
1066 1783 1146 1833 turae
1163 1780 1356 1836 revelationem
1382 1780 1501 1836 filiorum
1529 1783 1583 1838 Dei
1610 1784 1795 1840 desiderantis
1820 1793 1901 1841 voest

201 1868 243 1924 sic
266 1868 473 1940 interpretatur,
505 1871 583 1937 quod
603 1871 741 1935 defectus,
767 1869 817 1937 qui
834 1877 1039 1936 consequuntur
1067 1864 1305 1941 ἀποκαραδοκίαν,
1325 1868 1399 1936 quod
1416 1867 1540 1923 Hilarius
1559 1869 1577 1924 l.
1605 1875 1644 1924 12.
1665 1870 1699 1924 de
1716 1870 1793 1924 Tn'n.
1814 1872 1898 1926 vertit

201 1962 321 2009 naturae
353 1970 508 2026 corporeae
538 1955 768 2022 mutabilitatem,
793 1954 953 2021 aliusmodi
976 1956 1041 2007 sunt
1067 1951 1257 2022 longinquam,
1274 1950 1439 2007 Ambrosius
1463 1957 1636 2024 frequentem
1659 1954 1899 2025 empieetals'cnem,

201 2040 317 2108 mairem,
335 2040 518 2110 pmrefactie,
537 2041 683 2110 corruptio
707 2047 758 2095 etc.
785 2040 842 2093 sint
867 2047 966 2093 contra
989 2057 1040 2092 na-
1063 2038 1122 2106 jam
1139 2036 1204 2090 inde
1220 2037 1326 2092 scilicet
1343 2056 1361 2092 a
1378 2039 1468 2107 prima
1490 2039 1587 2094 mundi
1608 2040 1716 2111 origine
1738 2041 1782 2097 rel
1801 2041 1898 2096 saltem

202 2132 296 2180 turam
310 2126 520 2194 particularem
537 2125 622 2195 hujus
646 2126 692 2180 uel
716 2126 796 2179 illius
820 2126 871 2193 rei,
893 2128 975 2194 crrjue
996 2125 1039 2177 ni·
1066 2122 1181 2193 elapsu
1198 2123 1432 2193 protoplastorum
1447 2132 1575 2196 coeptam
1601 2133 1631 2182 et
1655 2126 1781 2196 quotidie
1798 2127 1898 2183 durau·
1947 2150 1949 2155 ’

202 2212 305 2265 mirum
328 2213 471 2282 appetitura
496 2212 586 2266 tendit
610 2214 652 2265 ad
679 2212 725 2265 sui
750 2212 989 2265 conseruationem
1013 2220 1039 2265 et
1064 2214 1135 2277 tem3
1170 2208 1399 2279 Theophylactus
1436 2211 1588 2267 rectissime
1628 2213 1712 2268 vertit
1747 2214 1897 2283 relicatam,

200 2297 277 2365 sapit
305 2298 353 2352 sui
376 2298 593 2366 corruptionem.
635 2297 863 2368 Theophylactus
890 2296 974 2352 refert
1000 2299 1036 2352 ad
1065 2295 1180 2347 anniam
1208 2302 1234 2348 et
1262 2296 1346 2364 quari
1369 2304 1476 2350 aurato
1501 2299 1594 2367 capite
1610 2301 1727 2368 factam
1752 2306 1897 2369 emperia

201 2382 255 2437 Dei
277 2382 479 2454 providentiam
502 2389 530 2438 et
557 2383 732 2439 emationem.
768 2384 840 2448 Hoc,
864 2382 963 2452 inquit,
981 2385 1036 2452 sip·
1063 2380 1172 2434 ιίοσονι.
1207 2378 1387 2450 Componitur
1418 2383 1491 2438 enim
1520 2382 1591 2438 haec
1619 2401 1672 2440 vox
1701 2401 1734 2439 ex
1764 2380 1839 2454 ἀπό,
1869 2402 1896 2450 ο,

204 2470 311 2538 nificat,
331 2469 391 2522 Dei
406 2470 590 2538 prouidentia
608 2477 634 2522 et
652 2485 722 2522 cura
744 2470 878 2522 reuredum
896 2485 954 2521 esse
971 2486 1035 2522 con·
1062 2462 1150 2540 κάρα,
1179 2474 1278 2537 caput,
1308 2473 1335 2522 et
1360 2470 1467 2537 dorsis,
1486 2470 1597 2539 uidere,
1623 2470 1671 2541 qui
1698 2468 1773 2524 enim
1790 2468 1896 2540 aliquid

201 2556 305 2623 mlum,
335 2572 385 2610 nee
413 2557 506 2624 ipsum
533 2569 587 2624 per
612 2571 642 2608 ee
665 2555 756 2619 fuisse
776 2562 959 2621 restructum,
984 2558 1036 2608 serl
1062 2551 1155 2604 ridere
1178 2567 1347 2621 magnopere
1364 2553 1522 2609 desiderant
1545 2560 1574 2609 et
1600 2554 1701 2625 cupide
1721 2562 1897 2627 exspectant,

200 2648 287 2695 lotum
309 2642 350 2693 ad
371 2641 598 2695 commoditatem
624 2647 651 2693 et
677 2657 757 2693 usum
781 2640 901 2694 leoninis
928 2660 946 2693 ο
972 2643 1033 2694 Deo
1061 2642 1222 2707 exporrecto
1239 2637 1297 2692 sive
1315 2646 1422 2693 exserto
1446 2639 1538 2710 capite
1560 2640 1679 2696 subinde
1701 2640 1771 2696 illud
1789 2640 1895 2712 prospi-

201 2743 259 2780 esse
285 2727 403 2790 facturn.
448 2725 505 2782 Alii
535 2724 658 2781 referunt
692 2725 729 2780 ad
756 2731 912 2782 secuturam
939 2727 1034 2781 mundi
1061 2721 1152 2790 ciunt,
1178 2724 1207 2776 in
1226 2723 1314 2777 altum
1333 2724 1499 2793 suspiciunt,
1521 2724 1600 2795 quasi
1626 2743 1685 2781 rem
1709 2727 1894 2783 desideratam

200 2813 420 2868 renovationem:
454 2815 520 2867 Non
545 2813 641 2867 volem
664 2813 789 2882 dicium,
815 2812 884 2881 qaia
910 2830 972 2866 eum
989 2815 1034 2868 hic
1061 2807 1125 2863 inde
1160 2815 1327 2879 exspectent.
1369 2810 1457 2879 Syrus
1484 2810 1606 2864 reddidit
1634 2814 1724 2866 omnir
1757 2823 1892 2868 creatura

199 2901 321 2953 mundus
347 2905 483 2967 respectet
508 2899 665 2953 mirabilem
686 2899 768 2953 illum
783 2898 989 2954 renovationem
1009 2908 1034 2953 cl
1061 2901 1201 2961 retrectat
1227 2902 1254 2948 rt
1282 2895 1379 2949 oculor
1407 2896 1541 2962 intrudit,
1569 2899 1690 2973 82:¹02,
1718 2901 1748 2952 in
1776 2900 1894 2970 apecula

199 2992 302 3039 statum
318 2985 438 3053 alariae,
457 2986 499 3037 ad
522 3002 601 3054 quem
627 2986 657 3043 ia
679 2984 892 3039 resurrections}
910 2993 1033 3054 tempore
1061 2980 1144 3045 quari
1158 2987 1307 3047 suspectat.
1344 2978 1465 3050 Philipp.
1490 2987 1512 3048 1,
1532 2998 1557 3036 ν.
1577 2989 1615 3038 20.
1643 2983 1730 3039 utitur
1748 2983 1802 3038 hae
1828 2997 1894 3038 voce

196 3079 383 3140 peuenrurra
399 3078 448 3134 est,
466 3072 532 3124 ideo
543 3080 723 3141 praesentem
745 3072 817 3123 dunc
834 3079 936 3124 etatum
956 3079 1033 3125 tanto
1060 3064 1201 3133 apostolur
1230 3064 1266 3118 ed
1297 3065 1505 3134 exprimendum
1540 3069 1687 3124 vehemens
1719 3069 1789 3124 illud
1821 3069 1892 3122 ‹llei-

199 3156 394 3226 ipnolils'orem
407 3156 514 3210 dieitm
530 3173 587 3210 non
603 3157 682 3224 uelle,
697 3157 908 3225 comparatione
928 3158 1033 3210 scilicet
1061 3150 1170 3203 derum
1187 3167 1221 3202 αθ
1241 3167 1327 3219 rpem,
1348 3167 1405 3220 qua
1422 3151 1596 3222 afflictiones,
1621 3172 1692 3226 quas
1710 3170 1763 3226 pro
1783 3153 1892 3208 Christe

200 3242 321 3309 majoris
346 3241 516 3310 benignae
538 3249 685 3311 exspectat.
723 3240 778 3296 Sed
801 3241 867 3312 quia
886 3259 936 3313 per
954 3242 1032 3296 runi-
1060 3235 1226 3303 patiebatur,
1247 3236 1275 3289 in
1296 3235 1382 3306 ipsius
1398 3236 1516 3306 gloriam
1542 3256 1667 3296 cessuras
1683 3241 1824 3311 sperabat
1859 3239 1891 3294 In

199 3333 284 3383 tatem
303 3333 331 3382 et
349 3325 510 3383 servitutem
530 3327 712 3399 corruptionis
742 3327 861 3382 diximus
884 3329 1032 3399 praecipue
1059 3321 1184 3375 terrione
1214 3321 1336 3392 Aquilae
1366 3321 1485 3380 habetur
1515 3326 1617 3383 Psalm.
1650 3332 1697 3395 37,
1723 3345 1749 3381 v.
1781 3333 1805 3383 i.
1840 3344 1891 3399 pro

200 3412 319 3483 intelligi
346 3413 498 3482 servitium,
529 3413 603 3485 quod
630 3413 722 3482 impiis
748 3413 777 3466 in
799 3412 852 3467 hac
875 3414 934 3467 vita
957 3431 1030 3469 erea-
1058 3389 1181 3481 Sirim,
1205 3408 1375 3463 redemi&
1398 3414 1566 3482 mprrwvr'l
1584 3414 1678 3467 ludar
1690 3415 1890 3484 parturiente,

199 3505 277 3554 turae
302 3499 480 3571 impendunt,
504 3499 567 3555 ideo
597 3516 693 3554 sensus
721 3508 775 3567 est,
804 3500 878 3568 quod
905 3508 1030 3556 creature
1058 3511 1114 3566 qua
1146 3493 1327 3549 similitudine
1366 3496 1449 3551 etiam
1484 3506 1582 3568 postea
1617 3501 1704 3555 utitur
1740 3502 1889 3570 apostolus.

199 3585 279 3655 quasi
308 3584 455 3640 abhorreat
482 3601 500 3640 a
526 3585 646 3656 pessimo
678 3584 726 3639 illo
757 3584 904 3654 impiorum
933 3587 1031 3656 abusu,
1058 3580 1192 3651 Polybius
1210 3580 1299 3634 utitur
1318 3581 1371 3636 hoc
1387 3583 1522 3640 vocabulo
1541 3590 1576 3640 de
1593 3588 1688 3655 aneia,
1705 3587 1820 3640 solicita
1837 3586 1890 3642 illa

199 3672 309 3727 interim
326 3678 419 3726 tamen
436 3672 502 3744 quia
522 3671 648 3742 primitus
665 3671 702 3725 ad
726 3688 807 3725 usum
831 3671 950 3726 hominis
968 3690 1028 3727 con·
1058 3667 1267 3734 exspectatione,
1292 3685 1378 3736 quam
1406 3671 1543 3724 exercitus
1568 3674 1609 3726 ad
1621 3673 1768 3741 proelium
1789 3674 1890 3742 parati

199 3757 267 3826 dita,
285 3757 348 3812 ideo
365 3757 419 3812 Dei
437 3757 569 3812 creatoris
595 3757 710 3827 imperio
733 3762 762 3811 et
785 3757 952 3812 ordinationi
982 3759 1029 3813 ob·
1057 3752 1160 3806 babere
1178 3752 1276 3816 ⁸⁰l⁶²³21
1296 3756 1363 3806 dum
1382 3765 1542 3825 wectari
1564 3759 1745 3827 imperatorie
1770 3760 1888 3812 manda·

202 3843 334 3914 sequitur.
380 3841 450 3897 Cum
485 3842 558 3897 enim
589 3843 729 3913 spostolus
765 3858 814 3912 per
846 3842 1029 3914 emphaticam
1056 3844 1121 3890 lum.
1156 3835 1319 3907 Emphatiee
1336 3840 1422 3909 igitur
1437 3858 1490 3896 vox
1508 3840 1737 3917 ἀποκαραδοκίος
1750 3851 1888 3913 exspecta·

203 3927 430 4000 prosopopoeiam
447 3929 533 3983 totius
559 3935 704 3983 creaturae
727 3947 875 3999 corporeae
896 3929 1027 3984 universi·
1056 3924 1159 3977 tionem
1184 3933 1331 3978 creaturae
1361 3927 1502 3982 solicitam
1528 3929 1664 4000 exprimit.
1704 3930 1800 4000 Auget
1829 3944 1888 3984 em·

199 4020 286 4069 tatem
308 4014 386 4068 velut
415 4013 677 4086 unumquempiam
699 4031 845 4084 personam
869 4016 948 4069 uobis
967 4033 1028 4085 pro·
1055 4008 1162 4079 phasin,
1181 4009 1254 4081 quod
1281 4013 1423 4080 apostolus
1448 4029 1503 4067 non
1529 4015 1691 4085 simpliciter
1719 4015 1790 4071 dicit
1810 4032 1887 4069 crea·

199 4107 293 4170 ponat,
319 4104 350 4153 ut
372 4104 470 4168 postea
493 4098 662 4168 videbimus,
687 4100 749 4154 ideo
769 4099 852 4154 etiam
872 4117 982 4154 sensum
1001 4108 1030 4155 et
1055 4102 1121 4148 tura
1139 4102 1286 4163 adpetat,
1308 4096 1357 4149 red
1376 4100 1546 4167 senectutis
1565 4107 1712 4154 uenturae
1738 4109 1887 4171 οπιροσιιιε,

200 4185 356 4256 appetitum
374 4183 428 4255 ipsi
446 4183 552 4254 tribuit,
570 4185 643 4256 quod
659 4202 716 4239 non
733 4187 827 4240 volem
845 4186 961 4240 vanitati
980 4186 1029 4253 illi,
1056 4197 1112 4250 quo
1125 4181 1235 4247 dicitur,
1254 4186 1397 4236 creaturae
1410 4189 1468 4237 tam
1483 4185 1566 4241 anxie
1578 4193 1662 4258 atque
1674 4187 1757 4244 aride
1770 4187 1887 4259 gloriam

199 4269 225 4327 h.
244 4287 266 4326 e.
286 4271 432 4340 impiorum
452 4271 560 4337 abusui,
577 4272 613 4326 sit
632 4272 766 4341 subjecta
1056 4267 1131 4322 illam
1149 4273 1317 4337 exspectant,
1337 4275 1369 4323 ut
1386 4269 1536 4327 videantur
1553 4289 1613 4328 esse
1630 4274 1693 4344 ipsa
1709 4275 1886 4346 exspectatio

232 4363 274 4411 57.
309 4356 353 4409 De
377 4357 498 4411 secundo
523 4359 690 4426 praedicati
714 4358 837 4414 membro
867 4357 936 4412 dicit
963 4376 1028 4427 apo·
1054 4354 1113 4406 Per
1127 4355 1324 4406 revelationem
1347 4355 1473 4418 {iliorum
1491 4360 1551 4412 Dei
1574 4360 1708 4432 intelligit
1729 4360 1884 4430 plenariam

197 4441 284 4496 stolus
306 4457 375 4496 vern.
404 4448 449 4498 le:
476 4440 491 4509 ἡ
526 4441 739 4518 ἀποκαραδοκία
768 4448 815 4512 τῆς
839 4450 951 4505 κτίσεως
978 4445 1027 4512 ”ir
1053 4437 1329 4494 communicationem
1352 4440 1456 4510 gloriae
1480 4445 1605 4499 coelestis
1627 4446 1656 4500 in
1679 4447 1738 4502 vite
1763 4452 1886 4518 aeterua,

197 4523 378 4598 ἀποκάλυψιν
411 4530 468 4582 τῶν
502 4530 572 4583 uluis
596 4533 648 4584 τοῦ
675 4533 747 4584 θεοῦ
773 4527 964 4600 ἀπεκδέχεται,
999 4536 1028 4582 et
1054 4541 1125 4595 quae
1144 4523 1209 4577 filiis
1228 4524 1281 4580 Dei
1299 4526 1326 4580 in
1345 4527 1390 4582 dio
1408 4529 1556 4585 novissimo
1580 4532 1732 4604 continget,
1757 4539 1790 4589 ut
1808 4533 1885 4588 eolli-

195 4628 266 4667 rers.
291 4617 333 4667 22.
358 4613 469 4675 scimus,
494 4616 572 4681 quod
599 4616 689 4669 omnis
718 4624 851 4669 creatm
873 4611 1027 4679 συστενάζει
1053 4613 1127 4682 gitur·
1147 4628 1179 4665 ex
1199 4610 1257 4665 001.
1271 4617 1294 4681 3,
1312 4628 1338 4665 v.
1358 4621 1382 4669 4.
1419 4623 1439 4670 l.
1460 4615 1524 4670 lob.
1545 4623 1570 4684 3,
1582 4636 1607 4673 v.
1621 4624 1646 4675 2.
1672 4619 1885 4676 Haecfiliorum

200 4701 249 4753 sni
277 4700 425 4754 συνωδίνει
453 4693 517 4776 ἄχρι
548 4702 597 4756 τοῦ
628 4705 688 4757 νῦν.
736 4700 853 4757 Dixerat
882 4716 953 4757 vers.
989 4706 1026 4757 le.
1051 4698 1106 4752 Dei
1119 4698 1252 4753 revelatio
1270 4704 1312 4754 est
1330 4711 1521 4757 consummata
1537 4707 1701 4775 cumulatio,
1727 4706 1754 4763 h.
1772 4723 1795 4762 e.
1820 4723 1885 4762 oon·

195 4784 345 4854 passiones
370 4786 455 4856 liujus
478 4789 613 4856 temporis
641 4805 697 4841 non
721 4803 779 4841 esee
805 4786 961 4855 condignas
986 4789 1028 4839 ad
1051 4793 1190 4840 summata
1213 4786 1318 4854 gloria,
1342 4804 1415 4855 quae
1438 4807 1493 4844 non
1522 4792 1576 4846 erit
1594 4793 1652 4847 niti
1669 4793 1802 4848 recuratis
1821 4810 1883 4848 eor·

188 4871 323 4938 suarem
339 4872 471 4940 gloriam,
489 4889 562 4941 quae
581 4875 609 4927 in
628 4874 708 4928 nobie
726 4872 912 4941 revolubilem
939 4890 963 4927 v.
985 4878 1025 4929 19.
1049 4873 1176 4941 poribus,
1198 4871 1240 4925 ait
1256 4871 1381 4926 Hilarius
1404 4874 1433 4928 in
1459 4875 1561 4933 Psalm.
1588 4884 1644 4944 125,
1664 4897 1689 4934 r.
1709 4885 1751 4937 22.
1786 4879 1883 4946 Addit,

195 4955 340 5029 subjungit
364 4962 561 5030 αἰτιολογικοῑς,
585 4959 697 5012 solicita
721 4958 793 5011 enim
813 4964 961 5010 menturae
980 4975 1025 5011 ar-
1052 4966 1213 5013 ereaturam
1240 4954 1415 5022 συστενάζειν
1444 4967 1490 5017 καὶ
1524 4968 1704 5034 σονωδίνειν,
1730 4967 1780 5023 ubi
1807 4974 1883 5024 recte

195 5044 331 5111 marratio
350 5045 546 5100 revelationem
559 5046 690 5112 filiorum
701 5045 761 5099 Dei
780 5053 929 5115 carperem,
952 5051 974 5101 l.
992 5052 1024 5100 ut
1051 5049 1129 5100 notat
1149 5043 1374 5114 chrysostomus,
1404 5049 1479 5118 quod
1506 5052 1649 5122 apostolus
1669 5060 1885 5128 προσωποποιεῖ

194 5129 398 5199 quodammodo
434 5130 555 5201 explicet
591 5130 809 5201 magnitudinem
845 5148 877 5185 ac
915 5132 1023 5202 pondus
1050 5130 1099 5189 τὸν
1123 5128 1244 5203 κόσμον,
1275 5128 1343 5189 ὥστε
1366 5135 1594 5215 ἔμφοτοιώτερον
1615 5139 1687 5196 alvus
1713 5139 1762 5197 τὸν
1788 5143 1882 5215 λόγον,

194 5211 303 5270 futurae
332 5215 408 5271 illius
435 5215 555 5286 gloriae,
586 5216 668 5285 cujus
686 5230 782 5283 eausa,
807 5217 894 5272 donec
916 5218 1023 5287 reipsa
1050 5218 1204 5272 introducit
1233 5225 1319 5273 tolum
1349 5237 1446 5274 rerum
1474 5232 1635 5280 creatarum
1662 5228 1816 5282 visibilium
1847 5246 1882 5283 oc

193 5301 345 5372 contingat,
369 5318 464 5356 omnes
489 5299 629 5355 molestias
653 5308 681 5357 st
697 5302 811 5374 quaevis
837 5304 921 5374 hujus
949 5303 1022 5358 vitae
1049 5320 1251 5372 corporearum
1266 5306 1475 5362 uniuersitatem
1492 5311 1567 5365 uelut
1580 5313 1718 5376 feminam
1737 5317 1883 5384 wadum

192 5385 311 5441 adversa
328 5401 417 5455 aequo
435 5385 527 5441 animo
546 5387 664 5442 tolerare
682 5388 841 5459 debeamus,
858 5407 921 5445 cum
938 5389 1020 5446 etiam
1044 5393 1251 5459 parturientem
1264 5402 1289 5447 et
1302 5396 1524 5462 inpemisoentem
1539 5401 1572 5453 ob
1586 5401 1716 5470 dolores,
1729 5418 1799 5470 quoe
1817 5411 1882 5458 ante
