4012 6022
259 117 300 177 52
913 110 1142 169 TuscunTUs
1161 111 1327 170 TERTIUS

254 281 309 335 per
326 265 487 335 miseriam
512 274 577 321 tuus
591 283 645 336 per
659 265 833 338 passionem,
855 284 932 321 meus
952 284 1008 338 per
1028 286 1092 323 sua·
1121 269 1151 322 iu
1170 269 1245 322 iram
1264 268 1334 335 Dei,
1360 268 1413 322 sed
1428 268 1513 323 etiam
1531 274 1562 322 ut
1585 267 1738 323 tttsrsuus
1758 267 1796 323 ah
1821 266 1871 323 ἕνα
1890 268 1960 335 Dei,

257 352 377 421 sianum
400 351 453 406 tihi
470 351 646 421 inobediens,
673 351 745 407 mihi
760 352 909 416 ohedienss
935 371 954 407 a
970 361 997 406 te
1017 370 1094 408 acce·
1120 353 1150 408 in
1169 371 1252 424 quam
1270 353 1421 408 incidimus
1437 370 1492 423 per
1510 353 1728 408 inobedientiam
1742 353 1836 426 pm'mi
1853 367 2004 424 pares-12·

255 438 301 511 pit
322 437 541 492 immortalitatis
559 438 674 506 stolam,
698 456 717 491 a
737 455 779 491 me
797 440 905 508 accepit
929 439 1001 494 hana
1021 457 1093 508 pau·
1120 440 1164 493 tis.
1200 437 1310 495 Confer.
1332 454 1421 495 enarr.
1440 437 1469 493 in
1486 438 1591 496 Psslm.
1613 445 1671 496 101.
1706 444 1730 494 t.
1760 439 1962 496 Ptaetermissa

259 542 356 578 nesam
373 526 511 594 tunicam
530 532 606 578 tuam
622 531 724 578 uestem
744 525 859 591 dimisit,
879 543 941 580 crem
960 545 1021 581 rrsea
1040 528 1094 581 huc
1119 524 1206 595 igitur
1226 540 1312 595 opera
1328 522 1534 579 misericordiae
1549 523 1645 578 itidem
1662 524 1832 596 allegantur,
1861 533 1895 580 ut
1919 525 1960 580 ef-

258 611 338 665 oenit.
373 610 551 679 Aequissima
570 611 675 680 judee,
694 612 800 679 judica
821 613 905 667 istum
923 629 1012 666 meum
1037 609 1209 729 esseifectus
1236 626 1269 665 sc
1298 626 1470 680 consequens
1495 609 1711 677 incredulitatis,
1738 628 1789 681 per
1816 627 1902 682 quam
1932 618 1961 666 et

259 704 286 751 et
304 713 409 751 messem
425 698 617 750 minuandum
640 712 705 751 esse.
741 697 816 764 Quin
842 698 897 753 imo
922 698 952 752 in
974 699 1020 754 die
1044 699 1234 766 illopropter
1252 713 1335 766 quam
1354 695 1432 765 impii
1450 695 1623 750 damnantur.
1659 703 1683 753 5.
1704 696 1819 752 Interim
1837 714 1856 751 a
1873 713 1961 752 cauae

255 781 356 852 judicii
376 781 483 837 coelum
502 789 530 836 et
542 781 634 838 omnia
650 782 785 838 elementa
799 783 900 854 impios
913 784 1094 852 accusabunt,
1121 780 1261 837 meritoria
1278 779 1464 836 damnationis
1481 797 1659 852 nequequam
1684 781 1812 838 absolute
1841 791 1872 839 et
1895 784 1961 836 sim·

259 874 291 922 ut
306 866 392 938 Hugo
421 868 455 922 de
474 866 575 924 Sancta
596 867 709 924 Victore
733 868 781 923 lib.
799 875 822 924 2.
849 869 882 923 ds
901 886 967 924 arca
988 887 1048 940 cap.
1070 875 1094 928 3.
1120 866 1231 938 pliciter
1250 865 1435 921 excluduntur
1450 872 1566 937 peccata
1583 867 1731 938 impiorum
1750 868 1823 924 sicut
1839 885 1859 923 a
1873 886 1961 924 causa

259 952 369 1007 scribit:
389 952 505 1008 Caelum
524 955 600 1008 dicet
613 956 780 1025 peccatori:
801 973 852 1025 epo
872 957 962 1010 iucem
980 957 1031 1009 tibi
1045 956 1094 1010 mi·
1121 952 1262 1009 meritoria
1290 953 1387 1009 salutis
1412 953 1597 1009 excluduntur
1625 953 1698 1011 bona
1727 971 1812 1025 opera
1836 955 1960 1026 piorum.

258 1038 381 1093 nistraoi
398 1042 440 1092 ad
463 1039 614 1108 solatium
640 1045 690 1093 uir
707 1043 795 1097 dicet.-
824 1059 873 1109 epo
902 1058 982 1096 omne
1008 1059 1095 1110 penus
1122 1040 1172 1094 Est
1189 1040 1262 1094 cuim
1279 1039 1849 1112 hacinpartedisparutrorumqueratio.
1877 1041 1961 1099 Bona

260 1126 353 1179 auium
371 1124 423 1177 tihi
442 1127 512 1179 stedi
529 1127 569 1178 ad
587 1127 764 1196 absequi-um
784 1146 859 1197 aqua
878 1129 969 1184 dicet:
988 1146 1038 1197 spo
1052 1129 1095 1182 di·
1123 1141 1208 1195 0pera
1231 1133 1429 1193 consequenter
1453 1141 1545 1179 secum
1568 1125 1684 1180 trahunt
1710 1128 1868 1183 mercedem
1897 1145 1961 1199 gra·

260 1229 341 1267 uersa
359 1228 463 1279 ponera
479 1213 601 1283 piscium
622 1214 674 1265 titi
691 1215 763 1268 stedi
780 1217 822 1268 ad
840 1232 933 1283 esum,·
952 1225 1031 1269 terra
1052 1217 1095 1269 di·
1122 1212 1221 1267 tuitam
1239 1211 1452 1277 studebimus,
1477 1214 1674 1266 antecedenter
1691 1231 1757 1269 vero
1776 1231 1833 1270 non
1853 1231 1963 1270 meren·

260 1306 319 1352 cet:
338 1315 388 1366 epo
404 1314 507 1366 panem
525 1307 550 1351 et
568 1297 662 1352 vinum
680 1301 733 1352 tibi
751 1301 821 1354 dedi
832 1304 874 1355 ad
887 1303 1095 1359 nutrimentum.
1123 1304 1169 1352 tur
1186 1299 1272 1351 vitam
1292 1305 1441 1352 aeternam.
1467 1296 1542 1352 Mula
1559 1304 1652 1352 autem
1672 1315 1756 1369 opera
1773 1316 1830 1356 non
1849 1309 1961 1355 tantum

260 1387 415 1453 Postquam
442 1400 507 1438 uero
536 1387 631 1438 omnia
659 1387 794 1440 elementa
822 1389 1014 1443 recitaverunt
1039 1406 1092 1443 sua
1123 1392 1319 1454 consequenter
1350 1381 1473 1437 afferunt
1506 1384 1661 1439 mercedem
1691 1402 1800 1456 poenae
1825 1385 1961 1454 debitam,

261 1472 403 1538 beneficia,
429 1480 624 1526 conomtentur
639 1474 786 1541 peccatori
804 1477 845 1527 ad
862 1475 1005 1546 supph'cs'a
1024 1474 1097 1529 sicut
1123 1469 1172 1524 sed
1192 1469 1277 1524 etiam
1294 1470 1489 1522 antecedenter
1509 1476 1650 1524 aeternam
1669 1480 1785 1527 mortem
1800 1488 1961 1542 promeren-

260 1557 334 1612 idcm
352 1557 482 1613 ostendit.
508 1558 589 1626 Ipsis
610 1559 702 1613 dicet.-
721 1561 751 1613 in
770 1576 813 1614 me
825 1563 1023 1630 demerpatur5
1046 1567 1096 1614 air
1123 1563 1175 1610 tur.
1212 1559 1237 1610 6.
1261 1552 1377 1624 Duplici
1397 1554 1508 1609 nomine
1528 1554 1655 1611 docuiua
1674 1556 1836 1627 scripturae
1855 1573 1962 1626 swas,

262 1644 352 1698 dicet:
374 1645 403 1696 in
420 1660 462 1697 me
479 1644 643 1713 ventiletur;
662 1652 741 1698 terra
762 1646 851 1700 sicu:
872 1664 891 1699 a
906 1662 948 1700 me
966 1647 1096 1701 absorte·
1125 1641 1200 1713 quod
1218 1639 1355 1695 bonorum
1375 1656 1490 1709 operum
1507 1640 1535 1694 in
1557 1640 1663 1711 judicia
1680 1648 1822 1712 respectus
1848 1643 1886 1698 sit
1910 1644 1960 1698 ha·

262 1738 341 1798 atur,·
370 1730 501 1797 infernus
519 1731 610 1783 dicet:
642 1748 661 1783 a
679 1747 721 1784 me
742 1731 925 1800 deplutiatur.
963 1739 987 1788 7.
1011 1733 1095 1787 Deni-
1123 1726 1244 1794 bandus,
1273 1743 1291 1779 a
1314 1724 1468 1779 Pontificiis
1494 1725 1675 1795 depravatur,
1703 1739 1761 1782 tum
1788 1728 1855 1799 quia
1884 1728 1961 1785 bona

261 1831 316 1886 que
334 1815 405 1869 tihsr
417 1815 551 1884 justitiae
569 1815 690 1870 diuinae.
718 1815 750 1869 In
763 1816 886 1871 hacvite
900 1816 970 1873 liber
985 1818 1097 1873 divinae
1124 1829 1209 1883 opera
1231 1811 1296 1866 fidei
1324 1817 1482 1881 opponunt,
1510 1812 1589 1882 quasi
1613 1820 1722 1867 tantum
1746 1831 1878 1884 operum,
1904 1831 1962 1870 non

258 1901 408 1971 justititiae
425 1907 467 1956 est
487 1900 564 1955 velut
583 1900 734 1967 insolutus,
755 1902 821 1973 quis
840 1902 920 1958 banis
940 1903 1021 1972 male,
1039 1920 1095 1957 ma·
1123 1904 1216 1952 autem
1242 1896 1307 1952 fidei
1333 1898 1403 1953 ratio
1429 1898 1465 1951 sit
1491 1898 1632 1966 habende,
1657 1907 1689 1954 ut
1707 1899 1865 1964 ἀντιθέσεις
1884 1901 1961 1973 &pud

262 1987 295 2040 lis
314 2002 378 2040 vcro
399 1985 470 2041 bene
496 2003 556 2041 esse
579 1986 749 2058 quandoque
777 1987 899 2055 videtur,
925 1989 974 2042 sed
1000 1989 1029 2043 in
1052 1988 1097 2043 dis
1124 1984 1329 2054 supinorum,
1355 1983 1512 2038 Bartscium
1540 1991 1569 2038 et
1594 1985 1715 2056 reliquas
1744 1993 1899 2056 testantur,
1933 1987 1962 2042 id

258 2071 358 2141 judicii
377 2071 423 2126 hic
441 2071 511 2126 liber
527 2071 675 2141 aperietur,
693 2077 760 2126 tuuc
780 2073 854 2127 enim
872 2072 951 2129 honis
964 2075 1096 2145 praemia,
1124 2069 1200 2141 quod
1228 2086 1353 2140 pugnare
1383 2069 1499 2124 dicimus
1528 2087 1585 2125 non
1615 2071 1697 2127 modo
1728 2089 1791 2126 cum
1823 2074 1962 2144 expressis

261 2157 340 2212 malis
360 2174 425 2212 vero
445 2157 582 2227 supplicia
601 2157 630 2211 in
647 2157 761 2229 publica
782 2158 945 2229 augelorum
965 2169 992 2215 et
1009 2161 1095 2217 homi·
1124 2156 1226 2212 Christi
1250 2155 1341 2210 verbis
1370 2156 1454 2210 Marc.
1472 2162 1512 2222 16,
1531 2174 1556 2212 s.
1577 2162 1616 2213 16.
1643 2156 1708 2214 ioh.
1728 2163 1753 2221 3,
1773 2176 1799 2213 v.
1822 2163 1863 2216 18.
1893 2176 1919 2215 e.
1939 2167 1964 2226 5,

261 2260 327 2297 num
346 2250 498 2313 conspectu
515 2243 676 2298 reddentur.
1125 2263 1148 2298 v.
1168 2250 1209 2299 21.
1229 2243 1380 2298 sedetiam
1401 2260 1465 2297 cum
1485 2245 1547 2314 ipsa
1563 2250 1663 2298 natura
1679 2244 1817 2300 bonorum
1829 2262 1961 2315 operum,

296 2335 337 2386 55.
371 2329 535 2388 Antithesis.
572 2331 718 2393 Pontificii
736 2337 875 2400 statuunt,
901 2348 957 2388 non
981 2333 1017 2387 de
1036 2335 1097 2403 fide
1124 2329 1228 2400 quippe
1251 2345 1323 2400 quae
1351 2345 1407 2384 nou
1434 2336 1551 2398 pessunt
1580 2347 1639 2385 esse
1666 2346 1731 2385 vere
1757 2330 1832 2386 bona
1865 2347 1963 2403 opera,

196 2421 203 2436 ·
261 2415 305 2468 rel
322 2415 497 2479 infidelitate,
516 2415 564 2470 scd
579 2415 739 2484 simpliciter
756 2415 792 2471 de
810 2418 940 2486 operibus
961 2427 1096 2488 tanquam
1124 2415 1176 2470 uisi
1197 2431 1230 2469 ex
1250 2414 1305 2469 fide
1326 2414 1552 2484 proficiscentem
1583 2424 1640 2470 tum
1666 2415 1734 2486 quia
1755 2416 1838 2486 juxta
1863 2418 1963 2473 menta

262 2501 368 2554 meritis
388 2500 484 2554 salutis
504 2500 548 2556 vel
563 2500 747 2556 damnationis
766 2502 934 2558 sententiam
953 2504 1096 2560 serendam
1125 2518 1240 2571 operum
1255 2500 1393 2571 judicium
1411 2499 1611 2555 instituendum
1632 2518 1692 2556 esse
1709 2503 1818 2557 docent.
1855 2501 1964 2559 Contra

264 2602 331 2643 esse.
369 2585 510 2640 Bertscius
533 2586 562 2640 in
580 2592 652 2656 past.
678 2586 752 2642 dam.
780 2593 801 2642 1.
817 2588 904 2643 Adra:
934 2592 1098 2644 Eat-remum
1125 2604 1190 2643 vera
1207 2586 1351 2657 Scriptura
1367 2586 1543 2657 prenuntiat,
1567 2603 1624 2643 non
1642 2592 1755 2658 propter
1772 2603 1861 2658 opera
1885 2589 1963 2645 velut

263 2672 403 2740 irsdioium
420 2689 451 2724 eo
470 2672 550 2724 unice
569 2681 686 2740 spectat,
710 2681 740 2726 ut
761 2681 818 2727 tum
837 2692 940 2729 merces
967 2694 1022 2730 non
1040 2693 1098 2730 ere·
1126 2672 1223 2727 merita
1246 2672 1382 2744 quaedam
1406 2672 1460 2742 piis
1483 2671 1568 2727 vitam
1595 2681 1735 2728 aeternam
1759 2690 1820 2729 esse
1850 2672 1964 2745 adjudi-

264 2757 406 2823 dentihns‚
429 2759 481 2811 aad
500 2757 565 2811 hene
581 2759 761 2825 operantibus
780 2760 956 2814 decernatur.
992 2762 1098 2832 Staple-
1126 2758 1252 2821 eandam,
1280 2758 1329 2811 sed
1347 2758 1499 2812 secuudum
1520 2765 1757 2830 operatanqusm
1774 2758 1840 2815 fidei
1860 2760 1964 2815 effecta

264 2841 507 2899 tonusinantidot.
530 2842 759 2898 Matt.Lindanus
772 2844 801 2898 in
815 2844 879 2899 dial.
890 2852 912 2903 1.
931 2846 1099 2902 Dubitantii.
1126 2850 1154 2900 et
1172 2843 1333 2898 testimonia
1354 2843 1491 2912 judicium
1508 2843 1537 2897 iu
1554 2844 1666 2914 publico
1685 2846 1849 2916 angelorum
1868 2854 1897 2901 et
1914 2847 1965 2902 ho·

266 2927 426 2982 Binsfeldus
446 2928 474 2981 in
493 2927 580 2982 conci.
599 2933 665 2983 sect.
685 2934 708 2983 4.
727 2929 840 2984 membr.
863 2937 884 2986 1.
901 2931 1045 2987 Hesselius
1071 2933 1099 2987 in
1126 2931 1231 2985 minum
1250 2934 1400 2999 conspectu
1418 2945 1477 2984 esse
1495 2929 1694 2985 instituendum
1720 2948 1771 2986 nec
1798 2949 1832 2988 ex
1861 2934 1963 2989 meritc

265 3013 403 3068 catechesi
423 3031 447 3071 c.
460 3020 501 3070 41.
521 3014 605 3085 idque
624 3015 812 3070 demonstrare
831 3023 969 3072 conantur
985 3036 1019 3073 ex
1036 3036 1100 3089 pro·
1126 3017 1175 3072 sed
1194 3034 1227 3071 ex
1247 3016 1338 3087 patin
1355 3015 1429 3069 bana
1447 3033 1533 3086 opera
1551 3018 1660 3086 piorum
1678 3034 1739 3076 esse
1758 3020 1964 3073 remuneranda

266 3116 346 3154 cessu
369 3099 676 3171 jachinitarum,
697 3119 722 3154 v.
743 3107 783 3158 31.
803 3110 925 3174 etseqq.
953 3104 1100 3176 descripto.
1126 3104 1207 3159 Rom.
1226 3108 1250 3170 6,
1270 3119 1294 3154 v.
1316 3105 1357 3157 23.
1385 3119 1409 3155 c.
1429 3107 1452 3165 8,
1476 3119 1501 3156 r.
1524 3108 1560 3158 17.
1588 3102 1648 3159 Col.
1665 3108 1690 3169 3,
1714 3121 1738 3158 v.
1758 3109 1799 3159 ts.
1819 3103 1873 3158 ete.
1912 3105 1964 3160 Se·

267 3185 322 3240 Sed
348 3186 382 3240 de
400 3186 453 3241 hoc
472 3186 535 3241 loco
562 3187 591 3239 in
612 3204 638 3257 q.
658 3193 682 3241 1.
707 3203 740 3242 ex
765 3188 889 3258 professo
915 3197 1028 3260 agetur,
1054 3190 1100 3245 hic
1126 3190 1249 3244 cundum
1267 3205 1354 3257 apua
1375 3187 1572 3256 judicabimur,
1593 3188 1641 3243 scd
1662 3207 1719 3245 non
1735 3199 1853 3258 propter
1874 3208 1966 3260 opera

265 3270 386 3325 breviter
404 3287 547 3326 monemus
573 3278 594 3327 1.
613 3288 726 3327 causam
744 3274 841 3327 salutis
861 3275 1049 3330 immediatam
1074 3283 1102 3331 et
1126 3277 1155 3329 in
1174 3273 1376 3345 possessionem
1394 3273 1473 3344 regni
1489 3273 1617 3330 coelestis
1636 3274 1816 3343 vocabimur3
1846 3294 1880 3330 ee
1898 3294 1965 3346 ope·

266 3357 450 3428 adaequatam
468 3374 528 3412 esse
548 3359 774 3412 misericordiam
794 3361 854 3414 Dei
872 3362 980 3416 Christi
1002 3365 1102 3416 merito
1125 3362 1204 3414 ritus
1216 3359 1391 3429 judicabitur
1410 3358 1539 3429 primario
1557 3362 1594 3414 ‹ie
1611 3363 1677 3428 tide,
1696 3377 1733 3415 an
1750 3368 1865 3431 praesto
1878 3361 1966 3419 fuerit

266 3450 382 3513 partam,
402 3443 431 3496 in
447 3444 530 3497 aerbo
549 3444 690 3510 euanpch'i
707 3445 830 3500 oblatam
855 3452 883 3500 et
905 3449 967 3516 fide
985 3465 1003 3502 a
1021 3448 1102 3503 nobis
1127 3445 1408 3514 necne‚secunda1·io
1434 3446 1469 3500 ds
1487 3464 1612 3516 persona
1635 3464 1672 3502 an
1698 3447 1783 3503 fuerit
1807 3449 1836 3503 in
1860 3451 1964 3520 gretia,

266 3528 476 3599 apprehensam.
512 3534 535 3583 2.
567 3528 659 3600 Opera
689 3547 755 3602 ergo
784 3531 959 3587 adducentur
987 3551 1043 3590 nau
1071 3541 1103 3589 ut
1128 3548 1222 3600 necne,
1242 3538 1275 3585 ut
1290 3549 1323 3585 cx
1343 3531 1471 3586 doctrina
1488 3532 1625 3604 evangelii
1643 3541 1761 3588 constat.
1788 3533 1965 3607 Hippolytus

256 3614 364 3691 'salutis
385 3618 498 3683 merita,
525 3615 574 3669 sed
601 3622 632 3669 ut
658 3613 723 3670 fidei
751 3617 910 3674 testimonia
941 3627 969 3674 et
994 3620 1102 3675 effecta.
1128 3619 1243 3688 Martyr.
1263 3617 1291 3671 in
1312 3624 1380 3672 orat.
1395 3618 1429 3673 de
1442 3618 1703 3673 consummseculi:
1721 3620 1831 3674 Dehas
1843 3622 1966 3690 judicio

268 3706 292 3756 3.
313 3699 505 3756 Damnationis
526 3717 611 3755 causa
631 3701 759 3771 propria,
783 3703 944 3759 immediata
968 3711 997 3760 ct
1019 3708 1102 3761 adae·
1129 3704 1176 3759 die
1195 3711 1331 3773 noctuque
1349 3705 1514 3756 meditemur
1535 3712 1584 3757 etc.
1607 3712 1639 3757 ut
1657 3704 1737 3759 nobis
1754 3721 1865 3775 quoque
1884 3708 1966 3763 dicat

269 3792 355 3857 quate
374 3793 416 3840 est
433 3788 633 3853 incredulitas,
659 3787 721 3842 idea
739 3789 812 3842 enim
832 3789 909 3860 impii
933 3790 1102 3847 damnabun·
1129 3790 1179 3844 ilie
1210 3790 1369 3844 misericors
1398 3790 1592 3859 hominumque
1620 3808 1720 3844 amans
1744 3794 1844 3845 Deus:
1874 3794 1966 3848 Fides

269 3879 328 3939 tur,
356 3872 423 3942 quia
445 3872 567 3928 oblatam
592 3873 621 3928 in
638 3875 782 3945 evangelio
807 3876 925 3947 gretiam
951 3883 980 3931 et
1005 3895 1103 3950 pecca·
1130 3884 1178 3930 tua
1202 3885 1227 3930 te
1252 3875 1361 3929 saluum
1386 3875 1472 3944 facit,
1496 3877 1569 3930 eade
1596 3877 1625 3931 in
1653 3895 1733 3946 pace.
1768 3878 1841 3932 Item
1870 3879 1966 3934 iliud:

268 3967 359 4016 torum
378 3957 567 4013 remissionem
585 3960 773 4029 repudiarunt.
791 3961 856 4019 doh.
876 3969 902 4030 3,
921 3980 946 4018 v.
968 3970 1015 4021 36:
1048 3965 1106 4027 Qui
1131 3963 1214 4031 Eupo
1230 3977 1308 4015 serve
1329 3963 1397 4016 bont
1417 3970 1443 4016 ti
1463 3963 1624 4026 1114113516·
1657 3963 1761 4020 Ctnfer
1777 3980 1818 4033 0⁸,
1838 3980 1913 4036 quw
1934 3966 1970 4021 de

269 4045 482 4100 concreditis
499 4044 620 4109 Furtim,
642 4052 688 4099 ira
706 4048 766 4101 Dei
782 4057 873 4102 manet
893 4065 980 4118 super
1003 4051 1104 4120 ipsum,
1131 4047 1235 4102 maritis
1255 4064 1370 4118 operum
1388 4064 1437 4102 suo
1458 4049 1519 4103 loco
1538 4048 1647 4118 plenius
1665 4049 1749 4107 dicta

270 4132 322 4188 hoc
352 4137 395 4186 est
422 4147 516 4186 omnes
541 4130 665 4186 homines
692 4139 806 4202 propter
830 4141 977 4203 peccatum
1005 4142 1105 4191 nature
1165 4138 1207 4190 56.
1243 4133 1392 4200 Quaeritur
1410 4132 1463 4189 hoc
1482 4134 1543 4189 loco
1569 4139 1590 4188 1.
1612 4134 1706 4197 Quare
1728 4137 1758 4189 in
1774 4137 2003 4206 assumptiones

269 4226 334 4272 sunt
351 4219 408 4282 filii
424 4218 486 4271 irae
503 4216 574 4287 Eph.
595 4223 619 4286 2,
639 4236 664 4273 s.
684 4223 706 4272 3.
732 4236 749 4273 a
769 4236 825 4289 qua
841 4236 898 4275 non
917 4227 1034 4288 possunt
1052 4220 1104 4276 nisi
1126 4219 1279 4289 judicialis
1296 4236 1446 4288 processus
1463 4218 1563 4277 Matth.
1583 4226 1625 4276 25.
1650 4223 1789 4275 duutaaat
1809 4238 1898 4291 opera
1920 4223 1971 4276 mi·
1997 4232 2004 4245 ·

270 4320 320 4376 per
335 4302 483 4373 Christum,
498 4303 546 4375 qui
565 4311 608 4358 est
625 4322 698 4357 uuus
716 4304 797 4358 homo
818 4306 847 4358 in
867 4306 973 4373 pratia,
992 4306 1104 4361 liberari
1132 4304 1309 4359 scricordiae
1354 4312 1380 4357 ct
1416 4305 1528 4374 quidem
1569 4308 1731 4377 corporalis
1773 4316 1996 4362 enumerentur

270 4390 349 4445 Rom.
369 4397 393 4456 5,
411 4408 436 4443 v.
457 4396 496 4446 15.
521 4391 569 4461 qui
588 4407 654 4462 crgo
680 4390 709 4444 in
731 4391 823 4461 ipsum
848 4391 977 4459 creduut,
1003 4390 1040 4446 ab
1065 4392 1106 4446 ira
1132 4389 1340 4459 praetermissis
1365 4390 1485 4458 reliquis
1513 4391 1583 4452 fidei
1608 4392 1751 4458 sumtibus
1780 4400 1806 4447 et
1840 4394 1973 4462 effectis!

270 4476 425 4531 liberantur
443 4483 471 4530 et
484 4476 512 4530 in
522 4483 624 4531 statum
633 4477 740 4548 gratiae
750 4476 954 4532 transferuntur
975 4477 1106 4535 l.Thess.
1132 4475 1301 4546 Euthymius
1326 4476 1355 4529 in
1373 4491 1441 4530 cam.
1462 4475 1537 4530 illius
1559 4477 1612 4532 laci
1635 4478 1803 4549 respondet,
1828 4460 2000 4553 rationem}

274 4570 296 4631 1,
316 4581 342 4617 v.
365 4568 404 4617 10.
426 4563 473 4634 qui
497 4579 561 4618 vero
587 4580 641 4620 uon
668 4563 797 4631 credunt,
821 4561 873 4617 sub
899 4565 1024 4633 pandere
1047 4565 1107 4618 irae
1128 4563 1240 4631 judicii
1257 4564 1297 4616 ihi
1316 4562 1472 4615 aDomiuo
1491 4574 1733 4619 commemoratam
1748 4567 1860 4618 nonad
1874 4582 1973 4620 omnes
2001 4634 2002 4638 Ἰ

272 4648 381 4703 divinae
400 4654 542 4703 manentes
558 4655 700 4703 aeternum
719 4653 843 4717 pereunt.
868 4648 1034 4705 Ambrosius
1055 4648 1105 4704 111).
1133 4650 1267 4717 homines,
1283 4648 1337 4701 sest
1354 4649 1492 4701 drentaeut
1510 4651 1552 4702 ud
1566 4649 1743 4705 Christianos
1755 4651 1909 4722 pertinere,
1930 4654 1972 4707 asi
1993 4635 2003 4648 ,.

275 4734 488 4805 hispasus.
509 4739 632 4789 1110111.
656 4739 677 4788 1.
696 4750 722 4803 p.
745 4737 808 4789 159:
831 4734 913 4797 Quod
931 4742 1031 4801 meum,
1054 4737 1108 4788 uti·
1133 4754 1203 4805 quos
1224 4742 1381 4805 praccmsta
1399 4735 1540 4802 craspeiii
1561 4738 1735 4805 factasunt,
1760 4736 1884 4792 ethnicos
1904 4756 1972 4794 uero
1998 4735 2000 4747 '

272 4836 324 4890 que
342 4821 408 4890 jam
428 4820 533 4887 coepit,
558 4827 583 4873 ct
601 4836 635 4873 aa
654 4818 758 4873 delicto
782 4819 880 4887 atiquo
908 4821 1013 4890 coepit,
1038 4821 1107 4888 quia
1133 4839 1188 4875 non
1214 4819 1390 4890 potissimum
1413 4820 1447 4873 ab
1471 4822 1598 4889 aeplecta
1626 4823 1840 4878 misericordiae
1872 4842 1972 4894 opera,

272 4913 335 4960 ante
354 4924 410 4961 non
429 4906 561 4961 credidit.
600 4905 653 4958 Uti
671 4921 738 4971 erpo
765 4905 828 4973 quis
850 4906 956 4972 aedit,
983 4906 1030 4960 ira
1049 4907 1108 4960 Dei
1132 4910 1185 4962 scri
1210 4907 1244 4961 ob
1270 4906 1465 4970 infidelitatem
1491 4909 1719 4962 condemnandos
1748 4924 1816 4964 esse.
1852 4908 1919 4965 Joh.
1946 4914 1971 4980 3,

272 4993 402 5058 (dcccclii,
422 4993 480 5047 os'ta
499 4999 591 5045 autem
610 4990 726 5044 accedit.
754 4987 877 5046 Credere
897 5008 963 5060 erpo
982 4992 1012 5046 in
1029 4990 1107 5045 Chri·
1133 5009 1160 5048 v.
1177 4997 1224 5049 18:
1245 4991 1302 5053 Qui
1318 5009 1373 5045 uon
1393 4993 1492 5057 credit,
1508 4993 1568 5061 iam
1581 4993 1730 5063 judicatus
1741 5003 1791 5049 est.
1817 4994 1972 5049 Judiciurn

271 5079 604 5134 stumtucrumuitaeest.
630 5075 804 5148 Augustinus
823 5085 961 5136 sarmit.
980 5077 1105 5133 deverb.
1133 5087 1224 5133 autem
1244 5077 1469 5134 Christianorum
1493 5079 1524 5132 in
1548 5079 1667 5133 molesia
1689 5080 1754 5135 ideo
1774 5082 1968 5150 peculiariter

272 5171 374 5235 apest:
392 5166 458 5221 Non
476 5171 516 5219 est
535 5163 647 5230 dictum,
665 5165 712 5218 ira
726 5163 786 5218 Dei
801 5165 891 5218 ueniet
908 5182 994 5237 super
1006 5166 1106 5234 sparum,
1133 5164 1286 5219 aDomino
1305 5164 1404 5219 induci
1423 5166 1587 5232 arbitratur,
1603 5166 1784 5235 quiesthnici
1795 5167 1967 5231 etiutideles

272 5253 324 5304 sed
340 5258 433 5305 manet
452 5268 538 5320 super
554 5250 656 5320 ipsum,
673 5256 703 5302 us
721 5250 947 5318 inteiliperemus‚
972 5253 1057 5315 ficiem
1074 5251 1105 5306 in
1133 5259 1212 5305 estro
1231 5250 1378 5305 ecclesiam
1395 5251 1426 5305 in
1445 5251 1492 5305 die
1509 5250 1560 5304 itta
1579 5251 1677 5304 critico
1695 5270 1775 5305 suam
1793 5270 1886 5307 secum
1917 5256 1969 5309 oie·

274 5338 415 5392 Christum
433 5354 492 5392 esee
509 5335 705 5404 neeessariam,
726 5354 781 5389 non
796 5337 887 5392 sotum
899 5353 934 5390 ne
946 5338 1105 5392 incidamus
1119 5338 1225 5402 'ferent
1242 5337 1508 5402 eorrdumuatiouem,
1532 5353 1648 5405 eamque
1666 5355 1698 5391 es
1717 5347 1864 5408 eorsspecto
1881 5341 1967 5410 siquo
