4050 6014
207 129 270 188 est
871 116 1104 176 TRAC'I'ATUS
1123 117 1273 176 SEXTUS

204 274 312 331 Auctor
328 273 392 330 libri
415 273 452 330 de
470 273 629 344 cognitione
644 290 728 330 verse
744 273 822 329 ritas
840 289 901 344 esp.
922 279 965 330 tt.
983 272 1042 344 (qui
1072 273 1192 343 quadam
1208 271 1312 327 virtute
1333 271 1515 342 etqualitate
1531 286 1550 326 a
1569 269 1671 340 spirita
1688 267 1845 326 differrent
1879 272 1905 329 u

89 374 133 418 xx„
146 373 193 417 stt.
205 361 325 417 hebsmr
342 361 415 415 inter
439 375 525 430 opera
542 360 695 431 Augustini
714 367 779 415 tom.
799 361 850 423 9.)ι
874 361 970 414 Emeut
989 358 1044 412 ilia
1070 359 1116 412 Ab
1131 359 1297 428 anpelorum
1315 359 1522 422 conformitate.
1552 356 1634 412 Beati
1650 360 1733 411 erunt
1751 351 1905 427 ἰσάγγελοι.

73 428 87 445 ’
207 454 385 518 corporaut
408 447 519 500 animus
546 446 647 516 opilia
692 446 783 510 Quam
806 447 862 501 cito
879 446 953 500 euim
970 461 1044 499 nuno
1069 443 1135 499 ism
1158 461 1224 500 vero
1247 444 1343 515 angeli
1366 449 1432 498 sunt
1451 443 1590 499 serendae
1610 440 1809 497 subtilissimae
1826 456 1908 511 pene·

207 535 318 587 animus
332 533 369 585 ab
383 532 490 586 oriente
503 532 534 586 in
550 532 722 587 occidentem
730 533 901 602 capitatione
907 531 1044 602 peruenit,
1070 529 1163 584 mandi
1173 528 1310 585 facultate
1328 529 1479 601 praeditae.
1506 530 1601 585 Actor.
1622 533 1662 591 12,
1681 544 1709 586 v.
1732 533 1772 582 12.
1792 527 1909 598 angelus

206 626 263 671 tam
283 618 339 672 cito
361 625 427 671 tuno
447 617 525 671 illud
547 634 651 686 corpus
670 618 741 671 illuc
757 618 910 685 pervenire
929 619 1043 687 poterit.
1070 615 1186 669 Petrum
1205 631 1239 669 ex
1261 631 1373 671 οοιιιιι
1391 615 1513 670 educens
1537 613 1622 668 nullis
1639 612 1732 684 potnit
1751 611 1844 666 salsis
1863 619 1910 667 sut

205 703 327 773 Prosper
338 702 401 759 libr.
416 708 438 759 1.
452 703 488 760 de
499 703 549 758 vit.
564 703 712 772 contempl.
725 719 787 773 cap.
804 708 849 760 11:
874 702 1044 772 Corporibus
1070 700 1199 756 claustris
1226 700 1365 770 cohiberi,
1388 717 1444 773 quo
1464 701 1556 756 minus
1573 699 1658 755 Petro
1678 699 1709 754 in
1730 698 1910 761 carceresd·

205 788 419 843 immortalitate
439 789 555 842 donatis
575 790 739 853 auferenda
764 794 806 842 eet
825 789 964 857 tarditas,
987 805 1044 840 non
1070 791 1165 842 staret
1201 786 1276 857 Ergo
1293 787 1377 843 etiam
1392 787 1538 843 beatorum
1554 802 1671 857 corpora
1690 791 1774 840 erunt
1787 783 1910 840 subtilia

205 876 372 944 intepritas,·
390 875 551 940 necessitas,
571 875 784 941 nonooluutas5
803 882 834 928 ut
852 875 894 928 ibi
904 875 965 928 eine
979 882 1043 928 tem·
1071 873 1099 939 ³)
1118 874 1146 927 A
1165 874 1296 942 corporis
1315 873 1423 927 Gis-isti
1435 874 1622 943 proprietate.
1657 870 1788 928 Christus
1807 887 1911 940 coepas

200 963 284 1032 poris
302 979 382 1015 mora
400 969 451 1014 aut
470 962 668 1030 impedimento
679 961 820 1033 ponderis
837 961 903 1029 sint,
919 961 969 1014 ubi
984 977 1044 1015 esee
1071 967 1195 1013 nocuum
1207 960 1311 1014 bumile
1325 962 1469 1025 conforme
1480 961 1584 1014 reddet
1592 959 1709 1027 corpori
1715 958 1911 1025 essoplorioso.

204 1048 357 1111 voleaeint,
382 1055 467 1117 atque
488 1063 521 1101 ιο
547 1055 682 1116 eeqeeatur
706 1048 768 1101 sine
789 1047 853 1100 ulla
874 1047 1045 1116 difficultate
1070 1046 1137 1099 Jam
1160 1060 1225 1100 vero
1247 1043 1374 1101 Christus
1393 1046 1423 1100 in
1442 1045 1644 1101 resumentione
1671 1045 1800 1099 thusum
1819 1042 1951 1114 sepubn

204 1133 356 1202 spirituale
362 1134 428 1201 jam
440 1149 552 1203 corpus,
564 1150 728 1201 quocunque
742 1135 784 1187 ire
794 1133 917 1186 voluerit
924 1133 1045 1201 spirinse
1071 1147 1148 1184 crum
1166 1132 1337 1201 penetravit,
1361 1139 1425 1202 post
1441 1132 1671 1187 resurrectionem
1686 1129 1790 1184 eleusis
1803 1128 1911 1184 iambus

161 1283 163 1287 ἲ
206 1219 353 1289 anpelicae
361 1219 546 1272 beatitudinis
558 1218 731 1286 aequalitate
741 1220 892 1291 perfectus.
924 1217 1045 1276 Ansbel·
1070 1215 1108 1270 ed
1125 1216 1276 1286 discipulos
1289 1217 1430 1288 ingressus
1443 1224 1494 1286 est,
1512 1218 1541 1271 in
1554 1216 1736 1272 adscensione
1748 1218 1912 1284 penetrauit

204 1323 266 1360 mus
290 1305 319 1359 in
344 1303 408 1359 libr.
433 1303 468 1358 de
493 1303 696 1359 similitudinib.
724 1320 785 1375 cap.
814 1310 860 1360 bl:
895 1304 1045 1372 ,Velocitae
1070 1302 1171 1368 coeloe,
1191 1307 1224 1356 ιιι
1247 1308 1276 1357 in
1290 1303 1414 1358 hmmon.
1437 1302 1473 1357 de
1490 1319 1592 1358 resurn
1610 1301 1704 1357 multis
1724 1301 1780 1357 fuit
1798 1301 1911 1356 demon·

205 1397 286 1443 tanta
311 1406 363 1442 nos
380 1389 572 1456 comitabitur,
597 1397 628 1443 ut
649 1391 721 1458 ipsis
743 1391 854 1458 anpelie
873 1391 934 1444 Dei
955 1404 1044 1459 aeque
1070 1394 1196 1442 stratum.
1225 1388 1302 1460 Ergo
1320 1389 1403 1445 etism
1421 1405 1540 1459 corpora
1554 1387 1700 1444 beatorum
1717 1387 1772 1443 bac
1787 1387 1910 1459 proprie

205 1477 309 1530 celera
326 1476 427 1536 simae,
452 1475 503 1543 qui
520 1492 535 1528 ι
554 1476 633 1529 coelo
655 1479 697 1529 ad
719 1485 813 1530 terrae
832 1484 858 1530 et
877 1491 1044 1531 econverso
1070 1477 1129 1530 tete
1148 1480 1230 1529 erunt
1246 1475 1385 1546 praedita.
1422 1474 1543 1538 Quidam
1560 1473 1677 1538 addunt,
1697 1474 1774 1544 qnod
1781 1473 1910 1528 Christus

205 1562 281 1615 dieto
300 1561 383 1614 citius
403 1561 576 1618 dilabuutur.
614 1560 694 1615 ldem
712 1561 741 1615 in
760 1561 925 1617 elucidario:
945 1561 1047 1616 Sancti
1070 1564 1153 1618 natus
1185 1559 1270 1615 inerit
1303 1560 1401 1616 illaeso
1429 1560 1598 1632 virginitatis
1632 1560 1755 1615 ιΙιιιιιιο
1784 1559 1910 1631 adeoque

204 1649 247 1699 ita
264 1646 374 1701 celoces
392 1653 469 1714 eusst,
491 1653 521 1699 ut
546 1664 631 1716 mam
654 1647 712 1699 cito
738 1648 832 1700 oriem
857 1648 901 1702 sol
921 1648 952 1701 iu
972 1648 1044 1702 occi·
1070 1651 1180 1698 uterum
1203 1644 1310 1700 Mariae
1327 1647 1453 1701 clausum
1472 1647 1638 1717 penetrarit,
1664 1662 1722 1718 qua
1746 1647 1782 1699 de
1806 1662 1839 1700 re
1859 1643 1910 1699 ino

205 1731 419 1787 dentemvenire
428 1732 531 1800 posset,
551 1740 577 1785 et
594 1750 679 1800 quam
694 1733 749 1786 cito
770 1733 913 1787 couluese
931 1733 1044 1788 elevans
1070 1729 1140 1785 loco.
1175 1733 1204 1797 4)
1221 1731 1250 1784 A
1271 1732 1412 1786 claritate.
1447 1731 1574 1803 Corpora
1591 1731 1738 1787 beatorum
1756 1738 1840 1785 erunt
1855 1729 1909 1785 inl-

203 1819 295 1872 vieum
319 1820 361 1871 ad
385 1819 492 1873 coelum
510 1817 625 1886 diripit,
649 1825 708 1871 tam
734 1819 791 1872 cito
812 1821 854 1872 ad
875 1826 982 1872 terram
1007 1821 1044 1873 de
1069 1816 1173 1887 gentis,
1192 1817 1356 1886 splendida,
1375 1818 1461 1873 radiis
1479 1818 1616 1873 solaribus
1634 1817 1794 1888 fulgidiors,
1813 1823 1846 1871 nt
1865 1833 1910 1871 en·

205 1905 283 1959 coelo
303 1912 329 1958 et
347 1905 383 1959 de
402 1904 481 1958 coelo
498 1905 540 1959 ad
556 1911 662 1957 terram
677 1904 771 1958 relabi
782 1912 922 1974 poterunt.
957 1905 1041 1960 Bern·
1069 1902 1163 1972 perine
1183 1902 1442 1959 demonstravimus.
1477 1904 1542 1959 ism
1561 1918 1628 1958 sero
1647 1903 1720 1957 redii
1737 1901 1844 1956 solares
1863 1917 1909 1971 pe

204 1988 309 2045 hardus
336 2006 417 2045 serm.
439 1995 464 2044 4.
485 1988 607 2044 omnium
630 1993 803 2044 sanctorum:
831 1991 926 2043 Tanta
941 1991 1043 2057 sutura
1071 1991 1182 2042 nectent
1199 2006 1254 2042 non
1274 1989 1364 2045 solum
1382 1991 1483 2056 adrem,
1500 2006 1597 2060 aquas,
1616 1989 1666 2044 sed
1687 1989 1772 2043 etiam
1791 2001 1910 2056 corpore

205 2078 348 2130 credenda
367 2083 409 2128 est
426 2092 578 2144 corporum
595 2074 696 2128 levitae
714 2083 741 2129 et
759 2076 878 2144 apditas
891 2077 1044 2144 beatorum,
1069 2071 1168 2142 solida,
1186 2078 1219 2128 ut
1237 2075 1410 2148 crystallum,
1428 2076 1531 2130 vitrum
1553 2082 1607 2131 ιιι.
1642 2074 1719 2145 Ergo
1738 2072 1825 2128 etiam
1846 2072 1910 2127 bes·

204 2169 234 2214 ut
253 2163 380 2231 possint,
408 2162 436 2215 ei
456 2161 558 2228 velint,
582 2161 686 2229 absque
706 2161 783 2214 omni
802 2178 884 2214 mora
906 2177 957 2214 eeu
983 2162 1043 2226 dis·
1069 2161 1159 2212 torum
1177 2160 1340 2230 corporibus
1358 2161 1401 2215 vis
1412 2160 1577 2231 penetrandi
1590 2177 1647 2215 non
1659 2160 1713 2214 erit
1731 2158 1908 2230 deneganda

203 2249 317 2312 titubate
336 2246 430 2315 ipsam
442 2262 551 2315 quoque
565 2246 766 2315 capitationem
785 2254 948 2301 namrarum
964 2248 1045 2317 sequi
1071 2248 1097 2312 b)
1116 2245 1163 2297 Ab
1181 2246 1321 2315 apilitate.
1357 2246 1465 2317 Corpus
1477 2246 1630 2318 gloriosum
1650 2246 1680 2300 in
1698 2261 1750 2300 suo
1762 2251 1841 2299 motu
1853 2260 1909 2298 non

205 2335 246 2386 ad
263 2333 357 2388 mania
375 2332 562 2386 velocitatem.
595 2331 766 2386 Laurentiue
784 2331 961 2386 iustinienus
981 2332 1042 2389 libr.
1069 2337 1163 2402 potest
1185 2332 1322 2388 retardari
1341 2340 1455 2403 propter
1477 2349 1612 2387 summam
1633 2330 1797 2402 agilitatem
1833 2331 1909 2401 Ergo

206 2418 241 2472 de
260 2416 366 2487 discipl
385 2416 473 2487 spirit
489 2433 550 2487 cap.
569 2422 616 2471 23:
644 2418 739 2471 Tanta
758 2419 890 2486 apelitate
903 2420 1044 2486 praedita
1069 2433 1121 2472 nec
1145 2418 1281 2489 impediri.
1320 2418 1442 2474 Proinde
1461 2418 1532 2472 nihil
1550 2419 1576 2473 ei
1595 2418 1722 2484 resistet,
1746 2432 1834 2488 quere
1853 2416 1909 2471 alia

205 2505 259 2557 erit
278 2520 356 2571 caro,
373 2510 405 2555 ut
422 2503 453 2555 in
469 2510 605 2557 momento
622 2503 653 2555 iu
672 2504 798 2557 omnebus
814 2505 980 2574 cbtmnperet
992 2506 1042 2558 im·
1068 2504 1162 2559 omnis
1186 2510 1333 2575 penetrare
1356 2505 1439 2559 valet
1475 2504 1502 2572 6)
1527 2504 1555 2557 A
1573 2510 1757 2572 consequente
1776 2502 1908 2556 absurdi-

203 2588 286 2659 perio
305 2589 424 2658 spiritus
435 2589 638 2657 praevidentis.
673 2590 787 2658 Absque
803 2591 999 2645 retardatione
1017 2599 1043 2645 et
1069 2598 1134 2644 tate.
1171 2589 1201 2644 Si
1218 2606 1319 2660 corpus
1337 2589 1524 2660 glorificatum
1537 2605 1655 2660 corpore
1666 2588 1908 2657 materiatapene·

204 2677 266 2729 eine
286 2675 349 2729 ulla
369 2674 522 2743 pravedine
540 2690 572 2727 eo
584 2692 614 2728 se
635 2676 762 2740 divertet,
781 2692 836 2742 quo
854 2676 974 2745 impetus
985 2678 1042 2747 epi·
1068 2682 1143 2730 trare
1161 2692 1216 2730 non
1230 2675 1343 2739 valeret,
1362 2692 1425 2729 cum
1443 2674 1577 2745 possibile
1593 2674 1630 2729 sit
1641 2674 1756 2742 includi,
1775 2672 1908 2744 possibile

204 2763 277 2815 ritus
301 2777 331 2814 ee
352 2761 464 2829 diripet.
508 2759 651 2814 Lutherus
673 2760 702 2813 in
726 2766 845 2815 snmrat.
873 2766 895 2817 1.
912 2764 975 2820 (lor.
1003 2769 1042 2819 lb.
1069 2767 1150 2829 esset,
1168 2761 1239 2815 illud
1252 2761 1418 2816 incarcerari
1432 2768 1517 2831 etque
1531 2760 1572 2815 ita
1586 2760 1625 2833 de
1637 2765 1712 2815 etstn
1723 2757 1907 2815 beatitudinis

204 2855 270 2902 tom.
290 2851 313 2901 6.
334 2844 428 2900 Germ.
445 2844 492 2901 fol.
511 2850 576 2900 261:
600 2844 711 2914 Corpus
729 2855 857 2899 nostram
879 2848 922 2906 ita
939 2848 997 2901 leve
1016 2856 1043 2900 et
1068 2848 1097 2902 in
1122 2853 1225 2902 etatum
1249 2848 1376 2902 miseriae
1400 2847 1521 2902 detrudi.
1562 2847 1761 2901 Beneventura
1784 2853 1812 2903 4.
1837 2852 1907 2904 sent.

206 2933 370 3002 apileDeue
381 2932 495 3000 efficiet,
512 2939 542 2986 ut
560 2932 653 2985 instar
672 2933 814 2986 scintillae
834 2932 1042 3002 sublimefera-
1069 2931 1133 2988 dist.
1152 2939 1195 2990 49.
1216 2949 1244 3004 q.
1265 2940 1289 2989 1.
1307 2940 1358 2988 art.
1374 2940 1400 2990 4.

205 3037 282 3087 mur,
301 3018 345 3072 vel
363 3018 406 3070 uti
424 3018 468 3071 eol
484 3018 536 3070 sub
552 3017 629 3070 coelo
649 3017 851 3080 coartabimus,
877 3019 920 3072 ita
937 3026 969 3071 ut
986 3036 1042 3072 uno
1103 3023 1146 3074 99.
1180 3018 1226 3074 De
1244 3019 1298 3072 hac
1316 3021 1381 3074 dote
1402 3018 1444 3072 sic
1461 3018 1613 3088 loquuntur
1632 3022 1748 3072 veteres.
1783 3016 1907 3087 Epipba·
1919 3019 1951 3060 ⁰¹

205 3112 341 3158 momento
358 3103 402 3156 vel
420 3103 465 3155 bic
485 3103 515 3155 in
531 3103 619 3155 terrie
637 3102 728 3169 infra,
747 3102 793 3156 vel
807 3104 937 3157 incaelis
952 3122 1042 3172 supra
1068 3102 1131 3157 nius
1156 3119 1249 3160 ancor.
1275 3123 1304 3175 p.
1329 3111 1392 3160 507:
1427 3107 1551 3171 Elaites
1578 3106 1676 3177 θυρῶν
1704 3109 1906 3176 κεκλεισμένων
1919 3080 1951 3163 iii

204 3191 292 3243 simus
318 3193 371 3245 etc.
414 3187 494 3242 Idem
517 3186 659 3242 Lutherue
685 3187 715 3240 in
737 3193 809 3258 poet.
835 3189 952 3244 domest.
978 3189 1042 3244 fest.
1067 3189 1092 3256 (ὁ
1108 3187 1229 3264 κύριος),
1255 3195 1302 3244 lua
1328 3193 1403 3264 δείξῃ
1425 3191 1456 3243 sb
1481 3193 1644 3263 παχυμερὲς
1667 3195 1833 3264 λεπτομερές
1851 3184 1951 3275 etcg',

206 3275 345 3330 edocens:
366 3274 449 3327 Nunc
467 3272 581 3341 quidem
599 3291 723 3344 corpora
742 3276 1040 3344 noemaeuntpravia,
1068 3280 1177 3330 Auctor
1203 3274 1268 3329 libri
1294 3275 1330 3330 de
1358 3291 1438 3346 cogn.
1469 3291 1552 3330 verae
1574 3276 1650 3331 vitae
1676 3292 1700 3329 c.
1718 3282 1764 3333 lb:
1793 3275 1951 3344 corpusne

206 3360 354 3428 inhabilia,
361 3360 456 3421 tarda,
465 3360 518 3413 sed
523 3361 664 3427 ᾳιιοιιάοα
674 3362 1041 3416 menuae-esurreeertmm
1067 3371 1229 3416 sauctorum
1244 3370 1369 3431 resurpct
1386 3362 1553 3430 spirituale,
1571 3363 1640 3431 quia
1655 3362 1816 3428 volomtate,
1839 3361 1906 3414 levi·

206 3456 232 3501 ct
257 3463 331 3500 noua
356 3462 480 3513 corpora
504 3445 759 3514 impetraverimus,
785 3447 841 3507 illa
867 3447 933 3514 ipsa
961 3456 1042 3500 erunt
1067 3455 1140 3516 tate,
1162 3448 1366 3518 perspicuitate
1390 3448 1537 3516 spiritibus
1561 3449 1617 3501 erit
1635 3448 1754 3517 aequale
1781 3455 1808 3500 et
1826 3462 1906 3500 omne

206 3534 318 3602 quidem
329 3548 397 3585 vera
409 3547 541 3599 corpora,
556 3547 652 3599 carne,
665 3533 772 3585 ossibus
784 3540 809 3585 ct
821 3534 947 3586 omnibus
958 3551 1040 3586 mem·
1067 3533 1188 3586 solidum
1207 3534 1235 3586 ei
1248 3534 1438 3602 penetrabile,
1465 3535 1539 3586 sicut
1557 3540 1583 3586 et
1603 3550 1706 3601 corpus
1723 3533 1846 3588 Domini
1863 3533 1905 3585 la·

206 3620 265 3673 brie
275 3618 443 3682 constantia,
459 3634 553 3671 uerum
569 3634 624 3670 nou
637 3617 763 3687 amplius
774 3625 855 3671 erum
868 3627 926 3671 tam
939 3620 1041 3687 pravia
1062 3619 1134 3687 pide
1142 3619 1240 3673 clauso
1249 3619 1372 3672 mrrecit
1383 3627 1410 3672 et
1414 3619 1518 3687 januis
1526 3619 1635 3672 clausis
1644 3620 1768 3673 intravit.
1785 3617 1907 3673 Anshel·

205 3713 232 3759 et
257 3705 367 3773 inepta,
390 3705 444 3757 sed
463 3712 553 3773 prosu
574 3712 638 3758 tunc
661 3705 878 3773 capitationibus
895 3723 959 3759 moa
979 3705 1040 3758 illio
1066 3721 1128 3758 mus
1150 3704 1198 3760 lib.
1225 3703 1260 3759 de
1283 3702 1387 3758 similit.
1412 3720 1436 3758 ι.
1455 3708 1504 3761 53:
1530 3704 1609 3757 Sicsd
1630 3705 1741 3771 anpciis
1765 3705 1838 3759 nme
1860 3704 1907 3758 ob·

205 3808 315 3855 sumsee,
340 3790 383 3842 ita
408 3797 473 3843 tuno
492 3791 568 3842 idem
589 3791 753 3858 corporibus
772 3792 877 3844 nostris
891 3799 1041 3860 praestare
1066 3791 1140 3843 sistit
1149 3807 1200 3844 uec
1213 3790 1326 3858 aliquid
1337 3806 1384 3843 eos
1395 3790 1534 3858 impedire
1545 3798 1637 3859 potest
1648 3792 1692 3844 vei
1704 3793 1904 3857 condrinpere,

201 3876 367 3946 poterimus.
403 3874 563 3946 Zuinglium
582 3875 624 3929 vis
644 3874 769 3929 veritatis
787 3875 906 3946 impulit,
923 3884 956 3931 ut
974 3877 1040 3931 scri·
1067 3877 1135 3944 quin
1149 3893 1206 3945 pro
1226 3875 1297 3929 velle
1320 3892 1371 3927 suo
1391 3883 1492 3929 cuncta
1507 3884 1654 3944 penetrent
1676 3877 1839 3946 liberrime,·
1863 3879 1905 3931 ita

205 3962 284 4016 beret
310 3967 384 4032 part.
414 3964 438 4015 1.
462 3978 536 4030 resp.
565 3960 602 4014 ad
631 3959 749 4014 confess.
775 3960 860 4017 Luth.
889 3979 955 4033 pag.
981 3969 1040 4019 465.
1066 3979 1123 4014 non
1146 3963 1200 4015 erit
1222 3962 1343 4031 aliquod
1369 3961 1554 4031 obstaculum,
1588 3965 1667 4031 quod
1693 3980 1745 4018 uos
1768 3965 1906 4027 retardet,

205 4048 429 4110 clarificatorum
454 4063 602 4114 corporum
622 4045 810 4099 conditionem
828 4048 1041 4118 apiiitatemque
1067 4048 1150 4102 usella
1168 4048 1307 4113 clausula,
1320 4064 1392 4116 quac
1406 4048 1486 4102 nobie
1497 4048 1640 4102 ullatenus
1657 4050 1752 4105 obstet.
1796 4050 1834 4103 Iu
1851 4050 1905 4104 iila

205 4141 271 4188 aire
286 4133 368 4200 lonpe
382 4133 532 4201 opilionem
545 4139 571 4185 et
589 4132 791 4199 expeditiorem
803 4149 870 4199 cese,
888 4142 914 4187 et
934 4143 1041 4204 quaeue
1067 4133 1140 4186 enim
1152 4134 1219 4201 vita,
1233 4133 1261 4185 si
1274 4133 1361 4186 bonus
1376 4134 1476 4203 fuerit,
1494 4134 1567 4187 nibil
1578 4135 1714 4204 patietur,
1731 4138 1810 4203 quod
1826 4135 1905 4200 nobit,

205 4220 320 4273 illorum
337 4219 375 4272 sit
393 4219 514 4272 claritas
538 4225 565 4270 ct
584 4218 705 4285 puritas,
723 4220 859 4272 ueneinem
877 4223 1041 4275 mortalium
1067 4222 1119 4274 sed
1144 4236 1228 4286 apere
1243 4221 1437 4287 permittetur,
1462 4236 1643 4288 quascunque
1663 4220 1792 4276 voluerit
1828 4221 1905 4276 Idem

204 4306 315 4367 novisse
329 4305 373 4360 vei
389 4312 468 4357 certa
487 4304 598 4357 ratione
618 4303 734 4372 assequi
745 4320 839 4372 posse.
1067 4305 1096 4358 in
1115 4304 1281 4360 elucidario:
1312 4305 1495 4358 Dominicum
1520 4322 1623 4374 corpus
1648 4305 1747 4359 clauso
1772 4307 1904 4376 sepulcro

72 4400 92 4440 ⁸⁴
115 4399 190 4439 euntt-
239 4396 280 4446 98.
317 4396 342 4447 8.
371 4389 496 4443 Subtiiia
518 4405 552 4441 ac
572 4389 774 4456 penetrabilia.
808 4388 949 4445 Definitur
966 4393 1040 4447 enim
1067 4408 1086 4442 a
1104 4390 1222 4443 mortuis
1239 4391 1374 4455 eumeuii,
1401 4391 1443 4443 ad
1465 4391 1622 4459 discipulos
1645 4391 1784 4445 obseratis
1807 4394 1905 4462 ianuis

73 4451 135 4494 ΗΜ
205 4475 354 4538 subtilitas,
372 4473 446 4544 quod
462 4474 499 4527 sit
510 4475 641 4542 aptitudo
654 4477 828 4544 penetrandi
835 4476 898 4529 alia
910 4495 1040 4546 corpora.
1066 4477 1193 4530 introivit
1216 4477 1351 4545 uobmque
1382 4477 1412 4528 in
1438 4477 1491 4528 boo
1513 4478 1632 4540 suturae
1655 4477 1797 4531 libertatis
1820 4482 1904 4533 docu-

205 4562 252 4617 Sic
276 4578 343 4615 acus
364 4560 488 4625 subtilis,
510 4561 586 4615 visus
603 4560 728 4626 subtilis,
748 4561 904 4616 intellectus
922 4563 1040 4633 subtilis,
1066 4570 1187 4616 mercum
1196 4563 1333 4632 praebuit
1368 4562 1560 4617 Damascenue
1571 4563 1619 4623 lib.
1633 4572 1658 4622 4.
1671 4564 1742 4619 orth.
1757 4563 1805 4620 tid.
1819 4582 1844 4622 c.
1857 4570 1904 4622 28:

200 4646 339 4716 judicium
373 4645 475 4700 subtile
504 4645 617 4711 dicitur,
653 4647 728 4717 quod
761 4647 874 4717 objecta
904 4655 1040 4717 penetrat.
1066 4651 1156 4720 Σῶμα
1167 4650 1364 4720 πνευματικὸν,
1377 4643 1523 4724 ἄτρεπτον,
1537 4649 1657 4716 ἀπαθὲς,
1677 4648 1790 4716 λεπτόν,
1802 4669 1904 4722 corpu

203 4732 270 4787 Puri
288 4748 356 4802 ergo
373 4731 481 4786 ratione
498 4748 599 4801 corpus
619 4733 721 4787 subtile
742 4739 798 4800 eet,
817 4733 893 4801 quod
913 4743 1041 4805 penetret
1066 4736 1226 4804 spirituale,
1246 4735 1425 4799 immutabile,
1444 4735 1626 4807 impassibile,
1639 4736 1748 4790 subtele.
1783 4737 1903 4794 Thomas

204 4825 261 4873 eta
276 4835 331 4890 quo
346 4815 443 4871 ablata
455 4824 498 4872 eet
510 4819 697 4889 repugnantia
709 4819 859 4872 exsistendi
872 4820 969 4875 eodem
980 4823 1040 4877 loco
1067 4821 1096 4875 in
1121 4820 1255 4877 additam.
1278 4838 1305 4891 q.
1326 4826 1368 4876 83.
1387 4826 1438 4878 art.
1458 4826 1482 4876 2.
1506 4821 1543 4876 sd
1562 4827 1591 4877 ιε
1618 4822 1728 4891 Corpus
1748 4823 1903 4890 plorioeum

203 4921 269 4959 cum
286 4904 342 4958 alio
362 4920 484 4974 corpore.
508 4904 648 4960 Probatur
665 4904 735 4958 haec
752 4904 875 4974 corporis
893 4906 1039 4976 glorificati
1067 4907 1198 4961 transibit
1221 4908 1360 4976 sphaerae
1385 4908 1527 4962 coelorum
1550 4908 1611 4961 eine
1637 4924 1733 4962 eorum
1757 4909 1902 4978 ceruum,

205 4990 326 5061 qualitas
348 4994 372 5057 1)
391 5008 410 5043 a
423 4991 636 5059 spiritualitate.
666 4990 790 5059 Corpora
801 4989 945 5044 beatorum
960 4999 1042 5048 erunt
1066 5009 1123 5045 non
1141 5008 1174 5044 ee
1191 4993 1220 5046 ui
1237 4993 1401 5047 subtilitatis
1419 4995 1471 5047 scd
1488 5011 1521 5047 ec
1533 4993 1633 5047 divina
1643 4994 1756 5063 virtute,
1773 5012 1847 5064 quae
1864 4996 1902 5051 eis

204 5077 375 5147 spiritualia,
405 5093 472 5147 ergo
490 5075 574 5130 etium
598 5075 725 5145 subdus,
755 5081 786 5128 ut
811 5075 925 5145 spiritus
949 5083 1042 5147 potest
1068 5080 1109 5130 ad
1127 5086 1223 5132 nutum
1239 5079 1270 5132 in
1288 5080 1413 5134 omnibus
1432 5081 1580 5134 subveniet.
1615 5079 1816 5137 Beneventum
1832 5081 1901 5139 dl:

205 5168 351 5232 penetrare
369 5178 500 5233 corpora,
530 5160 571 5214 sic
595 5161 678 5214 etiam
702 5160 806 5230 poterit
821 5160 851 5214 id
870 5160 962 5232 ipsum
981 5179 1040 5218 cor·
1070 5164 1152 5226 Quod
1170 5166 1227 5218 duo
1246 5181 1369 5234 corpora
1391 5182 1449 5218 non
1467 5165 1525 5218 siut
1541 5165 1634 5234 amul,
1658 5167 1710 5221 tos
1727 5175 1768 5222 est
1782 5176 1902 5238 propter

204 5264 258 5316 pue
276 5246 462 5319 glorificatum
498 5251 597 5317 utpote
627 5245 787 5316 spirituale3
823 5247 846 5300 si
876 5249 1041 5317 corporibus
1067 5251 1273 5320 corpulentiam
1295 5253 1433 5320 ipsorum,
1457 5252 1526 5322 quia
1552 5269 1639 5305 smum
1667 5270 1723 5307 non
1751 5262 1792 5308 est
1818 5253 1903 5309 alteri

205 5332 331 5403 gloriosis
356 5332 541 5402 denegaretur
559 5331 601 5385 vis
626 5332 805 5401 penetrandi,
835 5332 864 5386 in
889 5333 1042 5404 praecipua
1061 5335 1202 5404 pervium.
1223 5337 1435 5406 Sierpoitaeit,
1448 5338 1901 5407 quodalterumbabeatsubtilem
