4050 6014
552 282 633 350 Qus
650 282 703 339 DE
718 280 814 340 vlra
829 276 884 337 JO.
904 278 1105 336 osannam
1120 274 1358 334 altisssimi„
1730 274 1804 332 xxl

235 440 406 527 Pergimus
435 439 476 505 ad
496 439 615 525 scripta
636 437 795 504 Gerhardi
815 438 978 524 polemrbo,
1006 433 1089 497 inter
1116 452 1198 519 quae
1220 433 1379 516 Confessio
1408 431 1477 496 eius
1507 432 1673 508 0011001100,
1708 452 1806 517 supra

106 543 202 610 nobis
232 543 378 626 laudata,
408 542 545 628 primum
574 541 845 629 praecipuumque
867 539 973 603 locum
995 544 1091 601 tenet.
1135 534 1265 599 Eximio
1288 534 1362 598 huic
1383 535 1472 620 operi
1493 534 1625 620 adiungi
1645 545 1807 600 merentur

105 647 344 733 disputationes
372 644 440 709 eius
465 643 656 730 polemicae‚
685 666 765 728 quas
793 640 963 728 separatim
991 638 1129 725 primum
1155 635 1323 702 ventilatas
1350 637 1383 701 in
1403 651 1490 702 certa
1511 655 1622 723 postea
1642 636 1806 702 volumina

109 753 272 833 congessit
301 760 397 830 atque
430 748 491 810 sub
515 746 610 810 variis
633 745 732 810 titulis
753 745 786 808 in
807 743 909 808 lucem
933 740 1093 823 publicam
1116 740 1225 804 emisit.
1269 740 1415 805 Pertinet
1435 739 1498 804 huo
1519 739 1661 805 eiusdem
1681 740 1805 806 Baliar-

108 853 211 917 raiaus
232 851 433 916 0010000100
454 851 546 931 teob,
568 848 659 914 cuius
682 870 778 933 supra
800 847 860 913 ism
882 846 1017 912 lecimus
1040 843 1244 909 mentionem.
1277 841 1444 908 Pertinent
1464 843 1527 908 huo
1548 865 1643 927 porro
1662 843 1805 908 eiusdem

108 955 349 1039 Disputationes
369 953 554 1037 synopticoe,
572 953 607 1014 10
629 953 738 1036 quibas
759 953 904 1032 doaasmo
920 948 1073 1034 papalia,
1095 947 1315 1013 10000000
1335 971 1356 1010 a
1380 947 1461 1011 1101.
1483 947 1676 1011 Britannias
1700 947 1806 1010 obser·

109 1068 223 1130 001000,
245 1056 392 1119 susanae
414 1057 636 1139 reprendantur,
658 1053 760 1116 Jenae
784 1053 866 1116 1620
887 1052 916 1115 8.
951 1048 1040 1129 Quin
1060 1060 1093 1115 et
1109 1048 1171 1113 huo
1191 1047 1356 1113 commode
1378 1048 1513 1113 relertar
1535 1049 1713 1134 Phosphori
1733 1071 1806 1113 coo·

108 1159 268 1232 ederae,
289 1154 320 1222 h.
342 1157 515 1220 etretecim
531 1156 752 1241 disputationes
768 1154 960 1239 eleolopiaoa
982 1154 1083 1217 1160110
1092 1153 1251 1238 pontificio
1267 1151 1324 1216 sad
1340 1152 1426 1214 titulo
1440 1151 1618 1237 Phosphori
1630 1156 1674 1218 ad
1690 1153 1807 1216 claram

109 1260 232 1325 01101000
265 1257 400 1323 veriatis
431 1259 526 1321 lacem
543 1258 741 1342 perducentis
762 1278 824 1320 000
845 1256 890 1318 ita
907 1255 1030 1340 peilam
1050 1257 1213 1319 vernacula
1234 1256 1339 1339 110000
1360 1256 1439 1318 eaeo
1463 1251 1676 1340 opponam),
1704 1255 1808 1321 Jenae

110 1362 197 1428 1629
218 1361 248 1424 8.
283 1359 338 1431 Ad
353 1357 584 1423 controversias
603 1380 685 1434 vero,
706 1380 788 1442 quae
810 1355 903 1422 nobis
925 1378 998 1420 cnm
1021 1354 1209 1421 reformatae
1228 1354 1381 1420 eeclesiae
1397 1355 1583 1421 doctoribus
1598 1357 1808 1443 intercedunt,

108 1475 236 1553 spectat
251 1461 509 1549 Disputatioaum
530 1462 777 1545 tlteoloyicaram,
807 1462 839 1523 ia
864 1461 973 1547 quibas
1003 1461 1148 1544 (10000010
1177 1459 1427 1523 Calaiaioaorom
1455 1460 1543 1524 icario
1568 1462 1674 1524 seriem
1703 1461 1811 1526 Marsi

109 1566 270 1631 Friden'ci
295 1564 463 1628 ll'endelini
482 1564 705 1649 rependantur,
738 1561 978 1645 τεσσαραόἑκας
999 1570 1057 1626 etc.
1090 1562 1195 1626 denae
1219 1560 1301 1625 1638
1324 1562 1354 1624 4.
1399 1557 1494 1641 Quae
1516 1560 1644 1643 quidem
1663 1559 1809 1628 collectio

108 1665 353 1753 quatuordecim
376 1664 614 1730 dissertationes
635 1687 700 1728 non
720 1663 760 1728 ab
780 1664 851 1750 ipso
867 1661 1046 1740 Gcrhardo,
1068 1662 1108 1726 ad
1130 1662 1197 1727 eius
1219 1672 1326 1727 tamma
1346 1662 1477 1727 ductum
1498 1686 1517 1727 a
1539 1662 1724 1742 iuvenibus,
1753 1664 1810 1749 qui

111 1768 374 1857 respondentium
391 1788 521 1831 munere
542 1765 644 1830 lancti
662 1777 744 1848 sunt,
778 1765 970 1848 conscriptas
990 1763 1278 1850 complectitur).
1322 1764 1449 1851 Agmen
1471 1765 1659 1852 scriptorum
1679 1765 1809 1854 polemi·

108 1895 224 1937 corum
245 1868 374 1936 taudem
395 1867 522 1935 claudat
549 1868 710 1933 Tractatas
742 1867 932 1952 110010οἰ00,
964 1869 997 1930 ia
1027 1889 1086 1953 000
1113 1870 1287 1954 praecipuo
1316 1869 1468 1933 aliliosms'
1487 1871 1695 1954 fundantem
1716 1872 1811 1936 aalide

108 1978 311 2041 destruuntur
353 1975 531 2060 pariterque
574 1973 611 2035 de
648 1968 717 2056 Gay
753 1983 780 2033 et
817 1970 951 2054 1110000,
1005 1968 1076 2032 rtem
1107 1971 1144 2033 de
1177 1971 1345 2033 uniuersali
1378 1971 1574 2037 ludaeorum
1618 1974 1811 2053 conversione

110 2079 238 2142 uberius
260 2076 429 2141 disseritur.
492 2071 685 2159 Oppositum
717 2084 766 2136 est
800 2071 898 2135 hocce
928 2068 1079 2155 scriptum
1118 2068 1259 2133 Henrico
1292 2067 1485 2155 Gebhardo‚
1518 2070 1706 2137 cancellario
1743 2086 1811 2137 tum

111 2176 265 2264 temporis
287 2172 599 2259 &theno-Geram,
630 2172 686 2258 qui
715 2174 819 2237 varios
840 2171 965 2236 libellos
987 2170 1179 2236 chiliasticos
1201 2171 1359 2254 ediderat,
1379 2193 1416 2236 ao
1437 2184 1510 2258 post
1533 2173 1652 2239 obitum
1682 2174 1810 2239 demum

112 2279 251 2346 auctoris
273 2278 314 2342 ab
344 2276 486 2343 eiusdem
516 2275 600 2355 lilio,
632 2276 685 2342 Jo.
723 2272 859 2338 Ernesto
896 2272 1079 2350 Gerhardo,
1114 2271 1180 2337 luci
1214 2270 1363 2359 publicae
1398 2274 1461 2338 luit
1495 2275 1674 2361 expositum
1708 2277 1811 2342 Jenae

113 2405 201 2448 anno
223 2380 316 2446 1647.
341 2381 371 2447 4.

246 2498 337 2566 ordo
366 2520 425 2562 nos
458 2497 522 2561 iam
554 2496 682 2561 deducit
715 2496 756 2560 ad
785 2518 824 2562 ea
845 2494 1007 2561 Gerhanli
1036 2494 1173 2578 scripta,
1203 2516 1288 2579 quae
1317 2495 1358 2559 ad
1383 2494 1581 2561 excitandam
1601 2494 1812 2579 dandamque

118 2603 273 2691 pietatem
301 2610 376 2664 sunt
403 2610 595 2684 comparata.
637 2597 694 2662 Ad
722 2597 843 2664 hancce
872 2596 1007 2663 classem
1034 2596 1194 2683 pertinent
1214 2596 1357 2661 eiusdem
1378 2601 1596 2665 Meditotiaaas
1617 2621 1744 2676 sacrae,
1770 2600 1815 2663 od

116 2728 224 2770 000000
255 2705 403 2788 mantem
438 2703 631 2766 ercitandom
667 2714 694 2764 et
723 2702 880 2765 interioris
915 2701 1046 2763 laminis
1078 2702 1253 2784 profectum
1282 2704 1528 2785 promovendam
1557 2704 1812 2767 occomrmdotoe.

118 2808 255 2871 Huncce
277 2804 414 2889 exiguae
436 2800 530 2865 molis
552 2799 711 2878 libellum,
730 2801 869 2865 omnium
892 2801 1082 2888 scriptorum
1104 2800 1351 2885 theologicorum
1372 2803 1526 2889 primum,
1549 2801 1707 2891 evulgavit
1729 2801 1814 2866 Ger·

110 2907 239 2973 hardus
269 2904 372 2971 Jenae
399 2926 483 2968 anno
513 2905 604 2970 1666.
660 2902 766 2983 Quam
799 2903 929 2990 egregie
962 2904 1104 2967 eiusdem
1135 2903 1228 2968 lectio
1259 2905 1299 2968 ad
1334 2927 1442 2968 veram
1470 2905 1623 2992 pietatem
1666 2904 1814 2990 vitaeque

118 3008 318 3077 sanctitatem
348 3004 481 3073 lectores
500 3029 565 3071 non
596 3017 720 3070 tantum
750 3005 914 3090 informet,
943 3006 1054 3071 sedet
1082 3005 1180 3071 veluti
1203 3006 1323 3083 trahat,
1356 3006 1480 3095 experti
1503 3020 1577 3072 sunt
1598 3029 1726 3084 omnes,
1759 3004 1815 3090 qui

117 3109 257 3177 eundem
285 3109 393 3175 debita
421 3130 493 3173 cum
515 3108 688 3173 attentione
711 3106 923 3195 perlegerunt.
966 3108 1064 3174 Unde
1081 3120 1112 3172 et
1135 3131 1244 3174 omnes
1266 3108 1395 3175 omnino
1417 3108 1475 3174 viri
1498 3110 1550 3197 pie
1571 3109 1656 3174 docti
1678 3109 1816 3174 eundem

114 3216 207 3281 lectu
229 3210 452 3298 dignissimum
473 3210 669 3295 indicarunt,
691 3222 783 3295 prout
807 3232 845 3274 ex
862 3210 1048 3277 testimoniis
1073 3234 1093 3276 a
1111 3211 1266 3278 Fischero
1282 3213 1428 3279 adductis
1453 3213 1630 3280 luculenter
1640 3213 1815 3302 patet***).

116 3315 211 3396 Quin
240 3326 271 3379 et
291 3312 476 3398 saepissime
497 3313 581 3397 typis
610 3313 788 3398 exscriptae
810 3325 884 3376 sunt
906 3313 966 3377 hae
988 3313 1208 3380 meditationes
1243 3315 1340 3400 inque
1364 3316 1471 3382 varias
1495 3316 1646 3403 Europae
1676 3317 1815 3404 linguas,

116 3417 334 3506 germanicam
349 3414 543 3500 cumprimis,
561 3414 719 3501 gallicam,
740 3412 949 3501 anglicanam,
972 3414 1162 3501 polonicam,
1183 3417 1351 3502 suecieam,
1373 3416 1531 3505 belgicam
1556 3418 1699 3504 aliasque
1713 3431 1816 3483 trans·

116 3519 258 3604 latae†).
313 3514 382 3581 Nec
410 3516 725 3602 praetermittendum
763 3516 815 3580 hio
844 3530 891 3581 est
913 3519 1107 3583 Exercitiom
1137 3521 1265 3607 pietatis
1303 3522 1515 3607 quotidianum
1544 3522 1817 3608 quadripartitam,

110 3635 317 3711 peccatoram
347 3619 568 3704 confessiones,
597 3621 772 3705 pretiorum
800 3621 948 3695 sationes,
969 3623 1164 3702 precationes
1193 3634 1220 3685 et
1241 3623 1464 3688 observationes
1487 3626 1702 3708 complectens,
1729 3621 1817 3708 quod

117 3721 266 3808 Coburgi
287 3723 370 3788 1612
399 3720 498 3785 latino
518 3730 550 3784 et
568 3721 750 3806 germanico
766 3742 911 3785 sermone
926 3721 1062 3806 primum
1078 3721 1195 3808 prodiit
1217 3723 1408 3810 saepiusque
1422 3722 1572 3812 deinceps
1585 3722 1646 3790 luit
1662 3745 1818 3793 recusum.

118 3823 339 3910 Adiungimns
366 3823 469 3887 eidem
503 3820 607 3897 aliud,
634 3822 723 3887 cuius
753 3822 848 3887 index
865 3835 929 3888 est:
960 3824 1073 3891 Schola
1087 3827 1229 3913 pietatis,
1251 3829 1308 3891 das
1330 3829 1377 3905 ist,
1400 3828 1569 3893 christliche
1590 3833 1656 3894 aad
1675 3830 1818 3894 lseibanae

127 3927 380 4011 170100010ὴί000,
413 3949 476 3988 aros
489 3942 493 3949 ·
508 3925 563 4003 (dr
605 3924 761 3989 Ursaclsea
796 3927 881 3988 einen
905 3922 1000 4009 jeder
1026 3928 1148 3993 walcras
1180 3929 1319 3995 Claristea
1354 3954 1411 3994 zar
1443 3927 1648 4016 Gottseliplseit
1683 3933 1819 4017 bewepea

119 4031 220 4096 001100
242 4041 301 4094 etc.
346 4024 472 4112 Scopas
505 4025 536 4091 b.
556 4026 693 4090 auctoris
722 4027 755 4090 in
779 4026 875 4092 hoece
901 4027 983 4092 libro
1010 4029 1088 4109 luit,
1116 4031 1261 4095 resistere
1290 4032 1446 4118 grassanti
1469 4032 1633 4097 hominum
1655 4032 1819 4098 securitati

120 4144 222 4216 atque
244 4128 398 4215 impietati
420 4128 583 4213 salsaeque
604 4128 644 4193 de
664 4129 725 4194 fide
747 4129 897 4216 operibus
920 4152 1021 4195 vacua
1041 4131 1194 4217 opinioni,
1221 4154 1281 4197 nec
1301 4157 1365 4199 non
1388 4134 1503 4199 abusui
1525 4135 1697 4221 evangelii,
1720 4157 1818 4219 seque

119 4233 229 4320 ipsum
250 4243 348 4316 atque
371 4228 460 4306 alios,
482 4230 659 4294 studiosam
674 4231 857 4318 cumprimis
876 4232 1081 4317 iuventutem,
1102 4234 1143 4299 ad
1158 4234 1353 4300 indefessum
1369 4234 1496 4322 pietatis
1512 4234 1652 4301 studium
1671 4236 1817 4302 excitare.

119 4334 244 4400 Totum
259 4355 339 4417 opus
362 4333 503 4418 quinque
519 4332 695 4397 absolvitur
713 4332 815 4402 libris.
837 4334 892 4418 qui
912 4331 1025 4417 singuli
1043 4335 1134 4399 annis
1152 4339 1243 4402 1622.
1259 4348 1289 4401 et
1306 4340 1399 4402 1623.
1413 4336 1583 4424 separatim
1598 4338 1699 4402 Jenae
1713 4335 1817 4402 lucem

124 4437 342 4524 adspexerant
364 4434 537 4523 publicam,
565 4436 598 4500 in
622 4439 671 4502 12.
715 4437 836 4501 Deinde
858 4459 933 4501 vero
955 4437 1147 4503 coniunctim
1169 4462 1233 4504 uno
1254 4437 1412 4504 volumine
1434 4438 1655 4529 comprehensi
1678 4438 1818 4524 evulgati

121 4550 202 4605 sunt
228 4538 348 4603 iteratis
375 4536 513 4622 vicibus,
537 4537 652 4624 partim
672 4540 791 4622 Jenae,
817 4537 932 4625 partim
962 4562 1036 4604 vero
1061 4539 1301 4627 Norimbergae.
1344 4541 1413 4606 Nee
1441 4540 1611 4607 defuerunt
1639 4565 1679 4607 ex
1700 4542 1818 4608 nostris

119 4638 295 4727 theologis,
314 4637 368 4723 qui
390 4641 551 4725 praeclare
575 4640 615 4704 de
637 4640 734 4705 hocce
755 4640 872 4725 scripto
893 4653 1076 4718 sensemnt‚
1102 4665 1141 4707 ex
1170 4643 1286 4728 quibus
1315 4641 1365 4707 vel
1393 4643 1498 4707 solum
1524 4643 1553 4711 b.
1577 4642 1753 4731 Spenerum
1762 4644 1818 4730 ††)

120 4743 178 4809 hic
193 4763 459 4807 commemorasse
470 4742 614 4807 sulliciat.
639 4742 923 4809 Praetermittimus
937 4744 1094 4809 Gerhardi
1110 4746 1208 4809 nostri
1215 4748 1379 4831 Hodepum
1394 4749 1597 4832 evanqelicam
1622 4747 1664 4812 atl
1678 4746 1818 4812 scholam

119 4935 334 4945 .———-—-—-

231 5047 257 5114 ’)
276 5045 339 5102 Via.
358 5045 393 5102 ds
409 5047 496 5101 hocas
512 5047 583 5102 libro
602 5049 720 5105 eundem
741 5050 901 5105 Fischerum
918 5053 981 5104 loco
999 5053 1085 5105 citato
1099 5069 1130 5121 p.
1149 5053 1205 5105 tos
1223 5066 1299 5122 0000.
1317 5059 1346 5109 et
1362 5072 1391 5123 p.
1406 5056 1459 5109 171
1477 5070 1551 5125 0000.

231 5133 273 5199 ”l
294 5131 378 5188 Hisce
399 5133 639 5189 dissertationibus
662 5137 792 5207 opposuit
813 5135 995 5191 Wendelinus
1015 5138 1239 5193 Eesraitotioass
1263 5138 1435 5210 110010οί000
1457 5142 1580 5197 modicos
1604 5146 1655 5196 etc.
1679 5147 1711 5197 ut
1734 5159 1819 5213 supra

117 5237 150 5292 p.
170 5216 250 5274 xvi.
271 5219 485 5275 observavimus.

232 5302 291 5369 ⁸⁸⁸)
309 5303 374 5359 Vid.
392 5307 454 5360 eius
476 5306 569 5359 Vitam
587 5305 734 5359 Ger-bardi
743 5323 775 5376 p.
796 5310 850 5360 113
866 5323 941 5378 seqq.

233 5392 260 5455 il
280 5389 344 5446 Vid.
363 5390 523 5446 Eiscbemm
545 5391 607 5444 1000
625 5395 710 5446 citato
724 5409 755 5462 p.
771 5396 823 5447 111
841 5405 916 5463 0000.

231 5477 275 5543 11)
295 5475 359 5532 Vid.
381 5479 510 5532 Camilia
528 5478 588 5531 sius
606 5478 761 5546 1100100100
779 5481 870 5534 latina
887 5499 917 5550 p.
935 5482 1002 5535 522.
