4050 6014
223 319 283 379 384
881 306 1107 368 TBAGI'ATUS
1126 309 1273 369 SEXTUS

223 465 285 534 ejus
312 466 349 518 sit
374 465 501 532 indipna.
553 464 700 526 Quomodo
727 464 799 517 enim
824 469 866 517 est
892 463 973 517 beata
991 464 1059 530 uua,
1085 472 1280 532 praesensest.
1310 463 1390 518 Sicut
1403 479 1469 530 erpo
1488 463 1586 516 oculus
1600 478 1752 534 corporeas
1767 461 1934 528 sufficienti

223 568 310 619 quam
325 568 382 604 non
397 559 475 603 amat
488 552 605 605 tentent
622 558 672 604 aut
686 550 825 617 quomodo
843 555 966 608 amatur,
983 550 1061 616 quad
1088 548 1191 602 lumine
1218 549 1337 617 adjutae
1358 557 1383 602 et
1402 549 1602 603 corroboratus
1621 565 1677 602 non
1701 556 1793 618 polest
1812 566 1872 603 non
1887 551 1930 602 ei-

223 644 317 690 utrum
330 634 431 704 ripeat,
444 653 482 688 an
494 643 602 704 pereat,
621 636 817 706 indifferenter
833 634 993 703 accipitur?
1008 639 1060 687 eta.
1088 635 1155 687 dere
1168 651 1216 689 res
1225 635 1379 703 sensibiles,
1393 652 1465 704 auae
1478 635 1558 689 oculo
1575 635 1763 702 adficiuntur,-
1784 635 1826 688 sic
1841 635 1931 690 etiam

222 722 302 778 Idem
326 728 438 776 tractet.
458 725 499 778 ³1.
526 721 555 775 in
575 721 652 779 Joh.:
679 722 751 776 Dies
777 727 818 775 est
842 721 884 774 ibi
909 737 982 773 unus
1010 721 1061 772 sed
1087 721 1123 773 de
1144 719 1285 775 intellectu
1308 729 1422 775 sanata
1437 721 1624 791 proportione
1645 722 1808 776 denudum.
1845 720 1929 792 Csje·

222 807 423 875 sempitensus,
447 808 497 876 ραι·
522 823 573 861 nec
586 807 772 879 praeceditur
790 806 927 871 besterna,
945 821 994 858 nec
1015 822 1061 858 ee-
1087 810 1170 860 tsnus
1193 807 1223 860 in
1251 823 1349 864 comm.
1369 807 1467 862 Thom.
1489 807 1515 864 d.
1534 805 1551 863 1
1570 805 1674 861 Contra
1695 822 1761 862 voro
1781 807 1884 864 Scotus
1900 814 1928 864 l.

220 892 350 946 cluditur
368 895 501 947 crastino.
532 892 713 948 Cassiodorus
727 891 775 946 lib.
793 890 829 944 <le
844 889 926 944 enirn
940 906 1002 960 osp.
1015 896 1061 946 19:
1086 897 1156 946 sent.
1166 891 1230 949 dist.
1240 897 1283 948 to.
1293 910 1320 963 q.
1329 898 1352 947 o.
1363 892 1497 962 disputat,
1509 911 1624 947 causam
1630 893 1831 962 perpetuitatis
1838 893 1929 962 enjus
1978 959 1980 962 Α

221 978 371 1031 Bonorum
391 980 468 1031 dona
486 980 548 1047 quis
568 979 672 1030 dubitet
692 993 752 1030 esse
765 978 928 1046 perpetual
952 992 1015 1029 cum
1030 992 1060 1029 ee
1088 994 1144 1030 non
1164 995 1223 1032 esse
1234 979 1366 1045 sormam
1378 979 1570 1045 bealdudinis,
1587 979 1672 1048 quasi
1687 995 1739 1046 per
1757 979 1852 1048 spsam
1864 979 1929 1034 bea·

220 1070 391 1132 capnoseunt
408 1064 547 1117 laetitiam
562 1063 709 1132 percipere
729 1071 754 1116 et
772 1062 893 1116 ulterius
911 1061 1056 1115 tristitiam
1087 1063 1180 1116 titudo
1188 1063 1355 1128 formaliter
1366 1064 1404 1116 sit
1417 1064 1588 1131 necessaria,
1603 1072 1796 1118 manaturum
1804 1064 1927 1119 ιἨανιιαι
1977 1077 1979 1081 ’

221 1166 279 1202 non
299 1150 397 1204 timere
402 1169 413 1217 ,·
432 1150 536 1204 mereri
543 1150 687 1216 paudium,
708 1150 785 1218 quod
801 1154 905 1201 norunt
923 1164 982 1200 esse
997 1164 1060 1200 eon·
1085 1149 1274 1218 potentiarum
1294 1150 1377 1219 quasi
1399 1150 1477 1202 circa
1497 1151 1633 1218 obiectum
1647 1151 1807 1204 necessario
1820 1167 1928 1220 perpe·

221 1236 338 1289 tinuum.
369 1234 439 1297 Illic
458 1236 570 1288 animus
588 1252 641 1288 sua
654 1233 848 1302 prosperitate
860 1233 1061 1302 nonpaaescit,
1086 1241 1133 1287 tuo
1154 1241 1300 1302 operetur,·
1319 1251 1369 1288 nec
1387 1234 1510 1289 labium
1529 1236 1560 1289 in
1576 1237 1711 1304 potentiis
1729 1237 1815 1306 quasi
1831 1253 1927 1290 neces-

223 1322 278 1373 sed
289 1320 500 1375 eamltationem
516 1322 667 1390 propriam
678 1336 787 1390 semper
805 1320 905 1372 retinet
925 1321 955 1371 in
971 1326 1060 1372 aeter-
1086 1320 1165 1375 sario
1182 1321 1413 1374 determinantem
1427 1309 1572 1389 potentias
1593 1324 1634 1375 ad
1646 1331 1784 1391 perpetuo
1802 1339 1926 1391 operan-

221 1424 288 1458 num
308 1407 432 1474 capitata
448 1409 632 1475 prosperitas.
670 1404 749 1460 Beda
766 1405 795 1459 in
813 1421 874 1475 cap.
896 1410 934 1460 11.
953 1402 1060 1456 Lucae:
1087 1407 1162 1469 dum,
1188 1408 1240 1459 sesi
1256 1421 1317 1460 esse
1337 1423 1369 1459 ea
1388 1407 1452 1460 sola
1468 1406 1611 1462 uoluntate
1630 1408 1737 1475 diuina,
1760 1425 1834 1477 ριιαι
1852 1410 1927 1463 sicut

222 1491 322 1545 [nilla
332 1491 517 1545 beatitudinis
526 1492 629 1559 pieria,
644 1492 679 1544 de
691 1508 749 1559 aua
757 1492 898 1559 propbeta
913 1490 1061 1558 suspirans
1083 1493 1198 1560 perficit
1218 1501 1351 1545 naturcun
1371 1493 1520 1557 intensius,
1545 1493 1587 1546 ita
1609 1502 1756 1548 conseruat
1776 1510 1840 1548 eam
1855 1512 1927 1565 per·

222 1579 327 1647 ajebat,
345 1578 413 1647 quia
430 1578 588 1631 meliorest
605 1578 667 1631 dies
679 1594 737 1630 una
749 1578 781 1630 in
801 1576 886 1630 atriis
906 1577 962 1630 luis
975 1591 1060 1644 super
1085 1583 1170 1645 petua
1187 1577 1219 1631 in
1237 1578 1292 1632 tali
1298 1580 1485 1646 perfectione.
1516 1576 1609 1633 Priori
1628 1579 1783 1633 sententiae
1801 1581 1925 1651 assurgi·

221 1664 324 1731 millia,
342 1663 520 1716 tenebrarum
540 1663 710 1731 interruptio
729 1663 812 1717 nulla
832 1669 882 1726 est,
902 1661 983 1715 nulla
1000 1660 1059 1714 sal·
1086 1678 1156 1728 mus,
1169 1661 1194 1714 si
1209 1661 1352 1718 beatitudo
1364 1680 1398 1718 ex
1410 1662 1559 1733 hypothesi
1573 1669 1602 1716 et
1617 1679 1680 1717 cum
1694 1664 1926 1734 reduplicatione,

221 1759 276 1803 tem
295 1751 430 1803 memmio
449 1751 579 1802 maasiae
597 1750 640 1803 uel
660 1749 779 1814 doloris,
802 1749 870 1818 quia
883 1749 982 1817 mima
998 1748 1059 1800 abi·
1086 1754 1223 1818 quatenns
1247 1754 1290 1802 est
1315 1749 1466 1803 electorum
1486 1758 1600 1802 aeterna
1618 1749 1647 1803 in
1666 1749 1750 1804 coelis
1769 1749 1925 1818 beatitudo,

222 1843 311 1889 crunt.
354 1834 545 1889 Damascenns
569 1834 616 1888 lib.
637 1838 661 1888 2.
685 1834 721 1888 de
745 1833 852 1888 orthod.
875 1832 922 1886 fid·
947 1849 1010 1902 cap.
1031 1838 1057 1887 1:
1085 1832 1287 1897 consideretur;
1311 1834 1470 1904 posteriori,
1499 1834 1523 1887 si
1547 1836 1674 1890 absolute
1702 1841 1732 1890 et
1760 1836 1927 1906 simpliater

219 1922 294 1996 μετὰ
310 1920 361 1989 τὴν
379 1916 535 1976 ἀνάστασιν
554 1922 608 1988 οὐχ
624 1917 741 1994 ἡμέραις
758 1925 807 1974 καὶ
824 1923 903 1981 νυξὶν
923 1917 939 1974 ὁ
954 1914 1060 1993 χρόνος
1085 1926 1234 1988 spectetur.

222 2003 460 2082 ἀριθμηθήσιται,
479 2008 537 2061 ἔστι
559 2008 591 2060 δὲ
610 2008 722 2077 μᾶλλον
737 2013 791 2080 μία
803 2003 893 2079 ἡμέρα
903 2002 1059 2077 ἅνέαπερας
1122 2010 1177 2060 tte.
1215 2004 1400 2074 Exposuimus
1424 2004 1560 2061 hactenus
1587 2009 1767 2078 quantitatem
1787 2005 1992 2065 bonommsn

221 2096 272 2148 τοῦ
289 2090 369 2159 ἡλίου
389 2097 436 2160 τῆς
455 2087 634 2157 δικαιοσύνης
652 2094 839 2153 τοῑςδιιιαίοις
851 2093 979 2166 φαιδρῶς
996 2093 1058 2145 ἐπι·
1084 2097 1113 2144 et
1136 2090 1301 2160 gaudiorum
1324 2091 1487 2151 coelestium
1513 2099 1572 2146 tum
1590 2095 1757 2162 discretam,
1776 2100 1837 2148 tum
1859 2068 1992 2161 con-m

221 2174 391 2252 λάμποντος.
419 2176 600 2232 Hildebertus
629 2176 844 2232 Cenomanensis
871 2176 981 2247 epistol.
1009 2178 1056 2230 31:
1084 2178 1208 2241 tinuam,·
1226 2184 1320 2239 restet,
1339 2183 1371 2231 ut
1388 2193 1483 2232 earum
1495 2178 1580 2232 etiem
1594 2181 1760 2246 qualitatem
1778 2185 1924 2250 utcunque
1935 2175 1992 2264 {2¹

221 2264 258 2317 In
272 2265 324 2317 boc
337 2265 443 2333 fructu
460 2262 700 2331 estrepnumsine
714 2264 841 2328 termino,
862 2263 980 2316 catulae
996 2260 1057 2314 sine
1085 2263 1267 2318 declaremus.
1311 2263 1551 2327 Quemadmodum
1571 2265 1693 2320 discreta
1712 2266 1857 2338 quantitas
1874 2265 1924 2321 bo·

220 2350 334 2418 taedio,
358 2349 516 2402 sublimitas
540 2349 601 2402 sine
626 2348 767 2414 discessu,
798 2349 971 2419 plorificatio
996 2348 1057 2400 stne
1083 2365 1181 2403 norum
1208 2351 1369 2411 coelestium
1399 2351 1578 2416 varietatem,
1613 2351 1745 2406 continua
1771 2352 1923 2408 eorundem

222 2437 346 2505 defectu.
382 2433 539 2489 Guilelmus
551 2433 687 2490 Alvemus
707 2435 742 2488 ds
761 2433 887 2490 retribui.
898 2440 1057 2487 sanctorum
1083 2436 1296 2489 continuitatem
1318 2452 1351 2489 ac
1370 2437 1580 2503 aeternitatem,
1607 2436 1647 2490 sic
1665 2436 1787 2507 qualitas
1806 2437 1924 2492 istorum

220 2538 282 2591 cap.
302 2526 331 2577 1:
350 2521 466 2574 Dicitur
474 2521 532 2574 uita
546 2528 672 2591 aeterua,
692 2521 890 2590 auiamaltum
908 2520 1056 2573 contraria
1084 2521 1219 2575 bonorum
1237 2519 1405 2576 intensivum
1428 2523 1597 2576 suauitatem
1620 2529 1647 2577 et
1664 2524 1825 2577 satietatem
1847 2539 1921 2580 com·

222 2616 265 2664 est
279 2606 437 2676 temporali.
472 2605 553 2660 Siout
576 2607 651 2660 enim
674 2607 838 2676 temporalis
861 2612 920 2659 tota
938 2606 1006 2673 fluit
1031 2612 1057 2658 et
1084 2607 1222 2676 plectitur,
1239 2607 1314 2678 quod
1332 2606 1408 2662 beati
1428 2625 1484 2662 non
1503 2613 1612 2661 mutum
1630 2608 1771 2678 mutaturi
1788 2609 1845 2663 sint
1862 2609 1922 2664 dul·

223 2695 362 2747 euanmcit
383 2701 409 2747 et
426 2694 498 2747 molt
516 2693 599 2747 labet
611 2693 829 2759 stans,·sicilla
839 2700 919 2746 recta
931 2699 1057 2746 tatastat
1084 2691 1210 2746 cedinem
1234 2691 1344 2748 diuinae
1372 2692 1520 2762 bonitatis,
1553 2692 1603 2748 sed
1636 2693 1805 2750 molentibus
1843 2694 1921 2751 bonis

145 2818 151 2837 ι
221 2780 251 2832 in
268 2779 415 2834 soliditate
433 2780 632 2848 perpetuitatis
649 2796 718 2834 suae
732 2779 844 2833 etnilsil
861 2778 942 2831 balet
954 2778 1056 2845 fluens.
1084 2779 1166 2849 plene
1186 2779 1323 2847 satiandi,
1347 2779 1421 2850 quod
1446 2795 1503 2833 non
1525 2779 1663 2851 primitias
1682 2779 1821 2835 duntaxat
1840 2797 1921 2850 quas·

220 2865 260 2918 Et
285 2865 358 2918 sicea
380 2865 435 2918 illa
454 2872 543 2918 totum
568 2866 649 2918 tabet
675 2881 737 2918 cum
763 2872 851 2918 morte
872 2879 1015 2918 commune
1033 2871 1058 2917 et
1084 2865 1148 2919 dem
1168 2865 1331 2920 coelestium
1348 2864 1484 2920 bonorum
1501 2866 1659 2935 percepturi
1671 2865 1734 2931 sint,
1754 2867 1805 2922 sed
1823 2867 1921 2921 iisdem

220 2952 307 3005 uitam
332 2951 418 3020 ρααιι·
434 2953 465 3005 in
479 2959 586 3023 puncto
605 2950 666 3005 solo
685 2948 837 3020 continpit,·
864 2950 906 3002 ita
924 2949 979 3003 illa
998 2956 1058 3003 tota
1084 2951 1196 3021 penitus
1213 2951 1366 3022 ,implenda
1391 2951 1465 3022 quod
1493 2968 1550 3006 non
1577 2951 1670 3023 aliquo
1692 2951 1845 3017 danunt,
1872 2952 1921 3007 sed

221 3037 340 3092 seorsim
357 3045 399 3090 est
418 3054 437 3089 a
456 3044 552 3100 morte,
572 3053 605 3088 ea
621 3051 652 3090 se
669 3043 729 3089 tota
748 3035 836 3089 uitam
849 3036 976 3104 primam
995 3052 1058 3089 con·
1084 3055 1190 3094 summo
1200 3054 1312 3108 prorsus
1330 3037 1421 3108 gradu
1433 3037 1553 3092 aeternis
1570 3054 1604 3092 sc
1623 3036 1790 3093 coelestibus
1809 3038 1921 3109 gaudiis

221 3125 341 3194 tinpens,
360 3125 390 3177 in
409 3122 489 3177 nullo
507 3123 593 3176 morti
607 3122 797 3191 approcimat.
1084 3123 1139 3178 sint
1155 3123 1350 3194 perfundendi.
1382 3123 1521 3178 Aeternae
1533 3122 1607 3177 enim
1621 3123 1695 3178 ritus
1713 3122 1788 3179 bona
1805 3141 1840 3178 sc
1853 3141 1921 3196 gau-

1084 3208 1131 3264 dia
1149 3227 1204 3264 non
1223 3215 1334 3264 tantum
1350 3214 1432 3262 erunt
1448 3209 1532 3262 varia
1549 3225 1584 3262 ac
1602 3209 1794 3277 diversuros
1812 3216 1921 3266 tantum

87 3305 207 3357 omerus,
261 3300 318 3351 114.
355 3293 499 3358 Quaerunt
508 3290 683 3356 scholastici,
702 3294 840 3358 quomodo
859 3292 1002 3346 beatitudo
1021 3294 1059 3345 sit
1083 3295 1260 3349 universalia
1276 3296 1306 3348 in
1324 3293 1453 3349 omnibus
1471 3294 1581 3349 animae
1598 3294 1730 3363 potentiis
1748 3302 1779 3351 et
1797 3297 1921 3368 corporis

87 3358 206 3449 ,ffl‘ssi'
220 3391 351 3446 aeterna,
376 3398 414 3433 an
439 3381 590 3434 intrinsece
608 3387 635 3432 et
655 3396 687 3433 ec
705 3385 810 3431 natiue
827 3395 895 3446 sua,
920 3379 986 3448 quia
1005 3379 1057 3432 sei
1084 3380 1223 3449 membris,
1241 3396 1293 3435 nec
1311 3379 1400 3434 solum
1418 3381 1635 3446 continuares
1652 3379 1810 3451 interrupta
1829 3389 1858 3437 et
1877 3399 1921 3438 se·

87 3460 189 3552 ‘ssim‘
220 3468 286 3522 lecet
307 3466 454 3535 corrumpi
482 3483 536 3519 non
561 3473 672 3534 potest,·
698 3483 735 3518 an
760 3472 868 3518 tantum
896 3465 1056 3527 extrinsece,
1083 3465 1234 3535 terna,sed
1250 3466 1334 3519 etism
1348 3465 1521 3530 suauissima,
1540 3465 1728 3520 sincerissima
1745 3472 1776 3521 et
1792 3467 1831 3522 ad
1848 3485 1921 3523 eum·

68 3521 207 3605 uitiositas
221 3555 289 3623 qaia
311 3553 378 3606 licet
396 3567 429 3604 ec
445 3568 475 3605 se
492 3551 637 3619 corrumpi
649 3551 757 3620 possit,
781 3553 861 3606 Deus
884 3559 977 3603 tamen
995 3567 1057 3604 eam
1085 3568 1159 3605 mum
1183 3549 1336 3621 uoluptatis
1358 3550 1477 3621 madum
1503 3549 1628 3616 elevata,
1650 3559 1732 3607 eruut
1755 3570 1812 3608 non
1831 3555 1921 3610 solnm

74 3618 176 3656 ‘'²⁶³⁰'‘
220 3645 375 3702 eomeraat,
394 3653 428 3690 ne
448 3643 619 3704 corrumpat.
638 3636 721 3690 Prius
739 3636 839 3692 assuit
856 3635 978 3690 Thomas
997 3642 1019 3693 1.
1032 3642 1055 3692 2.
1083 3637 1219 3691 setensioe
1244 3635 1353 3691 ratione
1380 3637 1566 3701 aeternitatis,
1597 3637 1648 3691 sed
1675 3637 1760 3692 etiam
1783 3640 1919 3693 intensioe

220 3742 245 3796 q.
265 3730 289 3779 5.
311 3731 362 3778 art
379 3727 404 3778 t.
419 3738 487 3776 usus
507 3721 560 3775 hac
577 3721 802 3778 ratiocinatione:
820 3723 1000 3790 Perpetuitas
1015 3739 1056 3775 se·
1082 3723 1190 3777 radone
1214 3721 1352 3793 graduum
1378 3738 1493 3776 summa
1533 3720 1674 3776 Probatur
1697 3721 1767 3778 baec
1785 3723 1920 3781 bonorum

221 3812 316 3879 quitur
329 3808 592 3872 immutabilitatem,
611 3808 847 3863 immutabilitatis
863 3817 1056 3862 aatemoaasa
1083 3814 1112 3863 et
1137 3807 1302 3877 gaudiorum
1326 3807 1487 3861 coelestium
1512 3807 1637 3862 suavitas
1666 3815 1690 3864 1.
1718 3825 1752 3864 eu
1774 3826 1872 3864 mrum
1890 3812 1920 3865 is

218 3894 356 3962 famulis
372 3899 414 3948 est
429 3894 572 3964 perfectio
590 3902 795 3960 eonsummata;
816 3895 942 3965 effectiva
965 3896 1056 3948 uirtus
1083 3896 1175 3947 sacris
1189 3895 1282 3948 literis
1295 3894 1491 3962 descriptione.
1508 3893 1611 3948 Psalm.
1626 3899 1667 3960 11,
1677 3910 1703 3950 r.
1718 3900 1763 3951 15:
1775 3894 1919 3964 Satiador,

220 3980 318 4034 divina
325 3999 336 4047 ,·
355 3977 514 4032 materialis
526 3979 606 4032 boma
619 3979 741 4034 aleonum
759 3981 788 4033 in
800 3980 1055 4050 participationem
1083 3997 1143 4034 cum
1176 3981 1313 4034 sociatus
1344 3985 1432 4047 suero
1467 3982 1620 4034 secundum
1656 3981 1808 4048 imapinem
1836 3991 1919 4036 tuam.

219 4065 402 4121 aeternitatis.
432 4063 516 4117 Adde
535 4064 610 4135 quod
627 4064 773 4121 beatitudo
784 4066 814 4120 in
831 4064 908 4120 clara
924 4073 953 4119 ot
972 4066 1055 4119 intui·
1082 4065 1185 4125 Psalm.
1205 4070 1248 4130 36,
1265 4083 1290 4121 v.
1310 4071 1340 4121 9ι
1359 4066 1581 4120 Inebrialuntur
1599 4084 1617 4119 a
1631 4067 1808 4135 pinpuesiine
1821 4071 1921 4123 domus

219 4152 277 4205 tion
291 4152 351 4204 Dei
368 4152 476 4207 uitione
494 4153 634 4208 consistat.
664 4152 729 4207 ism
743 4168 809 4206 vero
827 4151 904 4205 clara
915 4150 969 4205 Dei
986 4150 1055 4204 visio
1083 4160 1158 4220 tuae,
1176 4161 1202 4205 et
1220 4159 1343 4206 torrente
1361 4152 1515 4220 uoluptatis
1532 4160 1597 4206 tuae
1622 4153 1735 4220 potabis
1754 4169 1809 4206 eos.
1845 4154 1919 4224 Ergo

219 4236 368 4291 intrinsece
409 4242 437 4290 et
471 4253 503 4290 ex
538 4244 638 4292 natura
672 4253 723 4291 sua
756 4243 798 4290 est
829 4235 1055 4307 incorruptibilis.
1082 4253 1166 4307 super
1190 4238 1293 4292 eleetos
1318 4254 1374 4291 non
1397 4237 1528 4308 guttatim
1554 4236 1708 4292 destillabit
1725 4237 1788 4293 fons
1809 4240 1919 4294 divinae

219 4321 295 4392 Fuge
312 4321 396 4375 etism
410 4320 562 4378 beatitudo.
594 4322 911 4393 Assumtumprobatur.
949 4322 1054 4375 Utali-
1084 4323 1247 4391 dulcedinis,
1267 4324 1317 4379 sed
1333 4329 1440 4378 torrens
1453 4323 1603 4394 voluptatis
1616 4339 1663 4379 eos
1678 4323 1838 4381 inebriabit
1857 4326 1917 4380 an

219 4425 277 4478 oua
298 4409 374 4462 actio
397 4423 432 4460 en
456 4417 562 4463 aalma
586 4427 641 4463 sua
667 4409 893 4477 incorruptibiles
919 4409 969 4474 sit,
998 4410 1055 4461 duo
1083 4414 1125 4472 di,
1143 4427 1169 4462 r.
1194 4413 1238 4465 1³:
1264 4409 1347 4464 Serui
1370 4410 1426 4463 mei
1442 4411 1594 4472 comedent,
1613 4409 1712 4474 bidem,
1731 4409 1919 4476 Metabuntar,

217 4501 283 4547 sunt
310 4494 487 4568 messoria:
513 4512 598 4548 unum
623 4503 654 4548 ut
677 4495 852 4566 principium
872 4495 1008 4559 amioum,
1037 4511 1056 4545 a
1076 4496 1241 4564 jubilabunt
1255 4512 1331 4564 prae
1350 4496 1536 4550 musitatione
1555 4495 1661 4552 cordis.
1684 4511 1745 4566 asp.
1765 4501 1809 4563 id,
1826 4515 1852 4554 r.
1873 4503 1917 4556 tt:

218 4596 273 4648 qua
298 4578 425 4644 elicitur,
450 4579 487 4632 sit
511 4580 723 4649 incorruptibile
730 4600 741 4647 ;
765 4580 899 4645 alterum,
927 4587 957 4631 nt
979 4579 1057 4632 illud
1083 4580 1241 4636 Declinalo
1263 4599 1348 4652 super
1361 4581 1525 4636 Jerusalem
1550 4582 1635 4650 quasi
1651 4581 1771 4651 fluuium
1789 4585 1876 4651 pacis
1893 4591 1918 4638 et

212 4665 390 4735 principium
408 4666 445 4719 al
462 4669 571 4735 apendo
590 4683 701 4720 cessare
719 4684 775 4721 non
788 4667 891 4735 possit.
927 4667 968 4718 At
987 4665 1055 4718 baec
1082 4667 1166 4735 quasi
1181 4675 1331 4721 torrentem
1344 4668 1528 4721 inundantem
1539 4667 1662 4736 pluriam
1680 4668 1810 4735 osutun.
1830 4670 1916 4739 Apoc.

218 4753 275 4804 duo
299 4755 479 4819 reperiuntur
503 4751 533 4807 in
549 4754 656 4807 νὲιίοαα
677 4751 815 4816 beatifica.
856 4751 933 4804 Nam
945 4750 1054 4819 princi·
1083 4760 1106 4821 l,
1125 4771 1150 4805 v.
1173 4757 1219 4808 17:
1238 4753 1338 4821 Apnus
1357 4754 1474 4808 dedum
1493 4769 1541 4808 eos
1559 4756 1601 4807 ad
1621 4754 1699 4808 uiros
1715 4754 1812 4817 fontes
1831 4774 1917 4825 apua·

216 4837 297 4904 pium
316 4837 394 4891 illiue
412 4839 535 4892 activum
553 4845 593 4892 est
615 4838 774 4892 intellectus
792 4837 931 4890 leumanus
952 4836 1055 4890 lumine
1081 4858 1153 4896 rum.
1183 4840 1724 4909 Ameto,v.1:·trmuus‚sptsnataus
1736 4843 1917 4910 sparsione

217 4923 330 4991 pieriae
345 4925 515 4979 illustratus.
546 4925 712 4979 Intellectus
725 4931 816 4978 auum
829 4922 1055 4991 incorruptibilis
1077 4926 1211 4996 procedit
1233 4943 1267 4979 aa
1290 4927 1389 4980 tireno
1413 4925 1474 4980 Dei
1495 4935 1521 4982 et
1539 4927 1620 4995 Aoni
1643 4926 1674 4980 in
1695 4927 1788 4981 medio
1804 4928 1917 4996 plateae

218 5017 273 5079 est,
299 5010 367 5079 quia
390 5019 431 5064 est
455 5010 599 5065 naturalis
620 5010 749 5078 potentia
764 5009 877 5063 animae
894 5007 1055 5076 rationalis,
1082 5012 1209 5067 arastis
1233 5011 1458 5080 Hierosolymam
1500 5011 1544 5067 Ex
1567 5011 1611 5067 bis
1638 5011 1776 5082 lontibus,
1806 5030 1842 5070 ex
1866 5012 1917 5068 boc

147 5116 149 5121 ⁸
218 5112 291 5164 quae
319 5102 361 5149 est
391 5096 541 5150 intrinsece
573 5096 749 5165 immortalis.
797 5094 938 5150 Similiter
963 5095 1055 5148 lumen
1081 5098 1166 5154 florio
1184 5096 1292 5152 affatim
1310 5096 1406 5173 lubere
1424 5103 1563 5170 poterunt,
1583 5100 1657 5155 unde
1678 5099 1763 5155 mam
1779 5099 1855 5156 ritae
1872 5115 1917 5155 ae·

216 5181 328 5248 pieriae
349 5188 391 5235 est
418 5181 645 5251 incorruptibile,
672 5181 741 5250 quia
761 5190 801 5234 est
820 5180 947 5250 maistas
968 5179 1053 5250 spiri·
1082 5189 1177 5238 ternae
1201 5182 1309 5253 gandia
1332 5183 1512 5239 conferuntur
1534 5185 1658 5239 conuiuio
1683 5200 1719 5239 ac
1738 5186 1861 5257 nuptiis,
1888 5183 1917 5238 iu

96 5292 145 5337 χχ,
158 5293 205 5338 too.
219 5267 320 5336 tualis,
346 5283 418 5338 quae
440 5267 551 5320 nullam
570 5266 652 5320 habet
669 5267 860 5336 contrarium,
883 5284 902 5320 a
920 5284 974 5337 qua
994 5284 1054 5320 cor·
1082 5268 1182 5340 quibus
1209 5274 1252 5324 ut
1276 5268 1399 5326 omnium
1418 5287 1511 5329 nerum
1531 5270 1710 5327 abundantis.
1748 5275 1773 5327 2.
1791 5272 1839 5327 Ea
1858 5271 1916 5325 ani·

217 5358 376 5421 rumpatur.
411 5352 477 5405 Inm
499 5368 565 5406 uero
589 5352 746 5407 intellectus
770 5352 874 5406 lumine
891 5353 1003 5421 ploriae
1020 5353 1055 5407 il·
1082 5372 1190 5416 marum
1205 5363 1232 5408 et
1245 5371 1397 5424 corporum
1413 5355 1824 5424 plurificatorumconditione.
1853 5356 1915 5410 Cor·

216 5439 525 5507 lustratasnonpotest
539 5454 678 5492 casarea
691 5438 797 5494 αιἰἰοιιι
807 5439 873 5504 Dei,
885 5439 955 5508 auia
966 5441 1055 5507 Densa,
1081 5455 1150 5510 pora
1172 5438 1317 5497 beatorum
1340 5445 1422 5497 erant
1445 5439 1534 5510 ipsius
1556 5439 1612 5497 Dei
1633 5457 1718 5497 manu
1743 5440 1862 5499 formata
1877 5456 1915 5500 ,αα

215 5523 267 5592 oui
288 5530 330 5577 est
349 5523 488 5592 objectum
510 5510 591 5580 iliius
612 5523 744 5592 unionis,
763 5527 923 5581 nuenario
942 5541 1053 5596 semper
1081 5542 1140 5589 uns
1155 5542 1220 5582 enm
1237 5525 1383 5588 animabus
1401 5526 1438 5585 sd
1453 5524 1509 5583 Dei
1528 5525 1680 5598 ἰιααςίαοαι
1697 5525 1821 5598 putate
1838 5542 1916 5584 renos
