4050 6014
187 332 250 393 392
840 323 1072 382 TRACTATUS
1094 324 1241 382 SEXTUS

187 485 357 548 argumenta
380 497 398 531 a
424 479 576 532 contrariis
597 478 774 548 probabilem
792 480 942 543 domarat,
969 497 1024 533 non
1054 480 1204 534 aboleverit
1223 497 1330 534 omnem
1346 487 1528 548 potestatem,
1548 479 1576 532 id
1595 484 1637 534 est
1656 496 1720 533 cum
1740 476 1891 547 subjecerit

187 565 377 620 amassariam
402 565 504 618 hahere
529 564 761 632 consequentiam.
797 565 864 619 Non
885 565 959 617 enim
984 582 1025 618 se·
1053 565 1106 618 sibi
1127 583 1221 620 omnes
1239 566 1350 630 hostes,
1367 564 1471 620 abolita
1491 581 1584 620 eorum
1604 565 1741 635 potentia,
1760 564 1891 618 videlicet

187 651 302 719 quitur:
325 652 407 704 homo
428 657 522 718 potest
542 667 571 703 se
590 651 680 718 nisum
699 649 834 719 occidere,
854 666 921 720 erpo
943 652 1026 703 etiam
1054 653 1188 721 Satanae,
1215 651 1327 715 mundi,
1354 652 1462 722 peccati
1491 659 1520 705 et
1548 652 1651 706 mortis.
1690 651 1789 705 Potest
1806 649 1889 704 etiam

187 735 342 804 vivificare.
384 734 513 803 Addunt,
539 751 598 787 esse
620 735 765 802 disparem
787 736 935 798 rationem,
961 737 1028 805 onia
1054 739 1143 807 accipi
1164 740 1199 791 de
1219 737 1346 808 imperiis
1364 738 1509 800 humanis,
1532 753 1604 807 quae
1630 738 1657 789 in
1675 736 1722 790 die
1740 734 1891 788 novissimo

187 821 274 874 malis
286 821 418 892 operibus
434 837 712 889 meremurpoenam,
731 822 782 873 sed
800 821 880 874 bonis
897 822 1028 889 operibns
1056 821 1192 877 abolenda
1217 839 1278 877 esse
1302 829 1412 876 constat
1431 839 1463 876 ex
1485 820 1557 879 Dan.
1573 827 1596 885 2,
1622 839 1647 876 v.
1669 827 1711 877 ts.
1736 818 1891 875 Ministeria
1937 878 1940 886 .

187 924 247 963 aon
261 924 411 976 possumne
424 908 587 976 promereri
608 908 695 961 vitam
714 915 865 967 aeternam.
904 907 1027 977 Respon·
1054 908 1217 979 angelorum
1245 905 1396 962 cessabunt
1423 908 1535 978 quidem
1563 909 1592 961 in
1616 907 1711 963 futura
1737 907 1809 972 vita,
1835 923 1890 962 nan

189 992 302 1046 demus:
328 990 407 1047 Haec
433 998 509 1047 recte
529 1000 707 1062 opponuntur
728 991 895 1058 Pontifioiis,
919 993 968 1063 qui
994 1008 1028 1045 ex
1055 1002 1148 1049 autem
1168 993 1314 1048 diversitas
1333 994 1466 1048 donorum
1485 993 1669 1048 habitualium
1696 1008 1730 1047 ac
1748 991 1891 1047 distinctio

189 1092 305 1147 operum
323 1077 427 1133 meritis
447 1077 634 1132 diversitatem
654 1076 759 1146 gloriae
777 1077 904 1147 probant,
923 1094 1028 1147 nequa·
1056 1080 1202 1151 graduum,
1222 1080 1292 1134 alias
1312 1079 1425 1151 quidam
1447 1080 1540 1150 angeli
1554 1079 1737 1134 redderentur
1749 1077 1892 1132 deterioris

190 1178 275 1234 quam
298 1180 364 1218 vero
387 1170 497 1218 nostrae
522 1163 705 1217 adversantur
731 1163 892 1227 sententiae,
919 1164 967 1234 qui
992 1180 1026 1217 ex
1054 1166 1234 1230 conditionis,
1262 1181 1345 1236 quam
1364 1163 1442 1219 fuere
1460 1166 1578 1219 durante
1597 1164 1681 1234 hujus
1699 1163 1788 1218 seculi
1807 1167 1891 1218 statu.

189 1249 315 1320 potuita
333 1249 385 1304 Dei
411 1248 593 1318 promissione
616 1265 730 1318 operum
749 1248 959 1303 retributionem
981 1249 1027 1303 de·
1054 1253 1105 1306 Rst
1125 1259 1153 1307 et
1173 1252 1241 1306 haec
1261 1251 1393 1320 Martyria
1412 1251 1550 1319 exceptio:
1573 1250 1626 1313 Qui
1636 1258 1746 1319 ponunt
1765 1250 1891 1303 diversos

190 1333 327 1389 ducimus.
362 1333 519 1405 Disperitas
545 1350 613 1404 ergo
632 1333 661 1387 in
679 1350 711 1388 eo
730 1340 784 1398 est,
809 1334 882 1404 quod
911 1332 949 1402 pii
971 1352 1028 1388 non
1054 1341 1170 1393 ordines
1191 1339 1222 1390 in
1240 1336 1363 1406 anpelis,
1388 1353 1435 1389 eos
1455 1336 1550 1389 nolum
1574 1337 1649 1388 inter
1666 1353 1725 1389 sese
1744 1336 1839 1403 speeie
1858 1351 1891 1387 ac

189 1420 299 1490 possint
322 1420 410 1474 vitam
430 1429 571 1475 aeternam
591 1420 670 1474 bonis
689 1419 747 1473 suis
771 1419 901 1489 operibus
920 1435 1027 1490 prome·
1052 1423 1189 1487 fortassis
1206 1424 1334 1490 proximo
1349 1438 1448 1490 penem
1463 1423 1594 1490 differre,
1621 1424 1699 1490 quod
1723 1440 1779 1475 non
1797 1427 1892 1490 potest

190 1506 254 1574 reri,
281 1506 354 1562 sicut
380 1506 457 1575 impii
484 1505 689 1559 damnationem
713 1505 793 1559 malis
818 1505 874 1558 suis
898 1504 1027 1574 operibus
1055 1512 1090 1563 de
1109 1508 1265 1562 hominihus
1287 1507 1382 1571 beatis,
1398 1508 1442 1560 oel
1463 1509 1498 1560 de
1513 1508 1663 1575 spiritibus
1680 1509 1788 1560 nostris
1805 1507 1890 1574 affir-

191 1592 271 1648 l'nere
294 1590 451 1663 promeriti,
476 1591 587 1644 interim
613 1589 805 1645 convenientia
825 1598 918 1645 manet
937 1590 965 1644 in
987 1607 1027 1655 eo,
1056 1594 1137 1648 mari.
1171 1594 1264 1658 Quare
1277 1594 1435 1648 similitudo
1452 1595 1526 1647 inter
1544 1611 1596 1647 nos
1616 1602 1642 1646 st
1661 1594 1778 1661 ampelos
1796 1594 1893 1663 punem

190 1677 268 1748 qnod
294 1675 527 1747 quemadmodum
555 1675 584 1729 in
610 1693 665 1729 una
689 1680 717 1728 et
736 1675 832 1728 eadem
852 1674 1029 1729 damnatione
1055 1682 1149 1736 omnia
1175 1681 1287 1734 minime
1309 1680 1445 1748 quadrat,
1469 1698 1535 1732 nam
1561 1687 1627 1733 tunc
1650 1680 1781 1732 numerali
1802 1687 1892 1734 essent

190 1762 250 1816 sint
268 1763 370 1817 diversi
391 1763 495 1833 gradm
511 1777 676 1831 poenarum,
696 1761 737 1814 ita
754 1760 783 1814 in
801 1777 858 1815 una
876 1761 1028 1830 eademque
1054 1767 1152 1836 napoli
1175 1782 1269 1820 ornnes
1298 1765 1423 1832 ejusdem
1444 1765 1549 1834 speciei
1567 1765 1611 1819 vel
1630 1765 1755 1833 ejusdem
1775 1765 1892 1833 ordinis,

191 1848 368 1904 beatitudine
388 1849 443 1901 sint
461 1847 561 1901 diversi
583 1846 687 1918 gradrm
703 1846 896 1915 praemiorum.
937 1847 963 1915 3)
983 1847 1029 1899 En
1055 1861 1080 1907 a
1098 1853 1282 1918 statuendum,
1299 1868 1365 1903 num
1383 1866 1478 1904 omnes
1494 1868 1596 1920 parem
1611 1858 1636 1904 et
1655 1851 1830 1920 aequabilem
1848 1853 1890 1914 ss.

192 1936 252 1988 Dei
266 1935 465 2004 promissione.
502 1934 579 1988 Deus
597 1932 760 1998 misericors,
786 1949 870 1986 verax
891 1940 919 1986 st
934 1934 1027 2002 justus
1055 1938 1188 1993 labatem
1205 1936 1340 1999 habeant;
1363 1954 1458 1989 oerum
1478 1936 1547 1990 haec
1567 1953 1600 1990 ea
1618 1937 1774 1990 testimonio
1794 1954 1891 1989 sacra

190 2019 326 2091 promisit,
349 2020 422 2090 quod
446 2022 553 2089 majora
574 2019 732 2072 redditurus
754 2019 791 2073 sit
818 2018 943 2088 praemia
966 2018 1028 2086 illis,
1054 2041 1119 2077 rum
1136 2025 1285 2077 literarum
1299 2022 1395 2076 nrdlrss
1410 2025 1529 2087 definire
1540 2032 1638 2093 potest.
1665 2022 1891 2093 Respondemus:

191 2106 292 2178 quiin
318 2106 369 2160 bac
395 2108 453 2160 vita
477 2107 539 2174 plus
568 2104 729 2160 laborarunt
757 2122 789 2159 ac
816 2104 896 2174 plura
914 2112 1029 2176 propter
1055 2110 1186 2175 Quamvis
1211 2109 1241 2163 in
1264 2108 1317 2163 hac
1342 2108 1399 2162 vita
1417 2113 1513 2163 exacte
1532 2107 1639 2163 definiri
1653 2125 1708 2161 non
1728 2109 1825 2178 possit,
1845 2107 1891 2179 qui

191 2193 285 2262 ipsum
302 2191 500 2246 sustinuerunt
538 2191 614 2263 Ergo
627 2191 680 2245 hoc
693 2190 878 2245 infallibiliter
890 2196 1028 2261 sequetur.
1055 2200 1084 2249 et
1107 2195 1202 2265 quales
1227 2193 1283 2248 sint
1310 2193 1472 2265 angelorum
1498 2192 1626 2261 ordines,
1653 2192 1722 2247 illud
1746 2202 1891 2248 temones

191 2277 350 2348 Excipiunt,
370 2295 472 2345 nepaes
488 2279 539 2332 hoo
563 2278 703 2332 Christum
721 2279 750 2331 in
763 2278 909 2346 parabola
929 2276 1027 2331 Matth.
1056 2278 1207 2350 Scripturis
1235 2284 1341 2332 certum
1373 2285 1423 2346 est,
1450 2278 1525 2347 quod
1551 2277 1606 2332 sint
1632 2279 1701 2331 certi
1729 2280 1891 2348 angelorum

191 2369 234 2432 20,
260 2380 286 2418 v,
311 2367 353 2417 to.
377 2363 426 2416 uti
448 2363 556 2430 singuli
584 2363 713 2431 operarii
738 2364 856 2416 eursdem
885 2363 1029 2433 accipiunt
1055 2366 1165 2423 ordines
1192 2371 1220 2419 et
1248 2364 1365 2435 gradus,
1401 2369 1486 2433 atque
1513 2363 1564 2418 hoc
1591 2364 1627 2418 ad
1656 2364 1891 2418 confirmationem

191 2448 351 2515 denarium·
374 2465 478 2515 aspare
502 2449 553 2502 hoe
578 2450 736 2518 wesselum
760 2448 876 2503 Roman.
896 2454 920 2512 8,
940 2466 966 2501 v.
990 2453 1027 2503 18.
1055 2459 1166 2506 nonnae
1184 2450 1337 2504 sententiae
1353 2448 1433 2504 nobis
1451 2448 1563 2504 sufficit.
1600 2451 1723 2519 Angelos
1744 2449 1818 2503 inter
1832 2466 1892 2504 sese

69 2553 117 2598 xx.
131 2536 241 2597 sraubi
260 2536 409 2606 passiones
436 2535 520 2604 hujus
544 2535 617 2589 uitae
642 2536 745 2590 asserit
768 2553 824 2589 non
844 2551 903 2589 esse
925 2535 1029 2600 dipnas
1054 2539 1147 2609 specie
1165 2535 1291 2601 differre,
1317 2551 1382 2589 curn
1407 2551 1502 2589 omnes
1527 2534 1584 2588 sint
1609 2535 1787 2606 λειτουργικὰ
1806 2532 1891 2592 πνεύ-

189 2623 293 2688 futura
314 2622 417 2690 ploria,
436 2626 499 2676 tet-2.
512 2619 583 2673 Tim.
598 2626 624 2690 l,
644 2639 669 2674 v.
684 2625 707 2676 8.
728 2622 777 2674 ubi
787 2639 843 2675 non
851 2620 1028 2688 peculiarem
1054 2645 1131 2697 paro
1154 2621 1240 2676 Hebr.
1263 2626 1285 2684 1,
1309 2639 1336 2676 v.
1356 2624 1761 2693 14.εε1μίγα1ίαναῖτημα.
1800 2624 1828 2693 5)
1847 2625 1892 2677 Ea

191 2708 320 2778 aliquam
337 2707 466 2774 justitiae
478 2724 611 2760 coronam
623 2707 679 2759 sibi
695 2708 801 2777 tribuit,
821 2708 948 2775 anamma
958 2707 1028 2776 plus
1054 2710 1131 2764 seria
1152 2710 1192 2760 ad
1206 2707 1329 2760 studium
1342 2707 1462 2775 pietatis
1476 2714 1502 2758 et
1511 2707 1679 2774 patientiam
1691 2709 1892 2776 exhortatione,

190 2795 290 2849 ederis
308 2793 482 2848 laboraverit
501 2790 656 2847 1.Corinth.
673 2797 712 2854 15.
730 2810 756 2847 v.
775 2798 814 2848 10.
834 2794 886 2845 sed
901 2792 1028 2846 omnibus
1055 2812 1127 2867 quae
1153 2810 1186 2848 ex
1211 2792 1362 2862 hypothesi
1387 2791 1422 2846 de
1448 2792 1633 2861 praemiorum
1654 2793 1839 2862 amplitudine
1860 2809 1893 2848 ac

193 2880 301 2934 Christi
332 2881 482 2933 adventum
516 2878 696 2945 diligentibus
728 2894 820 2931 sacram
851 2895 1027 2931 comnruncm.
1054 2881 1218 2935 diversitate
1238 2877 1296 2949 peti
1315 2883 1415 2948 potest.
1448 2876 1606 2947 Excipiunt,
1624 2895 1718 2931 varim
1735 2879 1836 2933 calcor
1853 2881 1894 2933 ad

190 2966 416 3038 Respondemus:
433 2963 512 3019 Haec
530 2963 622 3018 omnia
641 2969 715 3018 recte
727 2962 855 3032 probant,
875 2962 1027 3033 praemium
1052 2969 1169 3037 pietatis
1184 2966 1309 3018 studium
1322 2981 1381 3018 asse
1391 2965 1452 3018 Dei
1463 2966 1626 3017 mandatum
1640 2972 1667 3017 et
1677 2966 1894 3033 promissionem

191 3053 341 3109 meentiale
360 3051 417 3105 sire
430 3050 518 3120 ipsam
536 3049 622 3103 vitam
635 3055 776 3103 aeternam
794 3047 883 3101 beatis
901 3048 1028 3103 omnibus
1053 3053 1208 3123 ineffabilis
1223 3051 1414 3117 beatitudinis,
1433 3051 1532 3120 quibus
1551 3052 1601 3118 qui
1618 3069 1674 3104 non
1686 3059 1821 3122 arceatur,
1840 3070 1893 3106 nae

191 3139 252 3195 tore
270 3154 456 3207 communem
475 3136 594 3208 probant
613 3136 704 3199 etiam,
724 3135 892 3190 diversitatis
910 3135 984 3189 illius
998 3137 1027 3190 in
1054 3140 1104 3194 ille
1117 3157 1223 3208 parum
1245 3138 1408 3191 incitabitur
1432 3137 1486 3191 illa
1501 3137 1698 3206 proemiorum
1718 3139 1892 3210 differentia.

191 3224 317 3296 praemia
331 3222 506 3277 accidentali
523 3220 735 3275 fundamentum
748 3236 803 3274 non
817 3237 878 3274 esse
895 3237 1027 3292 quaeren·
1054 3225 1280 3294 Respondemus:
1295 3222 1484 3278 Subordinats
1495 3240 1550 3277 non
1562 3230 1697 3295 pugnant.
1709 3223 1789 3279 Sicut
1797 3227 1893 3294 pietas

191 3310 259 3364 dum
279 3310 309 3364 in
328 3308 468 3363 meritoria
485 3323 598 3376 operum
614 3313 770 3360 nostrorum
783 3306 927 3378 dignitate,
947 3306 1028 3362 relin·
1051 3311 1268 3381 promissionem
1288 3310 1370 3362 habet
1387 3326 1443 3363 non
1462 3309 1544 3363 modo
1560 3311 1721 3378 praesentis
1740 3310 1790 3364 sed
1810 3312 1892 3365 etiam

191 3396 287 3468 quitur
306 3394 427 3462 interim,
445 3392 522 3462 qued
541 3391 619 3446 Deus
638 3408 672 3446 ex
689 3392 781 3462 gratia
794 3392 903 3448 diverm
918 3392 1027 3464 piomm
1048 3400 1172 3466 suturae
1194 3397 1284 3462 vitoe,
1308 3395 1349 3449 ita
1374 3411 1485 3467 quoque
1510 3395 1717 3465 promissionem
1736 3396 1822 3451 habet
1838 3414 1893 3451 non
1905 3411 1945 3454 n
1956 3409 1974 3450 a

191 3497 277 3553 opera
302 3479 417 3535 diversis
443 3478 573 3548 praemiis
597 3477 634 3532 sit
656 3485 889 3534 remuneraturus.
932 3480 960 3548 4)
982 3481 1029 3534 En
1055 3489 1166 3538 tantum
1191 3481 1376 3534 beatitudinis
1396 3482 1568 3548 essentialis,
1592 3481 1745 3536 sedetiam
1765 3483 1892 3536 maiden-

191 3575 291 3622 nostra
314 3583 376 3618 eum
402 3564 511 3633 arapelis
531 3564 764 3629 conformatione.
812 3563 895 3619 Beati
920 3566 948 3619 in
971 3566 1029 3621 vita
1056 3571 1157 3624 talium
1176 3567 1370 3637 praemiorum
1389 3568 1417 3621 in
1436 3567 1494 3621 vita
1511 3576 1631 3623 aeterna.

192 3664 307 3708 aeterna
333 3657 414 3705 erunt
439 3647 590 3721 ἰσάγγελοι.
633 3648 698 3704 lam
726 3665 791 3704 vero
818 3649 889 3706 inter
913 3653 1028 3722 angelos
1092 3657 1149 3710 129.
1176 3659 1200 3708 ³.
1219 3654 1388 3719 Eupatrnm
1403 3654 1496 3706 ‹ls'otis
1517 3652 1974 3722 lllorumconsensumnobis,214

192 3744 259 3793 sunt
285 3736 356 3792 certi
380 3736 491 3791 ordines
511 3741 539 3788 et
564 3734 676 3805 gradus.
718 3734 876 3804 Excipiunt,
899 3739 1028 3791 similitu·
1055 3739 1174 3809 largitur
1186 3738 1287 3792 Petrus
1300 3735 1417 3807 Martyr,
1428 3738 1468 3791 sic
1478 3738 1552 3793 enim
1562 3738 1656 3792 scribit
1669 3739 1743 3793 dicto
1756 3739 1834 3795 loco:
1848 3741 1893 3793 De
1906 3736 1974 3782 ΝΜ

191 3826 287 3889 dinem
315 3823 397 3876 illam
420 3839 476 3874 non
500 3837 559 3875 esse
583 3822 783 3875 extrudendum
806 3821 885 3875 ultra
906 3841 1029 3892 scopum,
1052 3824 1183 3893 patribus
1197 3828 1323 3888 fatemur
1341 3823 1472 3891 inpense,
1490 3826 1568 3891 quod
1580 3825 1775 3891 praemiorum
1790 3825 1890 3878 ‹liseri-

191 3910 242 3980 qni
259 3911 399 3962 duntaeat
418 3908 447 3960 in
469 3923 500 3960 eo
521 3907 656 3975 consistit,
674 3908 751 3974 quod
767 3924 834 3959 usus
851 3909 979 3978 conjupii
998 3910 1028 3963 in
1053 3910 1130 3963 mina
1144 3910 1302 3964 statuerint.
1321 3907 1451 3963 Ostendit
1464 3909 1515 3963 hoc
1531 3926 1574 3963 res
1588 3908 1656 3979 ipsa.
1677 3907 1890 3980 chrysostomus
1972 3947 1974 3958 ‹

190 3997 250 4052 vita
286 4003 403 4050 baerna
437 4011 493 4047 non
528 3993 566 4047 sit
596 3993 720 4064 amplius
749 3992 896 4047 habiturus
928 3996 1027 4052 locam.
1053 3994 1145 4048 homil.
1159 4000 1200 4049 dl.
1221 3995 1249 4047 in
1265 4000 1286 4050 1.
1300 3994 1424 4049 Corinth.
1441 4002 1469 4049 rt
1486 4004 1583 4051 τοίνυν
1601 3998 1733 4051 ἐντεῦθεν
1749 4018 1890 4070 ratapan-

189 4081 415 4152 Respondemus:
436 4078 562 4133 Christus
582 4081 612 4132 in
630 4096 728 4149 ponere
740 4080 909 4150 pronuntiat,
930 4080 1026 4135 beatos
1054 4077 1198 4153 tironem
1211 4079 1253 4134 bn
1261 4086 1308 4134 καὶ
1319 4080 1348 4134 ln
1357 4085 1483 4153 praelata
1495 4078 1604 4147 πάντες,
1617 4083 1650 4136 οὐ
1664 4077 1767 4143 πάντες
1776 4087 1832 4137 τῶν
1845 4080 1889 4138 ni·

189 4167 251 4223 fore
270 4171 443 4238 laayys‘iove,
463 4165 538 4235 quod
557 4181 612 4218 non
632 4170 739 4219 tantum
756 4170 883 4234 respectu
902 4167 1026 4238 conjugii
1053 4164 1339 4224 raindnaioo'aonrm.
1362 4165 1438 4228 Quid
1449 4184 1516 4236 erpo
1528 4167 1592 4219 hinc
1603 4167 1889 4239 daansmt(qusndo

189 4270 224 4309 ac
244 4252 431 4325 generationis
451 4251 598 4317 desiturae,
618 4250 714 4304 sedin
732 4267 832 4320 genere
851 4250 886 4305 de
903 4253 1026 4321 proprIe·
1053 4251 1195 4320 apostolus
1224 4250 1301 4317 dicit,
1328 4251 1390 4304 alia
1408 4251 1528 4304 claritas
1545 4252 1622 4317 solis,
1643 4254 1704 4306 alio
1722 4253 1808 4306 lunae
1829 4254 1890 4320 etc.)

189 4340 296 4395 tatibus
316 4353 460 4409 corporum
483 4336 668 4407 spiritualium
692 4337 892 4405 accipiendum,
921 4346 952 4391 ut
977 4355 1025 4407 ap·
1055 4336 1139 4398 Quod
1148 4336 1202 4390 etsi
1210 4353 1303 4390 omnes
1312 4336 1368 4389 sint
1377 4338 1407 4390 in
1415 4354 1511 4407 repno,
1521 4356 1577 4392 non
1587 4354 1680 4390 omnes
1690 4345 1782 4391 tamen
1792 4342 1887 4393 eadem

188 4432 312 4497 paretes
325 4422 479 4480 1.Corinth.
494 4429 532 4491 15,
544 4440 569 4475 v.
580 4428 622 4477 44.
643 4423 734 4488 Quare
744 4439 806 4475 cum
815 4422 876 4491 ipsa
883 4421 1027 4492 Scriptura
1052 4429 1251 4489 consequentur
1268 4430 1293 4475 et
1311 4424 1411 4475 iisdem
1423 4425 1567 4489 fruentur.
1598 4421 1762 4478 Ambrosius
1774 4424 1804 4476 in
1817 4441 1886 4479 com·

190 4511 379 4567 diversitatem
397 4508 504 4578 gloriae
517 4508 546 4560 in
561 4508 650 4562 beatis
665 4513 778 4573 statuat,
797 4515 829 4561 ut
847 4509 1025 4575 ostendimus,
1052 4514 1168 4563 menter.
1181 4507 1250 4562 Luc.
1265 4512 1293 4562 6:
1314 4508 1394 4562 Sicut
1408 4509 1729 4576 inerementaoirtutum,
1752 4513 1794 4563 ita
1806 4512 1888 4566 etiam

188 4598 253 4653 ideo
278 4613 333 4650 non
354 4594 546 4665 progredimur
565 4599 642 4649 extra
658 4592 762 4647 Christi
782 4609 909 4663 scopum,
927 4595 951 4648 si
971 4595 1024 4650 hac
1051 4595 1222 4648 incrementa
1238 4601 1304 4645 snm
1317 4594 1523 4663 praemiorum.
1551 4595 1729 4664 Augustinus
1746 4597 1776 4650 in
1796 4596 1887 4652 enchi·

188 4696 301 4753 quoque
336 4680 365 4734 in
400 4685 479 4750 parte
514 4679 604 4734 beatis
631 4675 832 4750 ίσαννελόιητα
861 4679 1023 4735 tribuamus.
1050 4680 1101 4734 rid.
1116 4695 1176 4747 cap.
1197 4684 1260 4735 111:
1286 4680 1322 4732 In
1342 4679 1514 4733 beatitudine
1533 4681 1616 4734 electi
1632 4681 1788 4737 alins‘alio
1802 4700 1888 4753 prae·

189 4766 292 4822 Petrus
311 4764 419 4835 Martyr
437 4763 548 4835 exeipit.
567 4765 618 4817 hoe
632 4767 744 4832 quidem
764 4772 887 4833 tempore
906 4783 964 4820 esse
985 4769 1024 4821 in·
1051 4766 1191 4829 stabilius,
1209 4766 1240 4817 in
1259 4766 1374 4818 miseria
1391 4782 1457 4819 nero
1476 4768 1607 4820 damnati
1617 4768 1693 4821 alius
1706 4769 1765 4824 alio
1784 4770 1887 4824 tolera·

188 4861 232 4906 ter
253 4851 371 4921 anpeloe
382 4852 530 4921 praelucet
548 4852 671 4916 ordines,
691 4852 822 4919 quoniam
834 4851 915 4904 Deus
929 4868 1024 4905 eorum
1052 4850 1136 4904 bilius
1153 4851 1334 4918 permanebit.
1349 4850 1398 4906 lib.
1410 4850 1498 4920 ejusd.
1510 4868 1571 4922 cap.
1589 4858 1651 4908 113:
1668 4854 1799 4909 Manebit
1816 4873 1889 4909 com·

188 4939 345 4992 ministerio
370 4939 413 4990 ad
431 4937 524 4991 orbem
543 4944 569 4988 et
594 4937 740 4989 ecclesiam
757 4938 910 5004 rependam
929 4939 1025 5008 utitur,
1052 4938 1173 4989 munitor
1192 4937 1314 4988 omnium
1334 4936 1392 4989 vita
1410 4945 1527 4990 aeterna
1546 4945 1716 5007 sanctorum,
1735 4923 1889 5011 quamlibet

188 5027 241 5079 sed
258 5024 288 5076 in
307 5024 369 5090 fine
388 5022 488 5076 mundi
501 5022 682 5092 principatus
695 5031 721 5075 et
734 5030 890 5090 potestates
906 5039 964 5076 esse
977 5026 1025 5076 ab·
1052 5023 1187 5076 bonorum
1210 5022 1346 5075 distantia
1370 5025 1548 5078 concorditer
1563 5025 1701 5091 fulgeant.
1728 5025 1793 5085 libr.
1814 5028 1849 5082 de
1868 5045 1889 5082 e.

186 5111 307 5165 alendas
326 5116 347 5165 1.
366 5108 430 5163 Cor.
451 5110 492 5176 lb,
508 5123 533 5160 v.
554 5111 595 5164 24.
628 5105 853 5177 Respondemus:
881 5108 936 5162 Per
961 5109 1024 5163 illos
1051 5107 1202 5178 virginitat.
1227 5124 1288 5177 cap.
1312 5113 1360 5164 26:
1388 5111 1460 5177 Ipsa
1489 5111 1548 5163 nita
1569 5117 1685 5163 aeterna
1704 5114 1758 5166 erit
1776 5115 1890 5183 pariter

180 5197 373 5264 principatus,
388 5200 542 5262 potestates
561 5201 586 5248 et
600 5193 717 5246 virtutes
735 5209 790 5248 non
809 5191 875 5246 boni
893 5192 942 5247 sed
956 5195 1023 5249 mali
1051 5195 1299 5263 omnsbussanctis,
1313 5196 1890 5264 aequalisdenariusomnibusottributus

188 5283 297 5353 angeli,
324 5281 449 5350 adeoque
476 5295 571 5333 omnes
595 5277 675 5349 regni
696 5277 799 5332 Christi
822 5278 916 5333 hostes
942 5281 1099 5349 intel-‚est
1141 5280 1216 5342 Quia
1240 5298 1305 5336 nero
1332 5283 1362 5334 in
1387 5282 1451 5349 ipsa
1470 5283 1528 5335 vita
1547 5291 1662 5336 aeterna
1680 5285 1812 5339 distincte
1829 5287 1888 5351 ful·

185 5368 325 5440 ligantur,
343 5372 376 5420 ut
393 5374 511 5437 apparet
529 5381 562 5419 cx
581 5369 724 5431 contextu,
742 5369 933 5436 αίιιολονικώς
952 5366 1023 5420 enim
1049 5367 1151 5434 polum
1175 5367 1283 5420 lumina
1306 5368 1483 5435 meritorum,
1512 5369 1616 5421 multae
1642 5377 1707 5422 sarit
1729 5373 1888 5426 mansiones

187 5452 376 5523 subjungitur,
390 5442 499 5521 oportet
511 5467 571 5503 eam
584 5466 713 5519 regnare,
729 5451 817 5504 donec
826 5459 918 5518 ponat
930 5470 1023 5505 omnes
1050 5455 1131 5522 apud
1154 5453 1286 5516 Patrem,
1311 5470 1344 5506 ac
1363 5471 1418 5522 per
1441 5453 1493 5507 hoc
1512 5455 1542 5507 in
1563 5456 1683 5510 denario
1700 5459 1815 5525 quidem
1832 5474 1886 5512 non

186 5538 316 5592 inimicos
337 5538 388 5590 sub
407 5537 529 5605 pedibus
550 5537 618 5589 suis.
658 5535 761 5591 Sensus
780 5534 940 5607 igiturest,
961 5539 1159 5608 cumimpari
1179 5558 1234 5595 non
1256 5541 1328 5596 os'uet
1355 5539 1431 5594 alius
1455 5540 1515 5595 alio
1531 5542 1680 5609 prolixius.
1707 5541 1770 5600 libr.
1792 5550 1833 5602 22.
1852 5544 1887 5599 de
