4012 6022
216 263 273 320 no
851 236 1080 313 munuae
1100 241 1264 312 sunaus

212 411 360 466 ordinibus
380 408 410 462 in
429 414 536 460 terram
554 423 583 459 se
598 406 793 477 fundentibus,
815 408 931 476 increper
949 416 1041 462 autem
1067 428 1129 464 mea
1152 407 1315 478 concupiuit.
1349 402 1472 471 Judica,
1493 405 1599 476 judica
1623 407 1804 479 emansisse,
1832 426 1899 480 quae

211 505 237 550 et
257 495 417 561 Cbcrubim,
443 492 532 546 multa
549 508 615 547 uero
631 502 694 546 sunt
719 493 787 547 baec
812 501 840 546 et
863 493 987 560 infinita,
1014 502 1041 548 et
1066 496 1144 549 niam
1172 511 1252 563 quern
1279 500 1310 546 ta
1336 493 1468 561 dipnmus
1493 509 1523 547 es
1546 501 1623 548 tanto
1647 497 1743 564 pretio
1765 496 1898 565 liberare,

213 584 364 652 Seraphim
381 582 410 634 ia
431 580 486 634 illa
503 579 645 649 ineffabili
661 580 757 649 pluria
774 581 837 649 ipso
855 581 977 634 ueniente
995 598 1038 636 oc·
1065 583 1125 650 ipsc
1143 581 1213 634 mibi
1228 596 1258 634 se
1272 581 1452 649 postmodum
1474 579 1564 633 uoluit
1588 581 1725 651 oblipare.
1760 598 1841 640 emm.
1858 589 1899 639 bt.

211 671 383 728 armantibus
401 669 463 735 bes,
489 667 537 735 qui
552 666 676 720 vanains
694 675 719 719 et
742 668 772 719 ia
792 667 913 720 medium
939 667 1040 721 electos
1066 667 1101 722 de
1117 672 1216 735 temp:
1232 667 1268 720 In
1287 667 1335 719 die
1353 665 1408 720 e‘lla
1424 666 1478 720 erit
1490 667 1575 736 fletus
1593 674 1621 721 et
1637 669 1747 723 stridor
1763 669 1899 733 ameum

211 766 295 829 operit
313 764 362 810 etc.
389 751 481 807 homil.
500 756 541 807 22.
559 751 594 805 ed
612 751 724 822 popul:
750 751 819 806 Vide
836 770 892 807 non
913 753 1039 806 indutum
1065 755 1119 807 erit
1146 753 1273 806 ululatus
1301 761 1328 806 et
1352 753 1517 809 lamentatio
1545 762 1571 808 et
1599 756 1687 809 tarda
1712 755 1899 824 poenioeatia.

210 853 281 899 ueste
300 840 426 910 nuptiali
446 856 478 891 es
495 838 625 907 sponsali
642 839 724 890 domo
744 839 888 908 expulerim
912 846 938 893 et
955 840 1039 893 nemi·
1066 839 1111 891 Ibi
1136 839 1314 892 maacbmstur
1345 839 1533 902 fundamenta
1566 841 1700 895 montium
1729 849 1757 896 et
1785 841 1899 895 ardebit

211 948 272 985 nem
288 945 343 998 pro
362 929 424 998 ipso
446 925 675 987 intercedentem,-
702 924 768 977 uide
786 924 921 978 talentum
938 924 1038 977 baben·
1064 934 1141 978 terra
1159 941 1246 993 usque
1264 927 1306 978 ad
1323 925 1431 992 inferos
1450 927 1595 994 deorsum,
1618 929 1733 995 quando
1761 927 1837 982 caeli
1853 945 1900 983 ar·

210 1027 262 1071 torn
283 1015 419 1069 creditum
440 1019 466 1065 et
483 1028 538 1064 non
564 1011 749 1078 nepotiantem
773 1019 799 1064 et
823 1011 962 1079 quomodo
986 1027 1039 1078 pro
1065 1014 1160 1066 euntes
1182 1011 1338 1080 salsentur,
1366 1012 1482 1081 quando
1505 1011 1622 1067 uiuum
1647 1013 1787 1068 coelorum
1811 1030 1900 1070 mass

209 1105 259 1157 illo
279 1100 427 1155 intercedit
443 1113 538 1165 nemo,·
566 1097 675 1165 respice
694 1097 765 1150 milri
776 1097 898 1166 quinque
916 1096 1038 1165 sirpincs
1065 1099 1166 1152 buntur
1183 1103 1235 1153 etc.
1275 1097 1328 1151 Ubi
1342 1113 1371 1151 se
1398 1105 1464 1152 tuac
1487 1098 1570 1167 impii
1591 1099 1747 1153 ridebunt!
1774 1099 1827 1154 sbi
1847 1102 1901 1155 ad·

210 1189 338 1242 occlusas
358 1193 384 1238 et
403 1184 535 1252 aequales
557 1200 615 1251 pro
633 1183 704 1252 ipsis
719 1201 776 1237 non
798 1184 968 1250 deprecatae
986 1187 1039 1235 stc.
1064 1184 1157 1252 selim,
1176 1184 1225 1238 ubi
1234 1184 1345 1248 ebriosi,
1359 1184 1408 1238 ubi
1425 1184 1559 1238 maledici
1574 1201 1604 1240 se
1616 1187 1837 1255 recopnoscenti
1854 1187 1902 1241 sebi

209 1275 287 1345 epist.
302 1281 325 1329 5.
345 1271 381 1325 sd
402 1265 578 1324 Theodorum
595 1269 704 1339 lapsum
723 1275 787 1323 tom.
807 1273 836 1322 2:
871 1269 950 1321 Tunc
975 1283 1039 1335 ape·
1065 1278 1205 1324 ummores
1214 1270 1352 1334 lusoriae,
1370 1271 1420 1324 ubi
1426 1278 1570 1340 raptores,
1587 1271 1637 1324 ubi
1647 1272 1762 1342 superbi
1769 1272 1902 1328 etimidi

208 1363 317 1414 rieutur
338 1374 431 1412 omnes
451 1356 608 1410 coelestium
633 1356 817 1423 sastipiorum
835 1361 950 1422 portae,
974 1361 1039 1406 tunc
1065 1358 1262 1426 apparebunt!
1305 1357 1381 1420 Quid
1406 1357 1538 1422 infelices
1564 1374 1621 1428 pro
1651 1375 1705 1412 sua
1734 1359 1902 1424 &feneitas

208 1447 303 1501 anania
323 1453 436 1512 stupore
456 1444 587 1508 conferta
605 1448 687 1494 erunt
715 1448 739 1495 et
757 1441 875 1494 borrore
898 1447 924 1493 ct
950 1446 1038 1503 metu‚·
1066 1444 1170 1497 dicturi
1186 1452 1262 1512 sunt,
1291 1460 1362 1513 quos
1379 1444 1460 1498 toties
1477 1444 1636 1498 admonitas
1653 1451 1681 1497 et
1698 1452 1791 1500 tamen
1808 1446 1900 1519 iaspa-

207 1543 265 1587 tum
283 1533 365 1586 etiam
378 1531 495 1600 anpelos
508 1530 605 1598 inpens
620 1535 706 1581 maus
718 1527 872 1596 occupabit,
887 1532 1039 1595 propterea
1064 1539 1141 1583 ratos
1159 1531 1221 1585 dies
1238 1530 1292 1584 illa
1312 1530 1469 1599 repererit?
1487 1538 1540 1585 etc.
1581 1546 1661 1584 serni
1682 1536 1725 1589 ot.
1745 1530 1782 1587 de
1799 1538 1900 1604 temp:

207 1621 284 1690 quod
303 1618 430 1673 conserui
442 1616 587 1686 judicium
603 1614 726 1669 subituri
740 1621 804 1667 sunt
823 1615 858 1666 de
876 1619 995 1682 parada
1008 1613 1038 1664 ia
1067 1615 1143 1678 Quid
1157 1617 1305 1683 faciemus,
1331 1616 1485 1684 cmissimi,
1504 1616 1534 1669 ia
1555 1616 1607 1672 illo
1625 1619 1772 1672 maumas
1789 1618 1903 1687 judieii

207 1709 310 1760 mundo
327 1705 385 1758 uita
402 1711 453 1758 etc.
488 1701 580 1756 homil.
605 1705 645 1755 38.
665 1700 694 1754 in
713 1698 790 1754 tob:
817 1700 884 1753 Non
902 1699 932 1752 in
953 1715 1038 1767 prae·
1065 1703 1125 1767 dic,
1150 1721 1212 1756 curn
1235 1710 1366 1767 tremente
1388 1704 1491 1756 mundo
1510 1701 1651 1758 Dominus
1669 1703 1901 1772 praecinentibus

206 1795 280 1848 senti
297 1792 356 1846 uita
375 1790 441 1855 finis
452 1789 531 1842 nobis
541 1794 589 1852 est,
608 1786 798 1853 formidoloso
809 1785 926 1854 judicia
941 1785 1037 1838 aderi-
1064 1788 1228 1856 appulorum
1251 1788 1373 1842 baccinis
1402 1789 1431 1842 in
1455 1789 1507 1843 illo
1531 1790 1689 1859 majestatis
1708 1807 1779 1846 sesae
1800 1790 1901 1847 sauss

206 1898 267 1933 mess
285 1884 334 1933 etc.
371 1877 433 1929 Hoc
444 1874 591 1944 judiciam
608 1888 719 1941 semper
729 1887 805 1940 prae
826 1871 917 1925 caelis
933 1871 1038 1925 babea-
1064 1874 1254 1928 circumdatus
1271 1875 1396 1929 coelestis
1414 1874 1534 1931 insidiae
1553 1875 1615 1929 luce
1630 1876 1789 1931 consederit
1807 1876 1901 1947 ibique

205 1985 280 2031 mus,
308 1967 349 2018 ita
376 1979 486 2032 semper
511 1959 610 2014 uirtuti
638 1975 741 2013 uacare
763 1957 927 2027 poterimus.
961 1956 1038 2010 Nam
1065 1962 1099 2014 de
1118 1968 1212 2014 terrae
1228 1959 1333 2027 prendo
1361 1967 1387 2013 et
1412 1961 1528 2029 antiqua
1547 1961 1668 2029 puluere
1690 1963 1828 2017 mcitato
1851 1963 1900 2018 lese·

206 2056 278 2108 sicut
297 2052 346 2122 qui
364 2050 423 2103 diei
440 2048 521 2103 illias
540 2045 720 2113 obliviscitur,
739 2051 873 2113 tanquam
890 2045 975 2107 freno
987 2042 1038 2095 ab·
1064 2065 1147 2100 mano
1162 2063 1278 2117 penore,
1296 2048 1427 2101 adesam
1450 2047 1607 2103 epitimio
1630 2048 1820 2105 nominum
1841 2051 1899 2105 η’».

201 2142 278 2210 jecto
304 2139 334 2190 in
356 2135 557 2205 praecipitium
579 2133 686 2198 fatur,
714 2130 757 2183 ita
784 2146 865 2199 piem
891 2128 1038 2184 continuus
1063 2133 1201 2201 puleium,
1213 2133 1318 2202 positis
1334 2133 1522 2203 inconspectu
1535 2141 1716 2203 peccatorum
1732 2135 1900 2206 poens'eju·

206 2227 250 2279 bic
269 2221 400 2293 percellit
419 2220 517 2283 timor,
541 2219 664 2272 modeste
681 2215 756 2269 aiam
773 2216 889 2269 uiuendi
912 2216 1037 2283 inpredi-
1062 2227 1221 2290 statumque
1235 2222 1389 2290 praemiis,
1413 2222 1553 2275 rationem
1569 2219 1643 2275 uitae
1661 2223 1786 2290 coeperit
1801 2230 1900 2295 postu-

205 2321 260 2367 tur.
296 2307 416 2362 Basilius
436 2302 617 2362 seleuciensis
635 2301 664 2355 in
684 2306 752 2355 orat.
771 2299 941 2370 dsssnsfig,
958 2300 1036 2356 chri·
1062 2306 1125 2360 lare
1143 2315 1171 2360 et
1184 2306 1253 2376 plus
1272 2306 1339 2376 jara
1358 2307 1453 2375 iustus
1472 2324 1556 2376 quam
1575 2308 1733 2363 misericors
1749 2310 1900 2365 seruasse

205 2397 255 2452 eti:
292 2393 517 2463 strepentium
535 2407 591 2443 non
607 2388 729 2453 serinms
749 2386 882 2455 mans
908 2404 1035 2441 carruca
1056 2392 1167 2459 judicis
1186 2399 1338 2447 contemtos
1355 2393 1569 2449 misericordiae
1585 2410 1651 2448 reos
1669 2394 1794 2465 coeperit
1818 2412 1900 2452 amu·

205 2486 312 2547 donem,
333 2483 386 2534 sed
402 2496 438 2533 ea
454 2496 522 2549 eum,
541 2475 592 2546 qui
606 2474 702 2538 ceruit,
719 2473 874 2527 inbumum
888 2489 972 2542 saepe
988 2475 1035 2527 de·
1061 2495 1126 2532 sare
1143 2487 1170 2532 et
1189 2481 1297 2534 dicere:
1327 2481 1392 2549 Epo
1408 2488 1445 2549 te,
1473 2481 1602 2549 oborto,
1624 2483 1661 2535 de
1675 2480 1744 2535 limo
1765 2483 1899 2539 mamilae

199 2570 276 2641 jieit,
300 2569 370 2638 quid
386 2565 489 2620 deserit
507 2561 647 2632 quispiam
665 2560 831 2615 exorientem
851 2575 913 2614 erun
929 2560 1035 2624 uidens,
1062 2563 1129 2618 meis
1141 2565 1214 2631 feci,
1231 2582 1283 2635 epo
1303 2568 1421 2619 terrenis
1440 2566 1556 2620 artubres
1572 2566 1672 2632 infudi
1690 2567 1827 2636 spiritum
1844 2574 1899 2630 etc.

206 2658 255 2727 qui
277 2654 431 2721 sulpuratt
462 2651 575 2720 wando
604 2649 711 2702 sonitus
740 2647 871 2701 tubarum
901 2647 1036 2699 vocabant
1061 2652 1239 2705 irridentium
1259 2652 1375 2721 palmas
1399 2660 1426 2705 et
1448 2659 1531 2721 sputa
1555 2653 1680 2721 muccpi,
1704 2661 1813 2709 aedem
1837 2673 1898 2713 osen

205 2750 328 2798 mutuos
346 2756 361 2793 e
377 2738 523 2807 sepulcris,
546 2736 661 2805 quando
679 2742 842 2804 rumpentur
858 2749 962 2804 capsae
979 2750 1035 2786 mo·
1061 2737 1131 2799 felle
1149 2738 1212 2805 bibi,
1232 2739 1355 2807 depellis
1373 2728 1625 2808 caesus,'oeprilus
1639 2747 1802 2808 coronatus,
1820 2744 1899 2798 cruci

204 2835 397 2884 momentorum
410 2825 517 2878 mactas
529 2824 687 2885 emittentes,
707 2822 822 2889 quando
834 2819 1035 2888 iudicabuntur
1062 2825 1174 2893 assidue,
1192 2824 1307 2878 uulnere
1317 2827 1474 2894 perfertur,
1495 2832 1525 2878 ut
1537 2833 1567 2878 su
1579 2825 1731 2895 eripereris
1744 2827 1834 2882 morti
1845 2833 1897 2884 ste.

76 2915 348 2987 m.eos.proposita
363 2914 446 2979 facta
463 2918 489 2963 et
507 2909 717 2979 capitanata!
751 2906 927 2977 Augustinus
946 2904 993 2961 lib.
1010 2911 1034 2959 6.
1062 2929 1111 2964 cur
1120 2912 1196 2980 quod
1203 2928 1258 2980 pro
1266 2918 1292 2963 te
1298 2911 1413 2980 pertuli,
1419 2911 1597 2980 perdidisti!
1612 2929 1662 2965 cur
1670 2913 1897 2982 inproteredsm·

203 3001 318 3057 confess.
338 3015 362 3053 c.
381 3003 412 3053 6:
432 2998 498 3051 Non
516 3010 559 3049 me
576 2993 726 3049 reuocabat
747 3010 766 3045 a
781 2993 974 3061 profundiore
989 3008 1034 3043 oo·
1060 2998 1146 3051 pionis
1162 3005 1227 3050 suae
1244 3013 1362 3051 munera
1386 2998 1528 3052 resumit
1562 3013 1642 3052 serm,
1666 3003 1723 3054 120,
1741 2999 1777 3056 αθ
1796 3005 1898 3072 impp

205 3090 343 3157 luptatum
366 3083 526 3139 carnalium
550 3081 660 3151 purpite
684 3078 743 3132 nisi
768 3085 857 3132 metus
882 3078 981 3131 mortis
1008 3084 1035 3130 et
1061 3083 1275 3138 Inremediabile
1295 3084 1451 3152 periculum
1482 3091 1538 3151 uss,
1562 3084 1602 3137 sic
1627 3084 1750 3153 abfqm
1771 3086 1849 3140 m
1870 3094 1897 3142 4

202 3175 299 3243 futuri
317 3171 430 3242 judicii.
467 3169 545 3240 epist.
565 3173 593 3223 ³:
621 3167 737 3235 Semper
755 3173 818 3219 ante
838 3166 932 3220 oculos
946 3180 1035 3217 uerse-
1061 3170 1262 3240 cupiditatibus
1279 3171 1366 3236 frena
1386 3169 1495 3236 lauare,
1512 3177 1543 3222 ut
1562 3171 1701 3225 rationum
1714 3173 1778 3226 Deo
1798 3180 1897 3229 sem

205 3271 251 3316 tur
268 3261 383 3315 ultimus
403 3257 526 3311 diesctc.
543 3255 586 3307 ita
604 3252 744 3315 facillime
760 3251 918 3321 poterimus
932 3268 1035 3318 carew
1063 3257 1217 3310 meminerit
1234 3256 1422 3311 redditurum.
1457 3256 1531 3310 Puto
1551 3259 1629 3326 quod
1644 3274 1748 3325 mapsa
1773 3258 1812 3313 eit
1830 3259 1897 3328 jam

204 3356 327 3403 nostrum
345 3365 364 3400 a
381 3344 457 3398 uitiis
475 3349 500 3395 et
515 3338 747 3407 concupiscentiis
765 3338 924 3403 rsp‘renare.
945 3336 993 3391 lib.
1010 3342 1034 3393 3.
1061 3343 1171 3411 peccati
1187 3358 1297 3411 poena,
1320 3349 1419 3397 metum
1436 3360 1471 3396 ac
1500 3343 1663 3397 memoriam
1682 3343 1780 3408 secturi
1800 3346 1896 3414 perdi·

205 3438 239 3490 de
258 3432 361 3506 symb.:
392 3432 490 3484 Judec
508 3428 559 3481 ille
577 3443 626 3480 nec
644 3425 740 3496 pratia
756 3424 962 3493 praevenietur,
986 3440 1035 3477 nec
1063 3429 1138 3483 disse
1149 3429 1266 3498 judicii,
1295 3428 1397 3483 Petrus
1415 3428 1604 3501 chrysologus
1624 3445 1702 3485 serm.
1720 3435 1767 3487 bis
1786 3429 1823 3485 ss·
1839 3449 1896 3488 m·

206 3519 403 3577 misericordia
418 3518 554 3586 flectetur,
574 3529 624 3566 nec
634 3510 757 3581 pecunia
769 3517 969 3579 camurspelur,
987 3527 1037 3562 nec
1063 3516 1155 3569 dimus
1177 3523 1324 3569 uenturum
1346 3515 1492 3585 judicem,
1529 3515 1690 3570 innocentes
1712 3517 1814 3584 judici
1843 3535 1895 3575 aas

204 3608 399 3675 satisfactione
425 3611 473 3656 aut
490 3598 664 3671 poenitentia
695 3596 876 3665 nsitipabitur.
913 3593 1037 3648 Cassabit
1058 3618 1264 3671 praeparemus
1270 3622 1282 3670 ,·
1295 3601 1426 3670 judicem
1442 3609 1526 3668 nepot
1535 3617 1601 3669 esse,
1618 3602 1753 3656 aduenire
1768 3618 1895 3659 naam

205 3703 269 3747 tunc
287 3689 484 3746 misericordia
501 3687 637 3741 stlocum
664 3682 774 3736 babebis
795 3681 920 3751 justitia.
955 3698 1034 3736 serm.
1062 3689 1119 3756 dis,
1140 3689 1332 3757 judicandum
1349 3703 1379 3741 ει
1397 3687 1468 3740 satis
1485 3686 1539 3740 isse
1558 3685 1678 3755 diffidis,
1696 3687 1746 3757 qui
1762 3688 1840 3744 ,Μὴ
1854 3691 1895 3745 „42

205 3788 228 3836 4.
248 3780 282 3833 de
301 3785 398 3847 temp:
430 3777 619 3842 Easpectatior
638 3769 699 3822 dies
723 3768 840 3837 judicii,
864 3767 958 3821 aderit
986 3768 1036 3821 ille
1060 3777 1107 3828 uit.
1143 3773 1287 3829 Caesetius
1306 3772 1400 3827 homil.
1420 3777 1467 3828 27:
1498 3772 1599 3825 Prima
1617 3772 1671 3826 erit
1688 3772 1719 3826 in
1742 3789 1808 3827 reas
1825 3775 1895 3832 iato-

204 3867 389 3935 aoquissimus
406 3863 506 3930 judee,
530 3860 581 3928 qui
601 3856 710 3910 nullius
734 3855 860 3923 potentis
880 3870 1034 3922 percussum
1061 3862 1182 3915 leraada
1199 3860 1335 3916 sonantia
1354 3859 1572 3913 reverendarum
1594 3859 1761 3927 praeseutia
1783 3861 1896 3917 douai·

205 3952 336 4021 accipiet,
362 3950 442 4017 cujus
466 3946 608 4013 palatium
641 3958 713 3995 auro
740 3941 782 3994 uel
811 3947 927 4009 arpenta
954 3956 1033 3992 nenio
1061 3964 1129 4001 mm,
1186 3945 1263 4009 Qum
1291 3945 1379 4015 §piene
1409 3944 1461 3998 illo
1495 3952 1617 4014 tempore
1651 3945 1763 4009 facturi
1795 3964 1898 4022 mmai,

203 4044 362 4106 corrumpet
369 4055 380 4103 ;
410 4031 559 4086 asstabant
591 4045 684 4083 omnes
712 4027 837 4095 animae,
867 4033 898 4079 ut
925 4029 1034 4092 referat
1061 4034 1174 4103 quando
1194 4041 1293 4086 contra
1311 4031 1394 4086 illius
1415 4030 1545 4095 crucifici
1557 4030 1679 4084 Domini
1698 4030 1898 4091 liooresnotae

203 4137 386 4196 iunaquaequs
404 4119 555 4174 secundum
573 4133 615 4179 ea,
640 4131 713 4183 quae
733 4130 908 4182 percorpus
933 4114 1033 4182 passim
1057 4128 1238 4189 peccatoram
1261 4126 1421 4172 nostrorum
1446 4123 1472 4169 et
1498 4115 1627 4171 maculae
1655 4116 1807 4172 libidinum
1831 4136 1898 4190 pro·

199 4211 382 4282 praestoerit
395 4204 577 4260 aduersarius
590 4200 729 4264 diabolus,
749 4199 1034 4253 recitabunturuerba
1059 4208 1207 4272 ferentur!
1236 4213 1286 4258 ant
1311 4220 1365 4273 quo
1387 4208 1476 4272 putas
1498 4203 1577 4257 oum
1601 4203 1733 4274 respiciet
1758 4207 1897 4267 redemtio

200 4297 392 4370 Pr‘Jfssiilmn’⁸
409 4300 533 4360 “miraei
559 4297 585 4342 ⁶⁶
602 4288 630 4341 ⁸⁸¹
646 4287 713 4340 mlii
739 4285 830 4350 futili
848 4284 979 4353 ww,
1003 4293 1034 4337 αἱ
1060 4302 1158 4348 nostra
1167 4291 1358 4362 perditionem
1370 4291 1519 4342 nostram!
1538 4289 1657 4342 Tantum
1666 4291 1897 4359 prasioraeruat

204 4387 312 4440 debitor
328 4401 361 4438 ec
378 4383 431 4435 bac
449 4380 509 4433 cita
525 4376 640 4445 mipret,
667 4371 812 4425 occultabit
832 4370 883 4424 ille
901 4373 1033 4424 aduersa·
1060 4383 1182 4435 humana
1206 4379 1325 4444 delicta,
1358 4384 1491 4447 wantum
1516 4377 1630 4446 wora
1662 4394 1693 4431 se
1721 4379 1896 4435 ostendesint

201 4473 262 4525 rius
280 4473 309 4524 in
327 4474 475 4539 conspectu
491 4460 665 4518 serenissimi
680 4458 793 4527 iudicis,
812 4457 986 4525 superiorem
1003 4476 1033 4511 se
1060 4470 1159 4523 divim
1177 4466 1309 4536 beneficia
1327 4471 1380 4522 etp,

202 4575 261 4611 esse
280 4558 443 4609 declamans
461 4565 599 4620 apensque
618 4547 703 4601 talem
721 4562 837 4599 causam
857 4546 937 4613 apud
956 4544 1033 4596 Obri-

202 4652 276 4697 stum
286 4642 430 4710 judicem:
462 4635 637 4708 Aequissima
658 4634 751 4702 judea
779 4630 896 4700 judica5
922 4632 1034 4698 justitia

202 4738 228 4783 et
248 4728 390 4798 judiciam
410 4723 598 4794 praeparatio
615 4721 691 4774 sedis
709 4728 786 4787 tuae,
809 4719 925 4787 judica,
944 4736 1033 4772 meum
1094 4726 1213 4794 Felices,
1233 4741 1302 4793 quos
1319 4722 1402 4776 nulla
1420 4729 1540 4789 prorant
1559 4723 1595 4774 de
1613 4727 1701 4776 morte
1718 4725 1847 4781 secunda

203 4831 269 4880 esse,
289 4814 339 4882 qui
355 4821 419 4865 tuus
431 4826 489 4865 esse
500 4810 606 4870 noluit,·
624 4822 701 4859 meas
713 4813 763 4876 cst,
783 4821 886 4858 mecum
896 4800 1046 4879 claranum,
1128 4814 1187 4867 Neo
1204 4811 1315 4876 faciunt
1330 4809 1430 4877 poenis
1447 4808 1560 4862 subdia
1579 4809 1702 4862 membra
1714 4809 1806 4879 seris,

202 4905 256 4956 dus
275 4909 324 4955 est.
359 4899 428 4951 Post
445 4895 680 4950 renuntiationem
697 4900 727 4944 ut
745 4892 815 4960 qaid
832 4890 935 4944 inuasit
958 4886 1046 4959 pan-³
1095 4897 1233 4952 Dulcibus
1251 4894 1390 4948 illecabris
1409 4894 1459 4964 qni
1472 4912 1528 4948 non
1541 4893 1597 4948 sibi
1613 4894 1709 4948 condit
1727 4912 1860 4952 amarum

201 5007 253 5043 nos
269 4989 365 5041 meos!
403 4983 479 5046 stid
504 4983 584 5052 apud
606 4998 667 5034 cum
693 4978 872 5049 impudicitia
893 4952 1045 5067 faciebat}
1126 4985 1186 5038 Nec
1202 4998 1256 5050 per
1273 4996 1385 5034 carnem
1406 4979 1530 5034 animam
1545 4980 1603 5033 ault
1620 4981 1740 5049 sepelire
1757 4999 1849 5038 suam

202 5077 249 5130 cui
272 5075 332 5144 ipse
352 5071 585 5127 renuntiaverat!
611 5069 681 5137 quid
705 5067 938 5134 intemperantia,
963 5067 1032 5132 quid
1043 5070 1045 5161 p
1093 5068 1211 5137 insultu,
1229 5067 1356 5135 quisquis
1373 5066 1524 5121 mundonis
1542 5067 1649 5121 antibus
1667 5083 1735 5119 usne

202 5162 334 5227 auaritia,
353 5160 423 5229 qnid
441 5159 497 5227 ira,
513 5156 583 5226 quid
599 5154 741 5224 superbia,
759 5152 828 5221 quid
845 5161 937 5207 cetera
951 5154 1045 5231 nscaip
1126 5156 1197 5208 Arte
1213 5155 1409 5207 Redemtorem
1426 5168 1457 5206 se
1473 5153 1621 5222 laqsseasse
1635 5154 1736 5208 studet.

200 5249 345 5301 Postremo
364 5245 528 5315 aequissime
547 5244 707 5313 sapientem
724 5259 742 5294 a
760 5257 803 5293 me
825 5238 1045 5306 consapientcm:
1092 5241 1219 5295 Nubibus
1239 5241 1360 5293 insectus
1378 5239 1561 5293 cumvenerit
1581 5241 1687 5295 arbiter
1706 5240 1784 5295 orbis

201 5337 242 5387 ad
260 5343 299 5404 te,
321 5342 424 5402 postea
444 5350 504 5385 cum
524 5333 601 5395 meis,
618 5331 717 5400 quibus
737 5327 953 5394 renuntiaverat,
980 5344 1045 5407 “P'i
1127 5329 1167 5381 Et
1186 5327 1253 5380 tuba
1271 5327 1408 5382 terribilis
1426 5334 1575 5380 commouet
1593 5344 1675 5382 arma
1693 5327 1758 5396 poli
1773 5334 1828 5384 etc.

198 5421 353 5487 prehendi,
373 5422 530 5474 invasorem
551 5419 673 5481 detinui,
697 5416 810 5485 inipso
826 5410 1045 5483 quodammodo}
1095 5415 1174 5467 Tunc
1194 5414 1235 5468 ibi
1250 5415 1313 5483 quis
1331 5421 1424 5468 terror
1441 5413 1514 5466 coeli
1531 5414 1678 5469 assistente
1695 5415 1818 5469 senates?

204 5521 264 5559 mea
275 5507 452 5575 possessione
468 5507 657 5578 apprehensus
675 5512 723 5558 est.
758 5504 842 5557 Meus
861 5498 1045 5567 essevoluit‚'
1130 5498 1210 5562 Quid
1230 5503 1358 5556 dicturae
1376 5499 1488 5554 animae
1499 5501 1610 5570 judirs's
1627 5500 1658 5554 in
1677 5498 1777 5577 faciei

1094 4590 1262 4644 Fortunatus
1280 4586 1324 4642 lib.
1345 4592 1371 4644 4.
1391 4585 1517 4640 carmin:
