4050 6014
606 272 659 328 DE
676 271 861 329 ΕΧΤΒΕΜΟ
881 270 1042 330 JUDIOIO.
1609 279 1666 336 115

72 430 171 485 temone
189 429 331 483 Romanus
350 427 397 483 lib.
411 434 435 484 9.
453 427 649 500 recognition:
672 429 752 484 Sicut
769 430 815 484 eol
839 428 1025 495 eiccobuntar,
1042 435 1068 480 et
1085 434 1183 481 contra
1200 442 1295 481 rerum
1313 433 1446 480 aduram
1464 432 1606 480 coneumto
1624 426 1668 479 di·

72 535 74 550 ’
99 515 200 570 stellae
223 515 374 584 opmdore
404 514 450 568 eui
477 515 604 582 sulporie
633 515 762 569 obtundit
788 523 816 570 et
839 514 942 568 oinitue
961 514 1074 568 humore
1093 514 1257 568 ariditatem
1281 513 1312 566 in
1337 512 1419 582 aquic
1444 512 1518 580 ipnie
1542 511 1669 580 operabi-

72 601 106 666 a,
125 601 168 655 ita
185 610 211 655 et
228 618 305 655 mene
319 618 374 671 per
393 600 527 654 scientiae
545 600 632 655 lucem
645 618 739 655 omnee
751 619 814 656 con·
839 603 907 654 turt
931 602 1045 670 quando
1060 608 1224 673 peccatores
1243 601 1336 654 dicem
1353 599 1500 664 montibue,
1519 599 1614 654 cadite
1626 615 1670 652 eu·

72 687 167 743 entiae
189 689 302 742 animae
329 689 490 752 inefficaces
514 689 625 753 reddit,
648 690 746 753 futuri
765 688 814 757 ju·
837 703 889 755 per
903 688 975 742 noe!
994 693 1046 742 ete.

72 775 231 829 montorium
252 782 385 843 tanquam
404 774 504 827 radiae
521 791 586 827 euoe
606 775 746 840 emittene,
771 775 814 827 ita
873 786 1024 860 Gregoriu,
1042 787 1237 846 Nazianzenu,
1253 787 1338 861 jgmh
1361 793 1404 844 lq,

99 877 242 932 apparere
270 861 382 930 quidem
409 859 487 912 ultra
506 858 545 913 'in
574 860 671 912 anima
704 867 813 929 queam.

114 945 145 1000 in
164 962 263 1001 comm.
289 945 394 999 Peelm.
416 949 462 999 33:
494 944 616 1015 Beatue,
639 946 690 1013 qui
711 946 741 998 in
766 945 813 998 die
906 944 982 999 Nam
1001 944 1183 998 dormientem
1201 944 1341 999 metabor
1355 941 1457 1012 punpit
1476 955 1592 1010 quoque,

72 1033 96 1104 i,
115 1035 233 1103 wado
249 1033 357 1085 uenerit
375 1033 515 1085 Dominae
534 1034 575 1084 ad
594 1031 813 1086 illuminandum
906 1029 951 1083 Ac
970 1031 997 1084 ei
1013 1030 1125 1098 eoporie
1142 1029 1289 1099 quidpiam
1307 1030 1399 1098 capio,
1416 1044 1504 1095 pomo.

72 1118 146 1173 edita
162 1119 340 1173 tenebrarum
356 1125 382 1170 et
400 1117 585 1182 manifestare
608 1117 730 1172 coneilio
752 1134 812 1171 cor·
906 1116 982 1169 Nam
999 1123 1110 1184 epectra
1131 1115 1219 1170 noctie
1236 1132 1355 1184 aepaae
1372 1122 1472 1168 metum
1489 1114 1619 1182 afferunt,

92 1221 179 1260 aeteae
199 1206 254 1260 erit
273 1206 324 1259 eub
344 1205 405 1259 luce
422 1205 477 1258 illa
494 1206 724 1273 redarputionum
749 1223 813 1259 con·
909 1202 1046 1272 Oeneura,
1059 1203 1160 1272 judea,
1176 1202 1270 1268 etalio,
1289 1203 1334 1255 eui
1351 1218 1441 1259 comer
1460 1207 1571 1255 tremor.

72 1291 301 1362 rintrepidueque
316 1309 350 1345 ac
360 1292 420 1344 eine
428 1291 597 1344 verecundia
616 1292 812 1346 conscientiam
908 1289 984 1343 Hinc
1001 1292 1068 1356 fone
1084 1291 1218 1359 perennia
1237 1289 1357 1344 attane
1370 1286 1513 1358 flammae,
1531 1284 1635 1357 impiae

72 1378 231 1432 numatam
254 1394 290 1430 ac
306 1396 325 1431 a
346 1376 423 1431 aitiie
441 1378 560 1432 liberam
582 1392 657 1447 prae
675 1393 704 1430 ee
730 1381 812 1444 ieret.
909 1375 977 1428 Sine
995 1376 1050 1440 fine
1064 1384 1166 1430 amedee
1182 1376 1283 1430 uermie
1302 1375 1367 1429 hinc
1385 1392 1480 1431 morae
1493 1381 1601 1444 petene,

72 1479 122 1519 era
138 1464 213 1519 male
231 1464 364 1532 fecerint,
380 1463 410 1516 in
426 1463 565 1532 probrum
577 1472 603 1518 et
615 1464 813 1518 enecandiam
907 1461 987 1514 Haec
1004 1462 1077 1515 inter
1093 1463 1204 1516 animae
1223 1461 1360 1531 coracina,
1377 1460 1485 1515 ecelera
1505 1475 1627 1530 arquene

72 1555 135 1615 mi,
152 1550 183 1604 in
202 1566 232 1602 ee
249 1550 320 1619 ipeeie
332 1548 537 1618 turpitudinem
552 1558 578 1604 et
588 1551 700 1614 formae
708 1566 813 1614 eorum,
911 1546 975 1601 utto
994 1548 1097 1618 abeqree
1114 1549 1219 1617 ecrrpco
1234 1553 1286 1606 ete.

72 1642 235 1704 pacarunt,
259 1635 468 1704 conepicientee.
504 1625 627 1705 lneuper
646 1637 725 1705 quod
742 1636 814 1706 epeie

72 1722 101 1777 ie
119 1728 147 1778 et
164 1723 228 1790 ique
242 1729 380 1793 perpetuo
400 1723 454 1777 erit
480 1723 660 1789 horribilius,
684 1740 814 1778 aeream·
840 1717 917 1773 Idem
939 1724 1006 1774 orat.
1026 1724 1065 1775 15.
1084 1734 1155 1789 qaue
1173 1724 1215 1774 eet
1234 1718 1263 1773 in
1282 1719 1393 1790 plagam
1412 1717 1568 1790 grandinis:
1597 1717 1674 1780 Quid
1685 1730 1800 1774 xlxaoe.

72 1809 252 1879 ›opaientur,
272 1826 355 1878 quam
373 1810 484 1863 omnino
498 1809 677 1878 euetinebunt,
695 1809 815 1877 aeetiqia
838 1805 976 1868 sociemur
992 1806 1023 1859 in
1040 1806 1087 1859 die
1106 1804 1220 1860 diuinae
1233 1810 1275 1862 ad
1286 1824 1337 1860 noe
1352 1805 1594 1875 expostulationem,
1611 1821 1674 1858 cum

72 1894 195 1950 citarum
214 1895 360 1964 maloram,
379 1911 452 1966 quae
469 1895 652 1964 admirerunt,
670 1894 814 1950 uelutali-
839 1908 891 1946 noe
910 1899 1042 1961 coaequet
1061 1899 1144 1961 atquo
1164 1908 1197 1945 ee
1221 1893 1341 1946 oduereo
1365 1892 1462 1956 dabit,
1485 1897 1601 1962 peecata
1624 1908 1672 1945 no·

80 1981 261 2037 indelebilem
281 1998 375 2036 corum
385 1982 536 2036 manahe
549 1988 814 2051 permanentemque
839 1986 909 2048 σενα,
929 1980 980 2033 hoc
999 1987 1041 2032 eet
1058 1980 1172 2033 acerboe
1186 1987 1270 2049 atque
1283 1980 1472 2033 amanelentoe
1484 1984 1672 2041 accurator-ee,

72 2067 121 2122 aru
138 2075 204 2122 ante
220 2068 317 2122 eadee
336 2068 473 2124 habentor.
509 2066 631 2139 cyrillus
650 2067 813 2138 Hierosoly·
839 2066 918 2119 nobie
936 2065 1089 2129 infaciem
1103 2072 1229 2120 etataene
1257 2073 1427 2136 acceptaque
1451 2065 1584 2129 Mauricio
1609 2081 1671 2117 cam

72 2170 100 2209 ne
118 2153 225 2210 catech.
248 2160 296 2210 15:
325 2156 510 2208 Tremendum
527 2163 569 2208 eet
586 2154 745 2224 judicimn,
772 2155 814 2208 ita
839 2151 883 2217 iie,
902 2166 973 2220 quae
990 2151 1085 2220 inique
1102 2152 1275 2221 admieimue,
1296 2168 1329 2207 ea
1348 2155 1468 2206 adverw
1487 2152 1635 2216 conierere
1646 2156 1672 2203 et

72 2257 78 2274 ·
94 2254 131 2295 ea
145 2240 238 2307 etiam,
264 2255 337 2308 quae
353 2242 392 2292 de
409 2240 461 2294 illo
481 2241 648 2310 nuntiamus,
675 2241 757 2294 timor
770 2239 815 2292 in·
839 2237 1006 2306 capitatione
1023 2237 1221 2306 capitationem
1238 2239 1387 2293 verberone
1407 2246 1433 2291 et
1451 2239 1560 2292 actione
1584 2235 1671 2290 actio·

72 2342 113 2394 ur,
130 2343 198 2380 nam
215 2341 332 2395 reqnum
348 2326 489 2381 coelorum
501 2335 678 2396 proponetur
696 2335 722 2381 et
739 2326 814 2397 ipnie
839 2340 900 2378 nem
915 2325 1080 2379 examinane
1097 2333 1122 2378 et
1141 2326 1276 2396 imapinie
1304 2326 1371 2380 uitio
1397 2323 1603 2379 contaminatae
1629 2329 1672 2376 at·

72 2426 112 2466 rue
126 2411 359 2482 praeparabitur.
395 2411 568 2483 Ephreemue
588 2429 669 2468 cerm.
690 2413 725 2469 de
745 2417 813 2469 extr.
839 2427 891 2480 que
903 2412 1039 2474 confusae
1051 2412 1218 2481 dipnitatem
1235 2431 1254 2467 a
1267 2413 1347 2467 nobie
1358 2429 1515 2482 eapoeceree,
1528 2418 1672 2481 postremo

72 2503 131 2557 tei
147 2497 372 2568 compunctione:
397 2499 467 2553 Vere
482 2499 680 2563 formidabilia
693 2500 812 2553 eritilla
839 2516 890 2551 noe
921 2499 1040 2552 abducet
1065 2517 1084 2552 a
1106 2499 1315 2570 nobiemetipeie
1341 2502 1541 2554 condemnator
1567 2497 1672 2566 hucque

72 2585 173 2639 tunctr‘e
190 2584 401 2654 peccatoribue,
426 2585 476 2654 qui
499 2586 670 2639 volomtatem
695 2585 815 2639 Domini
839 2585 986 2650 adductae,
1004 2592 1034 2638 ut
1052 2601 1088 2639 ne
1105 2587 1139 2639 id
1154 2587 1266 2655 qteidom
1285 2586 1378 2640 dicere
1395 2602 1537 2655 queamue,
1555 2601 1606 2638 noe
1618 2582 1672 2636 ini·

72 2670 145 2725 aluta
161 2686 215 2724 eua
234 2686 361 2725 euercere
378 2670 535 2723 nolierunt.
571 2671 655 2725 Nihil
678 2671 759 2724 nobie
783 2672 813 2724 in
839 2687 890 2740 que
907 2671 1049 2742 aepplicio
1068 2672 1159 2739 affici,
1180 2672 1385 2742 quodquidam
1403 2672 1605 2741 hicapudeoe,
1624 2669 1674 2738 qui

72 2772 128 2812 ara
143 2757 274 2826 proderit
288 2764 407 2825 praeter
427 2757 507 2825 bona,
533 2773 605 2828 qieae
627 2757 692 2811 hinc
709 2759 815 2812 detule-
836 2773 942 2828 poenae
969 2758 1064 2827 mrem,
1096 2775 1294 2828 nonnunquam
1321 2759 1394 2812 hanc
1419 2759 1476 2812 rim
1511 2758 1607 2822 habet,
1641 2763 1672 2810 ut

72 2884 76 2909 ,
101 2857 198 2912 opera
234 2841 372 2896 buturum
396 2843 469 2896 enin
494 2851 548 2909 eet,
571 2852 602 2898 ut
624 2845 813 2913 anaequieque
840 2861 935 2899 eorum
953 2845 1213 2899 condemnationem
1233 2852 1259 2898 et
1278 2846 1433 2899 cruciatum
1459 2844 1568 2899 leniat
1602 2842 1672 2897 illic

72 2946 106 2984 un
116 2929 244 2999 propria
263 2930 341 2983 dicta
362 2946 396 2983 ac
412 2931 495 2994 facta
513 2939 577 2985 ante
595 2932 754 3001 incompti
773 2940 813 2985 at-
840 2937 932 2984 autem
941 2930 1004 2998 quie
1021 2932 1182 3000 patronae!
1201 2948 1274 3001 quae
1286 2931 1482 2998 coueificatiot
1501 2947 1573 3001 quoe
1585 2929 1672 2999 solea

72 3017 192 3070 emendi
207 3016 321 3085 judaie
339 3017 464 3070 tribunal
489 3020 609 3084 deferat.
646 3019 724 3072 Mihi
745 3034 814 3073 eone
841 3019 989 3082 defeneiot
1016 3020 1093 3087 quad
1110 3018 1292 3087 artificiorum
1309 3018 1456 3072 verborum
1483 3015 1673 3071 lenocinium!

72 3100 144 3156 uera
170 3118 205 3154 oc
230 3117 312 3154 renee
338 3103 536 3172 immutantur,
566 3106 632 3158 dum
661 3106 753 3175 capito
779 3106 814 3159 de
841 3107 917 3174 quae'
937 3104 1053 3159 coneilii
1074 3104 1194 3159 eolertia
1217 3104 1343 3160 tribunal
1367 3104 1443 3158 illud
1466 3102 1672 3158 circumscribet

72 3206 92 3242 n
108 3186 232 3241 omne'ecm
252 3188 480 3255 manifestatione
507 3191 757 3261 capitationamque
779 3208 814 3245 ac
841 3209 876 3245 ac
900 3199 1005 3245 rectum
1024 3192 1168 3260 judicium
1189 3191 1303 3246 eludat
1317 3202 1318 3206 ’
1333 3193 1410 3261 quod
1433 3191 1526 3245 omnia
1548 3189 1673 3246 omnibue

72 3290 139 3328 num
156 3281 256 3328 eaacta
268 3276 451 3341 dieceeeee'one,
472 3291 544 3345 quae
556 3278 599 3331 ibi
607 3281 662 3344 fiet.
688 3279 814 3347 Mopnue
840 3279 870 3331 in
888 3286 996 3333 etatera
1014 3279 1149 3348 collocat,
1174 3279 1326 3347 actionem,
1345 3279 1509 3347 eermonem',
1528 3274 1671 3346 capitatio·

72 3361 117 3416 rrit
135 3361 227 3429 timor,
248 3379 264 3415 o
273 3362 390 3427 fratrer
410 3364 559 3431 carieeimi,
580 3372 606 3419 et
626 3383 744 3435 maqnue
760 3373 814 3420 tre·
841 3382 903 3418 nem
919 3365 1089 3435 uirtuteeque
1108 3382 1170 3419 eam
1187 3364 1265 3418 ritiie
1284 3381 1318 3418 en
1333 3366 1453 3417 adoereo
1473 3362 1614 3432 expendit,
1642 3369 1673 3415 ut

72 3464 90 3503 o
106 3447 193 3502 amici
209 3448 271 3502 mei.
310 3448 377 3511 Quia
395 3466 461 3519 erpo
482 3468 538 3504 non
554 3452 816 3521 perhorreecataut
841 3454 918 3522 quod
930 3453 1096 3522 propendet,
1119 3448 1265 3506 uictoriam
1283 3451 1405 3506 obtineat
1424 3456 1476 3509 etc.
1509 3449 1672 3522 Chryeoeto·

72 3552 116 3590 tou
131 3534 226 3602 iupeat
243 3552 278 3588 ac
291 3536 408 3604 ploret!
423 3537 555 3605 quoniam
568 3538 663 3593 omnia
674 3540 716 3593 ibi
723 3540 815 3593 mani·
841 3556 902 3593 mue
919 3537 1011 3593 homil.
1032 3543 1072 3594 42.
1092 3538 1120 3592 in
1137 3536 1238 3594 aaa.
1257 3536 1286 3592 in
1298 3538 1399 3608 prinu:
1420 3537 1535 3601 Quotiee
1554 3554 1606 3590 noe
1626 3537 1672 3600 af·

72 3623 118 3676 ida
134 3630 223 3691 aunt,
244 3640 317 3692 quae
334 3625 526 3694 uuuequieque
548 3626 579 3678 in
595 3627 703 3680 occulto
724 3633 751 3683 et
769 3627 815 3682 ob·
838 3625 926 3691 fectio
948 3625 1098 3694 peaepiam
1113 3626 1272 3698 perturbat,
1295 3626 1323 3680 ei
1340 3627 1467 3685 columae
1485 3625 1539 3696 pia
1557 3623 1672 3692 relipio·

83 3708 129 3762 hic
147 3708 243 3777 aperit.
279 3711 463 3765 Horrendum
481 3711 523 3764 ibi
538 3712 592 3765 erit
607 3713 762 3783 iudicium,
784 3714 815 3767 in
841 3728 927 3782 eaque
946 3717 1035 3764 mente
1054 3712 1180 3781 copitare
1195 3712 1340 3782 judicium
1359 3713 1419 3766 diei
1436 3712 1517 3766 illiue
1536 3710 1674 3765 terribilia

72 3796 137 3850 iam
155 3795 257 3864 abique
283 3797 398 3851 tectibue
423 3805 523 3852 cunda
547 3807 628 3852 ament
654 3800 815 3867 manifecte,
841 3806 868 3852 et
887 3815 943 3852 non
962 3799 1003 3851 ad
1017 3805 1195 3867 praeacutam
1213 3798 1385 3867 colreptotem
1402 3805 1538 3873 epectare,
1563 3800 1615 3852 eed
1632 3799 1674 3851 od

91 3887 175 3952 atque
192 3899 340 3951 eermonee,
360 3886 543 3955 capitationee
561 3877 645 3956 atque
657 3887 815 3942 animorum
842 3885 998 3951 cruciatur,
1027 3903 1097 3954 quae
1111 3893 1231 3956 propter
1250 3886 1332 3940 illam
1348 3886 1496 3954 seremue,
1517 3885 1613 3939 rtatim
1637 3885 1673 3939 ab

91 3969 142 4022 ubi
157 3969 243 4023 etiam
261 3973 400 4026 adeietent
418 3972 512 4026 millia
529 3973 651 4028 millium
678 3981 704 4027 et
722 3974 816 4027 deciee
842 3972 938 4025 anima
955 3977 1055 4026 noetra
1074 3972 1183 4027 reerliet
1201 3988 1236 4025 ac
1248 3971 1393 4026 revolabit.
1405 3971 1499 4027 homil.
1515 3977 1538 4029 t.
1550 3972 1580 4026 in
1593 3971 1673 4043 epist.

74 4055 169 4109 millia
187 4058 420 4128 archangelorum
439 4068 465 4113 et
482 4061 655 4130 anpelornm,
676 4061 815 4115 annun
841 4056 920 4112 Rom.
942 4074 966 4111 c.
986 4063 1011 4114 ³.
1031 4064 1060 4114 et
1077 4063 1119 4115 te.
1142 4058 1178 4113 ed
1198 4058 1291 4129 popul.
1310 4057 1452 4115 Antioche
1487 4060 1674 4112 Tremendum

72 4141 185 4211 raphin,
206 4143 350 4211 justorum
369 4153 397 4199 et
413 4154 588 4215 eonctorum,
612 4146 815 4216 prophetarum
841 4145 918 4197 illud
927 4144 1097 4210 subsellium,
1116 4145 1288 4199 horrendum
1299 4146 1432 4214 tribunal,
1450 4153 1568 4199 tremore
1583 4145 1674 4214 plena

87 4228 279 4299 apostolorum
303 4230 391 4285 chori.
426 4230 612 4304 Hieronymus
635 4233 663 4286 in
682 4234 759 4305 epist,
780 4234 815 4288 ud
835 4230 962 4299 judicia,
981 4231 1056 4298 ipnie
1074 4231 1208 4293 tunditur
1221 4232 1341 4302 fluviae,
1364 4233 1461 4300 frater
1476 4250 1533 4286 non
1551 4230 1674 4296 redimit,

72 4330 111 4384 m,
128 4330 211 4386 quem
230 4315 352 4371 instituit
369 4317 398 4371 in
412 4319 528 4373 scientia
541 4319 651 4374 divinae
665 4319 736 4391 legis
749 4325 815 4376 tom.
841 4317 960 4370 redimet
979 4316 1082 4370 mmet
1116 4318 1283 4372 Recordare
1301 4318 1455 4387 eiquidem,
1483 4333 1555 4387 quae
1575 4315 1674 4370 dicem·

72 4417 104 4456 ce
123 4402 150 4455 ei
166 4402 294 4456 umbrato
313 4412 426 4471 repente
444 4406 521 4459 coelo
539 4408 608 4460 eclie
628 4406 750 4460 cloritae
767 4424 814 4460 no·
841 4404 931 4456 turin
945 4403 1099 4472 evonpelia
1115 4405 1393 4458 circumcurrentium
1406 4404 1577 4471 anpelorum,
1591 4420 1673 4472 epon-

72 4489 247 4559 udepectibue
266 4491 415 4558 denepetur
434 4500 460 4545 et
471 4494 623 4561 productis
641 4495 671 4546 in
687 4501 815 4547 noctram
841 4489 1173 4555 catalaunicum,
1199 4491 1396 4545 eaetinctorum
1420 4490 1601 4560 lampadum,
1622 4506 1674 4559 pa-

72 4576 167 4630 itatem
186 4575 306 4628 nubibue
332 4576 447 4644 piratae
477 4581 563 4633 terrie
586 4579 762 4645 immineant,
790 4581 818 4632 ei
842 4583 969 4629 teetatum
986 4577 1017 4629 in
1033 4577 1169 4640 fornacee
1188 4577 1399 4631 detrahentium.
1428 4579 1467 4630 Et
1484 4577 1561 4631 eliud
1575 4594 1675 4647 peneo,

72 4663 131 4729 otie,
149 4669 181 4714 ut
201 4663 316 4731 aeeolet,
333 4663 474 4718 clementie
492 4666 522 4718 in
541 4672 632 4720 rotam
651 4666 698 4718 eui
715 4683 816 4719 aereae
842 4662 946 4732 quodei
961 4663 1043 4731 cujue
1063 4679 1095 4716 ea
1113 4663 1193 4717 nobie
1219 4666 1329 4730 sactum
1346 4663 1486 4719 occuitum
1504 4664 1535 4719 in
1553 4665 1675 4719 medium

72 4765 105 4803 ua
123 4748 294 4802 concitentur
310 4757 336 4802 et
360 4749 425 4804 hinc
449 4751 515 4805 inde
540 4752 689 4821 fulpurum
710 4752 816 4820 jacula
841 4749 925 4802 hodie
944 4766 1040 4802 coram
1059 4751 1123 4804 eola
1146 4753 1354 4820 produceretur
1380 4752 1511 4822 ecclecia,
1536 4753 1675 4822 quomodo

72 4835 127 4889 brie
145 4835 312 4889 terribiliter
339 4837 448 4904 objecta
471 4846 629 4899 coruscent,
655 4855 815 4908 quanquam
841 4853 896 4890 non
914 4836 1010 4904 perire
1027 4842 1054 4889 et
1072 4836 1129 4889 eibi
1144 4844 1250 4892 terram
1269 4839 1376 4893 hiecere
1390 4846 1558 4909 precaretur
1578 4838 1676 4909 potine

72 4921 231 4975 teratudine
249 4923 304 4975 illa
329 4923 505 4992 continpant,
530 4942 682 4994 pacemne,
708 4934 814 4981 contre·
842 4939 924 4991 quam
943 4929 984 4975 tot
1014 4921 1142 4976 malitiae
1167 4931 1249 4979 teetee
1270 4924 1378 4983 habere.
1417 4925 1493 4989 Quid
1515 4935 1581 4980 tem
1608 4940 1676 4993 “9⁰

72 5024 124 5062 nuc
143 5015 169 5061 et
182 5008 273 5076 proni
290 5010 331 5061 ad
346 5016 452 5062 terram
465 5012 594 5079 depoeita
608 5012 740 5080 euperbia
756 5029 815 5066 cer·
837 5010 995 5079 potiemur,
1023 5027 1084 5063 cum
1113 5013 1142 5065 in
1169 5013 1291 5067 medium
1320 5032 1417 5069 coram
1446 5016 1549 5069 mundo
1577 5018 1677 5066 cuncta

72 5094 274 5163 minanam,-
293 5095 364 5164 quid
381 5095 519 5158 sociemur
538 5098 568 5150 in
582 5098 636 5152 illa
651 5098 697 5151 die
710 5098 815 5165 miani,
837 5104 1014 5165 promentur,
1033 5097 1064 5150 in
1082 5097 1191 5154 theatro
1211 5108 1268 5156 tam
1287 5102 1368 5157 claro
1387 5111 1413 5156 et
1433 5102 1542 5156 illuetri
1553 5108 1580 5154 et
1596 5099 1677 5154 nobie

72 5181 231 5236 torocoluto
245 5183 323 5236 coelo
337 5198 399 5235 cum
410 5183 546 5250 anqelicio
556 5185 704 5238 virtutibue
717 5185 815 5253 iqneue
841 5186 915 5236 notie
934 5189 961 5236 et
975 5183 1124 5253 incoquitie
1139 5187 1235 5241 omnia
1248 5189 1439 5258 epeetontibue
1453 5193 1525 5242 etad
1551 5185 1585 5242 se·
1597 5184 1676 5239 mille

72 5268 126 5323 nea
143 5275 217 5324 totae
235 5270 384 5323 adveniet!
416 5270 530 5339 pando
550 5271 713 5325 cadentibue
733 5273 815 5324 elena
843 5269 950 5323 dixerie
978 5271 1131 5342 pehennoe,
1164 5273 1238 5327 nihii
1266 5274 1344 5329 illiue
1370 5292 1430 5344 por
1456 5274 1532 5327 dicer
1559 5271 1678 5341 dolorie,

72 5355 147 5410 tellie
169 5356 213 5410 eol
238 5356 268 5409 in
294 5357 421 5410 tenebram
446 5364 472 5409 et
497 5358 527 5409 in
555 5357 718 5424 eanpuinem
748 5358 816 5411 luna
842 5373 922 5423 quem
938 5357 1055 5411 euetinet
1075 5359 1179 5427 anima,
1197 5363 1263 5415 dum
1283 5370 1355 5415 totae
1368 5369 1510 5414 terranem
1524 5361 1599 5415 orba
1612 5377 1676 5414 can·

72 5440 155 5495 itur!
184 5443 298 5511 quomo
323 5451 428 5497 momee
452 5443 525 5497 eicut
551 5458 616 5496 cera
643 5443 816 5512 liqueecentt
841 5443 979 5509 volatur,
1007 5447 1170 5500 canentibue
1188 5449 1276 5515 tubie,
1305 5448 1417 5517 anpeiie
1431 5451 1678 5518 praecurrentibue

72 5529 99 5580 la
119 5535 198 5582 terra
218 5528 331 5582 ardebit
348 5536 375 5583 et
392 5530 526 5599 oreeceutf
537 5528 659 5599 flumina
677 5537 705 5583 et
722 5530 817 5584 maria
839 5531 953 5600 primic,
971 5539 1030 5586 tum
1049 5535 1188 5603 eeouudu,
1206 5553 1271 5591 moe
1284 5536 1382 5606 tertir'e,
1399 5537 1509 5590 mum
1523 5538 1679 5594 innumerie

1423 5636 1461 5689 8*
