4050 6014
183 205 244 262 256
828 195 1058 255 mecetius
1074 197 1243 264 QUINTUS

136 413 141 421 .
183 368 273 422 neque
298 359 385 423 egent
408 352 442 405 dc
465 352 586 421 penestis
609 351 667 405 suis
691 350 899 420 poenitentium.
935 351 1018 418 Dole-
1045 352 1075 405 in
1096 354 1160 422 ione
1178 355 1292 418 ardeat,
1308 359 1340 405 ut
1358 350 1705 420 nunqusns'disseisatur.
1743 347 1882 422 Hierony·

182 436 261 502 bunt,
280 454 336 490 non
355 437 429 507 quod
449 436 540 490 Deum
561 436 741 501 offenderint,
766 436 816 490 sed
845 439 918 507 quod
938 438 1018 492 bonis
1046 454 1107 491 mus
1124 438 1154 492 in
1170 436 1526 508 innotescentibus
1548 444 1573 489 et
1590 436 1712 489 omnisne
1730 436 1883 505 impios-sm

183 525 301 577 terrenis
329 523 428 592 privati
455 524 482 575 in
508 522 669 576 barathrum
703 523 838 577 infernale
863 524 1017 579 inciderint.
1045 526 1187 577 vedimus
1201 529 1473 578 aeternatorrncnta
1493 521 1521 574 in
1540 537 1636 575 comm.
1655 520 1758 575 Thren.
1779 527 1809 576 1:
1829 521 1885 582 Qui

183 608 259 678 Ergo
279 609 361 660 etiam
381 625 435 661 non
455 606 564 676 patebit
581 608 648 676 ipsis
663 606 754 661 editus
774 608 809 661 ed
822 609 875 664 Dei
890 610 1017 680 gretiam.
1044 609 1128 662 seruet
1137 610 1208 663 iiiuc
1220 610 1388 678 increditur,
1400 607 1882 676 ulteriuseyredinnnpermittiter.

108 724 111 729 ,
185 693 361 747 Innocentius
378 693 396 745 l.
413 699 437 747 3.
457 694 492 745 de
511 701 584 748 cont.
598 694 692 746 mundi
711 710 771 764 esp.
789 701 817 748 3:
836 696 1018 749 Paenitebunt
1047 695 1129 755 Quod
1143 696 1208 763 ipsu
1223 696 1329 748 veritae
1341 694 1372 747 in
1384 693 1791 762 manaeiioostenditdicens:
1812 694 1885 746 Esto

184 783 370 848 adpoenam.
389 781 443 831 scd
460 797 516 831 non
534 788 727 833 conrrertcntur
744 783 914 835 adveniam.
933 784 1018 847 mles
1044 781 1217 834 consentiens
1240 786 1292 835 ete.
1313 798 1370 835 non
1388 780 1475 833 scibis
1495 781 1575 847 inde,
1603 781 1693 831 donec
1709 779 1885 847 persoim

184 868 258 933 iouis
271 866 426 929 infernalis
439 866 636 933 descriptione.
669 866 769 919 Psulm.
792 872 831 931 11,
843 883 868 923 V.
887 873 915 922 6:
935 869 1018 922 Pluel
1044 867 1224 920 nouissimum
1251 867 1448 934 quadrantem
1503 865 1746 926 Quemadmodum
1773 865 1815 916 ibi
1842 866 1884 917 in·

184 952 326 1005 Dominus
345 968 431 1019 scepei·
450 951 550 1019 irripios
568 951 666 1013 sulfur
682 953 819 1019 ctionem.
854 954 918 1007 lise.
931 960 972 1019 36,
991 971 1017 1007 v.
1044 952 1190 1020 teiiigitur,
1208 952 1257 1004 ubi
1268 952 1376 1005 deatum
1387 958 1436 1014 cst,
1449 958 1775 1019 oporteteumrcanare,
1793 951 1885 1003 riom

187 1042 233 1092 33:
269 1045 379 1090 torrens
400 1036 529 1100 srrlfuris.
558 1052 619 1104 cup.
643 1042 684 1100 34,
710 1055 735 1088 v.
756 1042 785 1095 9:
814 1038 1018 1092 convertuntur
1043 1044 1231 1105 qronetomnes
1245 1035 1373 1089 iniesicos
1387 1036 1439 1089 sub
1449 1036 1572 1104 pedibus
1583 1035 1651 1102 suis,
1668 1051 1780 1103 semper
1800 1034 1884 1087 mum

186 1130 323 1176 terrentes
343 1123 404 1189 ejus
430 1123 460 1173 in
477 1123 568 1190 picem
592 1130 617 1174 et
639 1123 737 1175 issemus
769 1126 831 1192 ejus
858 1125 888 1177 iu
913 1120 1017 1191 ensifer,
1043 1130 1240 1190 rossanum,
1257 1123 1391 1190 quodam
1408 1139 1518 1191 semper
1537 1123 1585 1178 iiii
1604 1130 1687 1175 munt
1703 1121 1815 1174 inimici
1832 1121 1885 1174 ereb

184 1217 209 1261 ct
236 1211 292 1260 erit
315 1217 393 1260 terro
422 1210 484 1274 ejrss
509 1208 539 1259 in
560 1209 653 1276 picem
674 1211 826 1266 erstentcm.
869 1211 957 1280 Apoc.
978 1216 1017 1276 19,
1040 1209 1169 1276 peditem,
1186 1209 1228 1262 ita
1247 1215 1272 1260 et
1288 1208 1335 1261 bie
1352 1209 1446 1277 accipi
1459 1215 1554 1278 potest
1571 1208 1691 1276 dicun,
1711 1224 1768 1260 non
1787 1207 1884 1275 coibis,

185 1313 210 1350 v.
232 1301 278 1350 20:
296 1303 425 1362 stagnum
446 1294 520 1361 ionis
536 1296 642 1346 arderes
656 1296 776 1359 subferre.
796 1312 857 1366 esp.
875 1301 916 1365 20,
933 1315 958 1352 v.
974 1302 1018 1353 ιιι
1045 1297 1133 1348 donec
1146 1295 1334 1362 nesciveris,
1357 1310 1467 1364 semper
1485 1311 1543 1347 non
1559 1295 1697 1348 exiturum
1716 1309 1791 1360 esse,
1814 1292 1883 1361 quia

184 1391 313 1447 staannru
339 1381 462 1442 suissuis
487 1387 512 1431 et
531 1381 611 1445 irenis.
641 1396 701 1449 esp.
720 1387 762 1446 21,
782 1399 807 1434 v.
829 1388 858 1436 8:
889 1391 1018 1453 stagnum
1044 1397 1152 1449 semper
1168 1378 1458 1436 sotoatnon'sstnun
1477 1383 1674 1449 quadrantem,
1695 1381 1763 1432 dum
1780 1378 1883 1447 sempi-

185 1470 290 1519 ordcns
318 1468 381 1532 s'onc
407 1474 432 1517 ct
455 1465 574 1528 sulfure.
625 1466 665 1519 Αι
689 1465 778 1536 ignis,
811 1468 856 1521 cui
885 1474 1019 1538 perpetuo
1045 1475 1139 1521 ternas
1156 1483 1265 1536 poenos
1285 1475 1461 1521 terrenorum
1473 1474 1656 1535 peccatorum
1672 1465 1733 1519 cun
1762 1463 1884 1535 Chrysa-

183 1553 308 1624 euppetit
330 1559 490 1605 turrenses
513 1559 647 1620 stagnum
664 1551 787 1616 sulfuris,
808 1571 948 1624 nunquam
970 1572 1016 1609 ex·
1046 1561 1149 1609 stemus
1177 1553 1257 1622 epist
1283 1559 1307 1607 6.
1331 1553 1367 1607 sd
1392 1551 1529 1608 medor.
1552 1551 1675 1622 lapsum:
1699 1551 1757 1605 Hic
1780 1551 1885 1605 tabent

184 1637 344 1708 stinguitur,
364 1638 413 1691 sed
426 1643 591 1707 perpetuum
604 1637 689 1693 hebet
701 1640 908 1698 nutrimentum.
930 1644 956 1708 l)
975 1645 1021 1697 Ea
1045 1640 1241 1706 tamjuounda
1254 1657 1339 1708 worn
1352 1639 1450 1694 tristia
1459 1641 1552 1704 tinem
1569 1654 1683 1706 eumarse
1695 1637 1884 1702 celerrimas,

179 1726 294 1793 pcccati
303 1724 478 1791 turpitudine
492 1731 518 1776 et
531 1726 705 1787 confusione.
731 1725 880 1781 Peccatum
894 1728 1020 1783 commit·
1045 1726 1107 1779 illic
1131 1727 1234 1782 seculis
1260 1729 1446 1780 manduntur
1468 1735 1587 1794 maone
1603 1725 1813 1778 immortalibus
1831 1729 1884 1780 uu

184 1812 252 1865 titur
270 1815 367 1864 contre
387 1809 485 1874 Deum,
510 1809 558 1879 qui
577 1816 619 1864 est
638 1810 778 1864 inlinitum
795 1812 906 1867 bonum
945 1814 1021 1885 Ergo
1049 1814 1102 1876 Qui
1116 1821 1319 1882 peccaverint,
1344 1829 1454 1868 necem
1472 1820 1562 1868 estut
1580 1813 1823 1867 immortalitatem
1837 1811 1884 1863 in·

184 1898 268 1952 etiam
279 1894 580 1965 promereturinfinitss
593 1913 704 1965 poenes,
731 1897 758 1965 8)
768 1899 816 1951 Ee
826 1901 886 1953 coti
895 1902 1022 1965 fnestra-
1046 1901 1147 1967 cluam,
1169 1917 1226 1954 non
1250 1908 1344 1953 tamen
1363 1902 1405 1952 ad
1423 1899 1555 1953 bonorem
1573 1899 1644 1961 siin,¹
1655 1908 1751 1952 umen
1770 1903 1802 1950 ut
1821 1912 1885 1950 can·

184 1988 269 2039 tione.
289 1984 376 2051 Apoc.
396 1989 420 2045 9,
441 1998 466 2036 v.
486 1987 516 2036 6:
539 1983 678 2044 Quaerent
699 1991 830 2050 neonem,
851 1993 878 2037 et
900 2004 956 2038 non
978 1986 1020 2040 in·
1046 1987 1152 2038 tinursm
1171 1986 1293 2054 snpernt
1304 1985 1437 2039 viaticum
1444 1986 1530 2040 ¹iilius
1544 1985 1689 2054 supplicii,
1709 1985 1787 2052 meod
1798 2000 1885 2052 auam

184 2071 306 2136 venient,
333 2068 358 2120 h.
377 2083 400 2120 e.
422 2067 572 2136 optabunt,
600 2083 630 2121 se
658 2068 686 2121 in
707 2068 831 2131 ‚nihilum
858 2070 961 2141 redigi,
989 2079 1020 2126 ut
1046 2071 1082 2124 sit
1100 2071 1284 2139 tenendum,
1312 2072 1406 2125 oratio
1433 2072 1529 2141 neque
1556 2070 1700 2138 aplicare
1728 2076 1782 2125 ete
1827 2069 1884 2121 Hie

186 2156 284 2227 poenis
302 2155 357 2209 illis
377 2153 489 2208 tandem
507 2153 615 2222 possint
638 2153 768 2224 defungi,
787 2155 835 2210 sed
855 2156 907 2211 hoc
925 2165 1019 2213 votum
1046 2157 1159 2226 urridens
1174 2173 1229 2210 nen
1248 2157 1334 2211 simul
1357 2157 1518 2223 cmttinaunt
1535 2156 1710 2211 vehementia
1724 2171 1885 2224 poenarum

186 2243 238 2295 erit
253 2240 448 2294 frustraneum.
479 2242 507 2305 9)
527 2241 573 2291 Es
590 2240 934 2310 vinculoruminjectionc.
960 2243 1018 2298 De-
1047 2251 1072 2296 et
1105 2259 1202 2296 earum
1232 2241 1415 2299 &nursiae
1455 2242 1558 2296 Altera
1585 2242 1660 2295 euim
1691 2259 1753 2294 cuns
1789 2241 1883 2294 altera

186 2327 272 2381 mnuti
293 2326 424 2380 dicontur
445 2325 559 2392 ligandi
581 2326 707 2379 monibus
729 2330 894 2394 etpedibus
920 2329 1019 2384 Metth.
1042 2335 1152 2396 monet
1165 2335 1284 2397 propter
1301 2327 1490 2383 conditionem
1507 2324 1703 2395 corruptibilis
1720 2325 1801 2379 miss
1822 2342 1883 2378 cor·

187 2419 228 2477 22,
240 2431 266 2465 v.
284 2418 320 2467 13.
335 2411 401 2482 quis
413 2411 440 2464 in
455 2427 564 2465 carcere
578 2410 708 2465 infernali
720 2412 887 2468 tenebuntur
900 2416 1020 2470 setemis
1043 2414 1138 2484 peris,
1161 2431 1218 2467 non
1241 2415 1361 2478 smerdis
1383 2429 1428 2482 ea,
1450 2412 1662 2466 immortalitate
1680 2419 1774 2465 auum
1790 2428 1884 2466 succe·

186 2498 304 2553 vinculis
318 2497 469 2562 constricti,
481 2503 513 2550 ιιι
525 2514 558 2551 ex
571 2513 604 2551 eo
618 2514 760 2568 nunquam
772 2501 879 2570 possint
896 2502 1018 2558 eluctari.
1046 2499 1127 2550 (ieme
1146 2500 1265 2553 coemes
1280 2499 1349 2554 irasc
1362 2515 1463 2568 poam
1473 2506 1501 2552 et
1511 2514 1616 2565 maana
1625 2498 1763 2566 potemra,
1782 2514 1835 2550 nas
1853 2498 1884 2549 in

189 2591 231 2649 10)
261 2587 308 2638 Ec
335 2587 501 2637 wernonem
530 2585 725 2640 associatione.
776 2586 908 2642 Damnati
936 2589 1019 2659 proji·
1045 2584 1185 2646 infinitum
1211 2585 1289 2640 mala
1316 2592 1437 2654 unoque
1451 2583 1649 2653 possidebunt,
1677 2599 1728 2636 nce
1757 2599 1885 2636 eurem

186 2673 294 2727 cientur
313 2671 341 2724 in
360 2671 439 2724 illum
457 2671 565 2742 ignem,
585 2673 636 2740 qui
653 2673 768 2726 diabolo
787 2681 812 2726 et
829 2675 940 2743 armetis
959 2676 1020 2744 ejus
1046 2671 1122 2724 nilus
1139 2678 1337 2725 tormentorum
1352 2671 1472 2740 perimet
1489 2671 1613 2724 animam
1630 2676 1773 2734 noctram,
1794 2684 1884 2739 neqve

182 2767 305 2828 paratus
328 2766 369 2812 est
393 2757 491 2812 Mutth.
506 2764 549 2826 25,
572 2777 597 2812 v.
623 2765 666 2814 41.
707 2759 795 2830 Atqui
819 2761 892 2832 ignis
912 2762 960 2816 ille
979 2769 1021 2817 eet
1045 2757 1097 2811 bot
1122 2773 1225 2826 torpet
1247 2759 1353 2825 poterit
1379 2758 1409 2810 in
1437 2757 1491 2810 iiie
1516 2765 1641 2826 tompore
1667 2757 1796 2810 consumi
1822 2772 1884 2810 cru-

186 2853 314 2901 ueternus
333 2853 360 2898 ct
380 2862 520 2914 nunqunm
541 2845 689 2908 desiturus,
706 2863 769 2902 cum
792 2856 906 2916 peccato
925 2848 1020 2903 disbo·
1045 2843 1173 2911 eastun,
1192 2844 1334 2912 afflictum
1349 2843 1525 2912 punanebit
1543 2856 1605 2895 ctm
1623 2843 1729 2905 “times
1747 2859 1800 2896 ¹⁸⁶⁶
1818 2843 1884 2906 finit

186 2931 273 2985 lorum
295 2930 400 2985 nullum
419 2937 545 2998 peretum
559 2931 643 2986 suerit
654 2932 813 2988 remedium.
844 2933 918 3004 Ergo
935 2935 1018 2990 etium
1045 2929 1122 2983 ubet
1141 2930 1200 2984 erit.
1237 2929 1413 3000 Augustino·
1430 2928 1459 2982 in
1474 2928 1606 2982 enchirid·
1620 2928 1656 2982 ed
1670 2926 1802 2985 labarent.
1821 2945 1882 3000 nep·

187 3018 379 3072 damnatorum
399 3017 470 3087 ignis
489 3022 532 3071 est
550 3024 688 3075 aeternus.
1049 3021 1107 3072 113:
1125 3015 1255 3070 Manebit
1272 3017 1333 3070 sinc
1351 3017 1408 3080 line
1419 3015 1562 3069 morsella
1576 3022 1716 3084 perpetua
1733 3016 1883 3070 damnato·

221 3109 261 3159 69.
298 3108 321 3158 3.
352 3102 433 3156 Hane
457 3118 609 3171 poenorum
634 3104 810 3159 infernalium
829 3106 1018 3162 aeternitatem
1046 3120 1117 3168 rum,
1140 3102 1174 3155 id
1196 3109 1239 3155 eet
1264 3102 1401 3155 alienatio
1425 3118 1444 3152 a
1463 3101 1521 3157 vite
1543 3102 1614 3167 Dei.
1638 3109 1665 3154 tt
1683 3102 1811 3155 anneus
1828 3103 1884 3156 erit

186 3188 351 3257 emphaticie
368 3188 459 3243 verbis
479 3188 642 3243 describunt
660 3190 700 3259 pii
714 3198 831 3246 veteres.
851 3190 982 3247 heuneus
1001 3193 1019 3252 1,
1046 3189 1213 3256 communis,
1241 3188 1394 3257 assantibet
1417 3187 1543 3242 hemines
1563 3189 1599 3240 de
1622 3187 1754 3240 dolosum
1773 3188 1884 3242 relevo·

186 3280 211 3328 t.
231 3275 292 3328 eds.
312 3274 418 3329 haeres.
439 3291 501 3344 cop.
520 3281 567 3331 tt:
599 3277 810 3345 Quibuscunqus
835 3279 941 3332 dicerit
958 3282 1018 3333 Do·
1045 3276 1119 3329 tione
1136 3275 1180 3327 vel
1200 3275 1472 3343 intermissionem
1486 3275 1548 3327 suis
1558 3274 1688 3327 Ιιιιιιιιιιιιζι
1708 3275 1884 3328 motibusm-

186 3362 292 3427 minus,
320 3362 496 3415 disceditea
514 3378 570 3429 me,
588 3363 746 3431 ntaledicti,
764 3364 795 3417 in
814 3364 905 3432 ionem
920 3349 1019 3435 perp'e-
1045 3361 1196 3429 epicentur,
1222 3362 1294 3414 dotti
1322 3361 1444 3414 manebit
1470 3360 1654 3414 communiter
1684 3360 1807 3417 omnium
1824 3363 1884 3416 vita

154 3459 155 3462 ’
186 3456 271 3513 tuum,
302 3448 351 3499 isti
368 3455 448 3500 ament
468 3465 576 3516 semper
604 3451 739 3505 damnati.
777 3449 965 3507 Tertullianus
986 3453 1020 3508 de
1046 3457 1162 3502 artemo
1186 3456 1357 3504 sanctornm.
1384 3448 1403 3504 l.
1428 3453 1470 3504 21.
1494 3448 1529 3502 de
1555 3447 1607 3501 civ.
1624 3445 1680 3502 Dei
1697 3463 1758 3517 esp.
1778 3453 1825 3503 17:
1851 3448 1886 3503 Si

182 3533 271 3603 judic.
290 3531 370 3586 Dom.
392 3549 451 3601 cup.
472 3538 501 3586 9:
1045 3535 1182 3588 sententio
1203 3534 1258 3588 iiia
1281 3533 1327 3604 (de
1347 3532 1510 3589 liberatione
1530 3533 1731 3599 damnatorum)
1746 3541 1882 3605 propter·
1957 3579 1962 3587 .

254 3621 395 3672 Aeternae
413 3621 493 3671 Deus
512 3636 578 3672 csse
590 3620 672 3688 jubet
689 3623 857 3676 descendere
871 3640 992 3694 poeitae,
1047 3640 1080 3674 ca
1099 3622 1171 3675 bona
1188 3629 1214 3674 et
1231 3637 1308 3684 vera,
1327 3622 1396 3690 quio
1413 3620 1575 3674 misericors
1592 3627 1642 3686 cst,
1661 3625 1739 3674 tanto
1757 3621 1811 3674 erit
1829 3636 1883 3674 me·

257 3707 304 3758 lre
322 3705 372 3757 sub
393 3707 526 3758 ardorem
544 3706 666 3760 rabidae
685 3707 746 3762 sine
759 3709 813 3772 fine
830 3709 995 3778 gebennen
1046 3708 1104 3760 tior
1121 3715 1146 3762 et
1162 3708 1271 3775 verior,
1288 3715 1394 3777 quareo
1413 3707 1627 3761 misnicerdior
1644 3705 1743 3769 fuerit.
1779 3709 1884 3761 Eues-

185 3790 718 3861 Cyprienusinlib.edDemetrienum:
736 3792 1020 3852 Cremabitaddictos
1048 3796 1133 3847 datter
1146 3810 1213 3863 erqo
1225 3810 1260 3846 ac
1277 3795 1477 3862 profundatur
1493 3793 1560 3857 sons
1572 3791 1656 3859 buius
1669 3792 1884 3848 misericordiae

187 3879 293 3931 ardens
310 3894 418 3945 semper
441 3879 567 3946 cebenna
586 3886 612 3931 et
631 3880 773 3933 vivacibus
790 3882 916 3948 flammis
933 3901 1020 3939 verae
1046 3897 1133 3949 usare
1150 3881 1192 3934 ad
1204 3882 1354 3934 danmatos
1364 3880 1482 3949 anacim
1499 3879 1598 3932 rouen
1613 3885 1680 3947 poet
1696 3878 1786 3932 musta
1799 3888 1883 3948 atque

182 3980 286 4032 paena,
305 3965 432 4030 neverit,
459 3964 534 4017 unde
555 3965 657 4018 babae
676 3972 815 4019 tormenta
835 3968 878 4021 vei
897 3971 1021 4038 requiem
1043 3967 1160 4035 probino
1174 3964 1374 4034 qtmntumlibet
1390 3965 1487 4020 eccela
1509 3965 1679 4021 liberandos.
1720 3967 1779 4020 cur
1794 3982 1883 4036 usque

186 4050 344 4117 aliquando
353 4050 466 4117 possint
484 4049 527 4102 vei
546 4052 637 4113 finem.
668 4051 861 4106 Servabantur
879 4071 941 4108 cum
959 4072 1019 4109 cor·
1047 4056 1088 4109 ad
1104 4053 1265 4106 nniversam
1280 4060 1414 4106 naturam
1431 4059 1528 4108 manat
1545 4051 1705 4117 burensem,
1723 4058 1751 4105 et
1768 4069 1830 4105 cren
1843 4054 1884 4105 ad

182 4137 301 4205 poribus
324 4136 384 4188 suis
402 4137 513 4188 animae
535 4136 654 4200 infinitis
671 4138 843 4192 cruciatibus
871 4143 913 4193 od
941 4142 1020 4196 dolo·
1047 4140 1204 4208 onaciicam
1221 4145 1331 4192 ventum
1347 4137 1447 4203 feurit,
1465 4155 1529 4192 mov
1547 4138 1674 4193 ammiti
1690 4138 1759 4192 Non
1777 4141 1883 4192 nudent

185 4239 252 4276 rens.
280 4221 347 4274 Erit
356 4229 422 4273 tunc
431 4221 491 4273 sinc
503 4222 601 4284 fructu
608 4223 800 4290 poenitentiae
811 4225 896 4278 dolor
906 4243 1022 4293 poenae,
1047 4235 1139 4280 tamen
1157 4241 1186 4278 se
1203 4225 1324 4279 nimrim
1342 4224 1504 4280 miserando
1518 4225 1670 4292 porricere
1682 4231 1709 4277 ct
1727 4225 1769 4277 od
1780 4225 1884 4280 tibera-

186 4309 280 4361 inonis
303 4307 430 4375 ploratio
456 4314 481 4359 et
500 4308 604 4374 efficax
622 4309 791 4376 inprecatio.
818 4327 897 4365 serm
919 4311 954 4366 de
972 4312 1019 4365 nd·
1047 4313 1149 4365 tionem
1166 4311 1258 4381 ipsius
1279 4327 1387 4382 quoque
1404 4310 1517 4367 dioboli
1535 4310 1693 4378 pervenire.
1738 4309 1838 4365 Verum
1856 4311 1884 4365 si

186 4411 274 4453 scene,
304 4392 421 4447 Christi:
448 4393 626 4446 Inmortales
649 4394 747 4448 misem
768 4397 860 4450 vivent
881 4398 955 4452 inter
978 4401 1020 4452 in·
1047 4398 1153 4466 aliqur's
1175 4399 1297 4465 audeat,
1321 4397 1408 4452 vincit
1426 4413 1524 4466 nempe
1543 4397 1625 4465 ιἰιιοι,
1648 4403 1674 4451 et
1690 4404 1785 4450 tames
1803 4404 1882 4451 tanto

186 4481 288 4535 censio
313 4488 338 4531 ct
361 4480 600 4533 inconnsmtibilcs
621 4481 757 4548 flammae
788 4485 896 4536 nudum
919 4501 1021 4553 corpus
1048 4484 1186 4540 invenitur
1204 4499 1315 4548 ,errare
1343 4484 1502 4549 Murmur
1533 4491 1560 4536 et
1592 4489 1694 4538 contra
1721 4487 1801 4538 recta
1825 4483 1884 4537 Dei

187 4568 340 4622 allambent
357 4571 409 4620 etc.
447 4567 514 4619 Non
537 4567 714 4620 miserebitur
740 4569 818 4621 ultra
833 4571 912 4623 Deus
934 4587 1021 4638 neque
1046 4572 1132 4624 verba
1143 4569 1315 4640 puversius,
1333 4577 1437 4638 quomo
1452 4570 1508 4623 sibi
1523 4570 1881 4624 eidetnrscstirectemes·

186 4663 253 4708 tunc
277 4654 373 4705 audiet
392 4653 577 4721 poenitentes.
622 4654 695 4707 Sera
717 4654 771 4706 erit
796 4654 850 4707 iiia
870 4657 1020 4722 consessio,
1048 4657 1112 4716 tius.
1141 4673 1202 4726 nep.
1228 4661 1270 4713 24.
1296 4655 1371 4710 circe
1394 4654 1478 4710 mede
1529 4656 1595 4710 Cum
1619 4657 1726 4710 diresin
1747 4656 1839 4717 fuerit
1863 4675 1882 4709 a

187 4749 214 4794 et
239 4757 300 4792 cum
319 4739 418 4791 clausa
434 4739 524 4802 fuerit
537 4738 646 4806 rnna,
666 4741 784 4807 sunna
810 4748 936 4794 carentes
960 4744 1021 4799 else
1042 4743 1143 4812 judice
1158 4750 1332 4798 mortuorum
1345 4750 1371 4798 et
1385 4742 1520 4805 meorum,
1540 4743 1676 4795 discedite
1696 4759 1716 4794 e
1733 4758 1776 4795 me
1795 4742 1880 4796 nde

188 4826 383 4882 acclamabunt
401 4825 515 4879 occlusi.
552 4826 671 4878 Nullum
690 4826 731 4878 ibi
749 4826 942 4897 refrigerium,
958 4832 1020 4888 nul-
1048 4830 1120 4884 dicti
1137 4830 1167 4883 in
1184 4831 1278 4897 mrtem
1303 4836 1447 4883 aeurnum
1463 4833 1517 4884 etc.
1541 4827 1645 4882 rimiae
1663 4828 1882 4895 praeminuit

188 4915 246 4967 ium
256 4911 419 4975 remedium,
438 4910 522 4963 semel
540 4909 667 4964 Christus
679 4912 824 4965 desemdit
843 4917 885 4967 ad
903 4916 1021 4988 inferos,
1049 4925 1088 4972 est
1111 4917 1222 4985 dicus,
1252 4916 1384 4984 orsiquarn
1410 4930 1507 4969 eorum
1540 4923 1684 4969 aeternrvn
1711 4915 1881 4987 simplicium

187 5000 307 5054 ulterius
327 5016 383 5052 non
401 4999 556 5056 descendet.
592 4998 659 5052 Non
682 4999 760 5053 ultra
779 5000 911 5055 videbunt
930 5006 1021 5058 Deum
1047 5022 1104 5057 non
1117 5004 1255 5068 sedunum,
1275 5020 1344 5071 assas
1363 5002 1444 5055 Deus
1463 5002 1494 5054 in
1512 5002 1683 5070 meppiicium
1703 5003 1793 5056 ituros
1809 5003 1882 5057 dicit

188 5088 218 5139 in
236 5086 354 5139 tenebris
371 5084 502 5155 sieiliati,
520 5085 735 5151 irregressibilis
752 5086 806 5138 erit
818 5087 873 5141 slis
885 5091 1021 5144 senentio
1043 5097 1200 5156 ,nannum
1218 5096 1246 5141 ct
1257 5104 1313 5160 per
1329 5089 1415 5158 binus
1431 5090 1654 5157 praesuntionis
1666 5090 1881 5158 pesnasicsem

188 5183 214 5227 et
232 5172 403 5226 immutabile
414 5172 558 5240 judicium
577 5178 604 5223 et
622 5172 708 5224 stabit
727 5173 920 5229 damnamnis
938 5176 1021 5245 liujus
1046 5179 1154 5242 facere,
1175 5183 1207 5229 ut
1224 5177 1259 5229 de
1275 5177 1341 5244 ipsa
1360 5177 1546 5247 quoquosala
1565 5174 1709 5231 hestorum
1722 5175 1770 5231 vel
1785 5179 1881 5246 despe-

71 5259 328 5315 insumuntur
348 5258 534 5312 constitutum.
554 5256 676 5327 Cyrillue
690 5256 957 5330 Hierosolymitenue
977 5278 1020 5316 ce·
1046 5271 1126 5318 retur
1150 5262 1196 5317 vei
1223 5261 1366 5315 menen
1389 5271 1510 5316 aeterna.
1537 5261 1567 5315 in
1598 5261 1703 5318 enchir.
1731 5278 1794 5333 etp.
1821 5268 1880 5319 lli:

191 5345 263 5402 tech.
284 5351 330 5401 18:
350 5346 385 5399 si
397 5352 530 5416 peccator
547 5351 596 5411 est,
616 5345 734 5414 accipiet
752 5365 853 5418 corpere
871 5356 1022 5414 oeternum,
1050 5349 1138 5403 Multi
1154 5348 1295 5404 uniaris
1319 5351 1519 5403 cenomanen
1543 5348 1664 5411 mirumne
1688 5350 1791 5419 affeetu
1810 5366 1880 5418 ,pro-

190 5449 244 5501 quo
263 5435 384 5501 crafferre
394 5432 484 5501 possit
500 5446 608 5500 poenas
628 5442 1022 5505 peccatorum,ut1›erpetue
1047 5437 1136 5489 senei
1153 5442 1218 5489 sunt
1237 5436 1312 5489 dna
1329 5435 1404 5489 male
1418 5431 1573 5489 mdiiesda
1587 5443 1615 5488 vt
1633 5435 1664 5488 in
1682 5435 1819 5489 ienimm
1830 5436 1881 5488 sset
