4050 6014
544 246 550 255 ,
659 182 711 237 44
731 179 1062 240 4444444444
1083 180 1228 238 44444.
1625 168 1634 177 ’
1741 187 1806 244 sss

114 344 206 394 tarum
224 337 259 395 de
278 338 420 394 boneficiis
438 342 468 395 et
486 354 573 411 reguo
589 337 691 394 Christi
710 338 845 394 beneficia
868 339 946 392 intel·
973 337 1063 393 licitas
1083 353 1133 407 per
1152 335 1334 391 ministerium
1350 333 1487 406 evangelii
1504 333 1534 388 in
1554 332 1608 388 hac
1634 333 1692 388 vita
1715 332 1810 388 incho-

115 425 229 498 ligenda
246 433 312 480 sunt
329 425 365 481 de
382 430 458 481 statu
477 424 611 481 ecclcsiae
634 426 664 480 in
680 424 732 479 bac
750 424 810 479 rita
832 442 882 495 per
906 425 946 477 in-
974 429 1050 488 4444,
1079 423 1107 476 44
1126 423 1222 477 futura
1239 429 1331 477 autom
1349 423 1402 475 erit
1418 419 1618 492 perfectissima
1637 425 1666 473 et
1683 434 1809 474 consum·

116 512 298 583 choationem,
318 511 353 566 de
370 518 446 568 statu
462 519 556 568 sutem
575 511 708 567 ecclesiae
728 511 757 565 in
777 510 872 566 futura
890 510 949 565 vita
975 516 1058 564 mata.
1095 515 1118 564 3.
1136 508 1248 564 Diserte
1264 508 1377 563 additur
1391 526 1417 561 v.
1438 511 1476 563 18.
1494 504 1655 575 pendebitis
1674 513 1700 559 et
1719 504 1810 558 44441-

115 615 166 672 per
185 597 425 669 complementum.
462 604 486 656 8.
511 598 621 670 Moyses
642 604 685 654 est
702 597 765 653 lons
785 603 814 654 et
829 614 948 653 oceanus
974 596 1071 649 tuditis
1088 611 1175 663 usque
1195 597 1225 648 s'rs
1243 595 1441 664 sempiternam
1458 595 1489 647 in
1507 594 1559 658 bis,
1578 610 1649 661 quoe
1663 609 1714 661 epo
1729 609 1811 656 ereo,-

115 685 328 758 prophetarum,
357 703 392 741 ex
412 703 468 759 qno
485 686 607 741 omnium
631 685 801 757 reliquorum
823 686 858 739 dc
876 683 949 739 bles·
975 697 1042 754 ergo
1058 681 1178 736 felicitas
1203 682 1265 747 illa,
1290 681 1324 736 de
1348 698 1404 753 qua
1427 680 1564 752 propbeta
1589 679 1725 752 loquitur,
1755 697 1810 734 non

115 774 173 830 siae
192 771 334 828 beneficiis
351 773 484 828 vaticinia
502 772 579 827 velut
595 772 677 827 rivuli
703 772 816 844 quidam
841 789 949 843 proma·
975 769 1169 824 terminabitur
1195 768 1269 823 mille
1289 784 1423 823 annorum
1442 767 1546 837 spatio,
1571 766 1619 822 sed
1645 767 1673 821 in
1703 782 1811 822 omnem

115 865 189 916 nant
226 859 415 931 Quaecunque
433 859 518 932 igitur
536 859 612 930 apud
633 858 783 931 prophetas
801 859 836 914 de
847 857 949 911 Christi
976 857 1166 911 aeternitatem
1185 872 1246 911 sese
1270 857 1433 926 exporriget.
1468 861 1494 911 4.
1517 858 1659 909 versuto.
1683 852 1810 916 habetur,

116 961 202 1018 regno
220 955 249 1002 et
267 945 410 1001 beneficiis
427 950 589 1014 occurrunt,
613 963 647 1001 ea
672 964 705 1002 44
726 943 951 1017 protevangelica
976 944 1050 1014 quod
1071 951 1271 1012 proruentem
1288 960 1427 996 annorum
1445 941 1602 996 moriturus
1628 949 1655 994 et
1675 946 1812 1009 peccator

115 1032 165 1086 illa
183 1031 363 1103 promissione
383 1029 453 1087 Gen.
475 1037 499 1100 ³,
519 1051 546 1086 v.
569 1039 721 1087 sesemen
738 1031 867 1085 mulieris
885 1048 950 1084 eon·
976 1039 1083 1084 centum
1106 1048 1245 1085 annorum
1267 1031 1437 1084 maledictus
1459 1029 1496 1081 sit
1517 1029 1643 1093 futuras,
1678 1025 1731 1080 boc
1755 1042 1811 1080 nou

115 1126 185 1173 teret
204 1127 290 1189 caput
307 1120 453 1191 serpentis,
473 1118 640 1189 explicanda
652 1124 717 1173 sunt
730 1118 948 1174 maestimanda.
975 1122 1067 1187 potest
1085 1116 1121 1171 ad
1138 1133 1254 1188 regnum
1272 1115 1469 1184 chiliasticum,
1497 1115 1601 1186 quippe
1625 1131 1643 1168 a
1665 1128 1720 1185 quo
1738 1128 1811 1167 mors

114 1205 179 1261 dam
202 1221 268 1260 4444
293 1213 435 1260 conterere
459 1215 545 1275 captet
569 1207 709 1275 serpentis
738 1204 880 1260 infernalis
908 1210 951 1258 est
976 1209 1004 1257 et
1024 1203 1181 1258 maledictio
1198 1220 1311 1273 prorsus
1329 1201 1470 1270 exsulant,
1498 1200 1648 1273 applicari,
1673 1200 1812 1270 explican-

117 1291 282 1347 beneficium
320 1292 464 1362 spirituale
495 1293 681 1363 complectens
711 1291 903 1346 liberationem
933 1307 951 1344 a
976 1291 1042 1345 dum
1062 1291 1147 1362 igitur
1164 1291 1200 1344 de
1216 1290 1309 1360 pueris
1326 1290 1385 1343 sive
1403 1289 1505 1357 stultis,
1532 1289 1561 1342 id
1579 1292 1622 1343 444
1639 1286 1745 1358 impiis,
1763 1286 1812 1358 qni

115 1382 239 1449 peccato,
265 1378 478 1434 destructionem
496 1379 576 1449 regni
590 1378 710 1435 Satanae
728 1383 756 1433 44
774 1377 885 1446 mortis,
909 1393 950 1431 re
976 1384 1034 1432 toto
1053 1378 1127 1431 vitae
1144 1383 1268 1447 tempore
1289 1394 1344 1431 non
1362 1376 1519 1430 didicerunt
1538 1391 1587 1442 ea,
1613 1391 1685 1445 quae
1703 1373 1740 1428 ad
1769 1389 1812 1427 44-

116 1463 288 1535 parationem
308 1463 435 1535 justitiae
456 1464 574 1519 amissae
592 1472 642 1520 ete.
680 1464 754 1535 Ergo
778 1464 861 1519 etiam
885 1462 951 1517 reli·
977 1465 1062 1519 lutem
1088 1464 1311 1533 consequendam
1336 1461 1508 1531 necessaria3
1539 1460 1580 1515 illi
1606 1461 1762 1514 morientur
1786 1467 1812 1512 et

116 1566 180 1621 qus,
202 1549 327 1621 quaeda
345 1549 622 1607 beneficiisMessiae
642 1548 886 1622 apudpropbetas
904 1565 950 1603 oc·
978 1550 1123 1603 maledicti
1142 1557 1237 1615 erant,
1265 1549 1296 1603 id
1315 1554 1357 1603 est
1374 1548 1456 1603 morti
1476 1553 1605 1603 aeternae
1621 1546 1767 1601 tradentur
1784 1552 1812 1600 et

116 1643 244 1702 currunt,
265 1635 399 1690 vaticinia
415 1636 597 1706 spiritualiter
614 1644 679 1691 sunt
697 1635 869 1707 explicanda.
905 1634 951 1690 Sic
977 1637 1091 1691 audient
1106 1635 1266 1690 horribilem
1286 1636 1362 1690 illam
1381 1652 1485 1703 vocem,
1505 1635 1642 1688 discedite
1658 1631 1813 1699 maledieti,

116 1719 233 1776 Messias
249 1722 352 1776 dicitur
369 1732 539 1791 repastum
556 1723 587 1776 im
606 1724 691 1788 Sion,
717 1723 824 1778 scilicet
842 1722 950 1792 spiritu·
978 1722 1052 1794 quod
1078 1722 1107 1775 in
1136 1723 1284 1777 novissimo
1312 1722 1357 1777 dic
1386 1722 1509 1777 futurum
1542 1726 1661 1776 testatur
1685 1718 1812 1774 Christus
1903 1788 1906 1793 ⁴

117 1808 163 1878 ali,
182 1807 211 1863 id
230 1813 272 1864 est
290 1808 319 1862 in
336 1808 723 1879 ecclesia,couquuesuturas
744 1808 951 1880 4441444141-
978 1808 1076 1864 Matth.
1098 1814 1139 1876 25,
1159 1828 1184 1863 v.
1201 1815 1243 1865 41.
1276 1808 1340 1864 Jam
1358 1824 1424 1862 vero
1443 1808 1502 1864 dies
1520 1806 1684 1861 novissimus
1710 1821 1743 1860 44
1761 1804 1813 1876 by·

116 1911 221 1965 emam,
246 1895 351 1951 scilicet
369 1895 564 1966 spiritualium,
588 1899 789 1964 confractarus
809 1914 910 1950 mermes
926 1902 953 1948 et
978 1896 1087 1966 pothesi
1105 1896 1311 1951 adversantium
1332 1895 1487 1950 chiliastico
1506 1909 1592 1966 regno
1615 1893 1697 1948 finem
1724 1893 1812 1962 impo-

116 1997 215 2050 eqaos,
236 1980 343 2036 scilicet
367 1981 561 2052 spiritualiter,
582 1992 763 2054 papnotmms
787 1984 900 2052 eopittis
926 1989 951 2036 et
980 1988 1035 2040 net.
1070 1990 1093 2039 5.
1119 1981 1199 2047 Quod
1218 2000 1245 2037 v.
1264 1987 1306 2038 21.
1331 1982 1522 2053 subjungitur,
1549 1981 1738 2040 aedificabunt
1763 1982 1812 2034 do·

116 2069 216 2131 armis,
234 2067 342 2124 scilicet
360 2067 560 2138 spiritualibus,
578 2079 709 2140 gesturus
725 2079 876 2141 sceptrum,
901 2069 952 2122 sci·
980 2086 1040 2123 moe
1055 2077 1082 2123 et
1099 2070 1263 2123 babitabant
1280 2071 1311 2122 ia
1330 2070 1378 2134 es's,
1392 2069 1565 2137 plantabant
1582 2068 1680 2122 cineus
1698 2074 1723 2121 et
1741 2082 1812 2120 com·

116 2155 183 2209 licet
201 2155 354 2226 spirituale,
372 2158 540 2210 redacturus
558 2156 712 2212 Iarodls'tas
728 2176 761 2213 es
780 2158 953 2227 captivitate,
978 2159 1061 2210 edent
1081 2157 1193 2221 fractus
1219 2173 1333 2224 earam5
1361 2173 1385 2208 v.
1402 2160 1444 2211 22.
1469 2171 1525 2207 non
1549 2154 1740 2216 aedificabunt
1762 2153 1812 2208 do-

116 2241 224 2297 scilicet
251 2242 397 2314 spirituali.
439 2250 464 2300 9.
493 2243 609 2315 lpsimet
637 2246 789 2317 prophetae
816 2246 952 2302 vaticiniis
979 2261 1048 2306 mos,
1071 2250 1099 2296 et
1117 2241 1194 2296 41144
1210 2241 1385 2306 1444414αό14,
1403 2258 1459 2295 non
1472 2240 1645 2311 plantabant
1662 2241 1766 2302 vineas,
1787 2245 1814 2291 et

117 2329 175 2384 suis
193 2329 330 2400 quaedam
347 2329 524 2401 inspergunt,
549 2348 582 2385 ex
602 2331 703 2403 quibus
721 2333 888 2403 reliquorum
909 2349 953 2386 44·
979 2329 1054 2383 olias
1072 2331 1195 2384 comedet
1211 2329 1336 2396 fructas,
1363 2327 1432 2382 illud
1451 2344 1507 2383 non
1526 2333 1618 2398 potest
1642 2327 1711 2383 κατὰ
1730 2322 1814 2403 ῥητόν

10 2415 229 2488 ;x‚121,plicatio
253 2415 431 2474 desumenda.
472 2418 519 2472 Sic
552 2418 580 2473 in
607 2419 709 2474 Psalm.
734 2424 776 2476 ts.
806 2419 893 2474 multa
917 2420 953 2475 de
979 2417 1082 2487 accipi,
1106 2416 1172 2487 quia
1198 2417 1226 2470 in
1247 2416 1341 2470 futuro
1365 2415 1459 2470 seculo
1483 2431 1536 2469 nec
1562 2414 1660 2468 domus
1685 2412 1814 2469 aedifica·

117 2501 237 2558 blessiae
251 2519 344 2574 regno
363 2502 455 2558 verbis
472 2521 505 2560 ex
525 2505 659 2560 mundani
684 2511 713 2559 ct
735 2505 838 2561 terreni
860 2508 951 2577 cujus·
978 2501 1090 2570 buntur,
1110 2520 1160 2558 noc
1178 2502 1275 2558 vineae
1293 2502 1503 2574 plantabuntur,
1520 2501 1716 2572 explicandum
1728 2499 1814 2570 igitur

117 2588 182 2644 dam
202 2590 281 2660 regni
297 2591 494 2647 constitutione
513 2592 609 2663 petitis
627 2591 807 2656 disseruntur,
825 2592 874 2646 sed
891 2598 951 2648 tau·
977 2597 1115 2667 μυστικῶς
1133 2595 1178 2647 441
1198 2594 1371 2664 συμβολικῶς
1394 2589 1446 2643 hoc
1466 2606 1562 2656 seusu,
1591 2588 1666 2659 quod
1691 2586 1814 2641 omnium

117 2675 181 2731 dem
200 2675 313 2730 additur
329 2694 354 2730 4.
379 2682 417 2732 14.
437 2677 527 2731 omnis
543 2678 638 2746 pluria
660 2679 740 2744 filiae
760 2681 835 2746 repis
855 2681 891 2732 ab
911 2680 952 2733 s's·
978 2696 1076 2744 rerum,
1093 2694 1164 2751 quae
1184 2677 1246 2748 pios
1267 2676 1407 2731 oblectare
1427 2675 1542 2745 possint,
1560 2674 1641 2746 copia
1657 2673 1812 2729 444111444-

116 2768 170 2816 4444.
215 2759 316 2816 Erech.
339 2766 380 2817 40.
405 2763 569 2833 proponitur
595 2765 730 2819 ecclesiae
759 2765 897 2820 restitutio
925 2771 953 2820 et
978 2766 1018 2820 tia
1041 2764 1108 2837 ipsis
1133 2768 1243 2835 praesto
1271 2763 1307 2816 sit
1334 2762 1442 2829 lutura,
1473 2761 1547 2834 quod
1574 2760 1732 2815 maledictio
1760 2758 1814 2813 Dei

116 2846 197 2919 regni
220 2847 323 2902 Christi
347 2848 512 2919 propagatio
536 2849 588 2905 sub
615 2849 707 2921 ligura
736 2851 800 2906 novi
826 2851 952 2917 aedilicii,
979 2868 1090 2922 prorsus
1116 2851 1154 2904 sit
1182 2848 1347 2917 auferenda,
1374 2849 1440 2920 quia
1467 2847 1576 2902 divinae
1603 2844 1814 2913 maledictionis,

117 2933 214 3005 templi
233 2940 262 2989 et
278 2933 356 2989 urbis
370 2941 502 3003 4444444,
529 2936 578 2992 scd
596 2952 622 2994 4.
641 2942 663 2994 2.
683 2937 874 3009 explicationis
892 2939 953 2994 loco
979 2953 1063 3009 quam
1083 2937 1159 2991 Deus
1178 2935 1371 3007 peccatoribus
1387 2935 1581 2991 interminatur
1592 2933 1677 2989 Dent.
1692 2937 1731 2988 28.
1749 2948 1815 3003 pars

117 3019 317 3090 praemittiturr
339 3022 376 3074 Ia
395 3022 549 3076 4141441444
569 3024 628 3077 Dei
647 3026 769 3078 adducit
788 3042 832 3079 me
850 3026 881 3078 in
898 3033 952 3079 ter·
979 3024 1117 3096 quaedam
1137 3029 1192 3089 est,
1218 3022 1292 3094 quod
1317 3023 1346 3077 in
1372 3022 1425 3078 hac
1447 3023 1506 3076 vita
1530 3022 1643 3093 quidam
1667 3017 1816 3073 aedificant

117 3106 294 3162 444144αέ1
317 3115 343 3160 et
362 3108 471 3162 dims'ss‘t
495 3125 538 3162 me
563 3127 650 3181 saper
674 3121 793 3168 meatem
815 3112 952 3167 escelmm
980 3112 1083 3179 domos,
1103 3127 1154 3166 nec
1167 3116 1262 3165 tamen
1279 3127 1326 3165 444
1345 3108 1511 3177 inhabitant,
1528 3107 1603 3179 4444
1623 3106 1718 3161 vineas
1735 3105 1814 3176 pian-
1827 3111 1871 3154 ¹2
1885 3111 1929 3153 ¹22·

118 3195 216 3260 414414,
240 3211 325 3264 saepes
345 3211 424 3263 quem
451 3205 512 3251 erat
540 3200 625 3269 quasi
647 3199 808 3264 aedificium
830 3199 953 3253 mititatis
979 3204 1048 3265 tant,
1068 3215 1120 3253 nec
1138 3204 1232 3253 44444
1252 3196 1389 3252 fructibus
1408 3213 1502 3251 earnm
1514 3201 1669 3249 vescentur.
1694 3199 1719 3249 6.
1733 3192 1813 3257 Quod

116 3281 256 3351 serpentis
275 3283 317 3334 od
336 3289 472 3336 assstrum.
508 3283 550 3337 Ex
569 3302 624 3356 quo
642 3286 797 3357 colligitur,
823 3303 879 3341 non
905 3286 953 3357 agi
980 3286 1040 3340 dies
1056 3284 1152 3357 populi
1169 3285 1259 3340 sancti
1276 3285 1407 3339 dicuntur
1425 3283 1511 3338 futuri
1529 3291 1560 3335 nt
1573 3280 1726 3349 1114411441,
1744 3276 1814 3333 illud

118 3367 155 3423 de
187 3367 387 3423 restauratione
419 3375 545 3426 terrenae
579 3371 701 3425 civitatis
736 3370 952 3441 Hierosolyma,
979 3390 1122 3443 nunquam
1148 3371 1298 3427 finiendam
1327 3371 1408 3425 istius
1440 3369 1582 3424 felicitatis
1612 3366 1814 3439 possessionem

118 3453 223 3526 quippe
242 3471 314 3525 quae
333 3464 462 3526 respectu
481 3458 582 3513 montis
601 3457 668 3513 Sion
686 3473 742 3512 non
766 3458 803 3513 ad
827 3462 952 3512 austrum
979 3463 1176 3533 παραβολικῶς
1194 3458 1307 3513 4441444.
1342 3459 1407 3512 Per'
1423 3458 1529 3527 lignum
1554 3455 1633 3511 enim'
1652 3455 1813 3524 συνεκδοχι-

118 3539 168 3595 sed
188 3540 225 3595 sd
244 3542 459 3611 septentrionem
476 3543 531 3598 tuit
548 3545 614 3616 sita,
642 3552 674 3600 ut
696 3552 773 3616 patet
795 3562 828 3599 44
848 3543 950 3599 Psalm.
979 3550 1032 3608 κῶς
1051 3545 1216 3616 intelligitur
1235 3545 1341 3616 lignum
1369 3543 1635 3614 praestantissimum
1659 3542 1814 3608 cedrinum,

118 3632 160 3695 48,
179 3645 205 3683 4.
226 3632 249 3682 3.
288 3633 327 3683 111.
351 3627 479 3702 Ι)444444
497 3631 619 3686 omnium
636 3632 742 3703 optima
758 3630 951 3686 vaticiniorum
979 3632 1053 3704 quod
1082 3632 1184 3687 cariem
1212 3631 1325 3685 minime
1352 3630 1452 3695 sentit,
1482 3629 1531 3685 sed
1560 3634 1694 3701 perpetuo
1724 3627 1813 3682 durat
1838 3698 1841 3703 .

117 3712 342 3784 propheticorum
361 3715 553 3787 interpretatio
570 3734 603 3772 44
616 3719 816 3789 complemento
827 3717 858 3773 in
872 3716 950 3772 Novo
978 3719 1107 3775 ,lustinus
1125 3718 1305 3790 septuaginta
1323 3718 1504 3789 interpretum
1520 3717 1675 3771 versionem
1701 3722 1814 3772 secutus

115 3797 295 3855 Testamenta
318 3799 457 3872 descripto
479 3804 538 3873 peti
564 3811 657 3875 potest
682 3821 716 3860 ac
743 3804 834 3862 debet.
877 3806 952 3861 Illud
979 3807 1059 3864 addit
1077 3805 1193 3862 verbum
1209 3807 1340 3875 4144444
1358 3803 1758 3875 videaturrespectushaberi
1777 3802 1814 3858 ad

115 3902 182 3941 sero
199 3886 362 3957 qualitatem
377 3888 456 3960 regni
475 3888 577 3945 Christi
594 3897 623 3946 ct
638 3891 732 3947 verbis
759 3898 789 3948 et
815 3893 898 3948 factis
920 3894 953 3948 li·
980 3895 1108 3948 arborem
1131 3894 1205 3947 vitoe
1227 3893 1257 3947 in
1281 3891 1424 3963 paradiso,
1449 3891 1498 3946 sed
1525 3892 1555 3946 iu
1581 3891 1711 3947 Hebraeo
1736 3895 1815 3945 textu

117 3972 202 4044 quido
222 3989 380 4044 expressam
398 3973 435 4028 ob
453 3978 549 4032 oculos
567 3977 646 4032 nobis
665 3978 751 4049 ponit.
979 3982 1050 4036 illud
1073 3997 1129 4035 non
1154 3979 1281 4036 babetur.
1317 3986 1340 4033 1.
1367 3978 1605 4047 Fundamentum,
1629 3995 1684 4050 quo
1709 3977 1815 4033 dustini

10 4083 53 4123 tea
66 4078 100 4127 ss,
153 4065 195 4114 91.
230 4059 385 4130 Spesialcm
409 4063 622 4133 explicationem
647 4071 767 4121 meretur
791 4065 952 4121 vaticinium
980 4067 1155 4124 ratiocinatio
1172 4067 1283 4137 nititur,
1310 4071 1352 4122 est
1378 4066 1526 4121 admodum
1552 4064 1698 4121 lubricum.
1735 4062 1814 4119 Adae

10 4142 104 4226 ,Ἓξ
118 4143 190 4199 41144
201 4145 401 4217 propheticum,
420 4149 679 4221 quodpeculiariter
690 4151 953 4222 procbiliasticore·
981 4155 1153 4226 praedictum
1174 4158 1235 4207 erat
1253 4169 1286 4208 eo
1305 4152 1350 4207 die
1367 4169 1430 4207 eum
1448 4151 1619 4217 moriturum,
1638 4168 1693 4221 444
1714 4147 1814 4203 defru-

10 4237 104 4277 istm.
119 4247 176 4303 gno
186 4239 267 4303 urget
277 4232 407 4289 lustinus
424 4235 600 4292 indial.cum
609 4237 715 4309 tryph.
725 4255 752 4310 p.
762 4244 820 4296 249.
838 4240 900 4297 asa
911 4246 953 4310 65,
981 4242 1073 4297 stibus
1091 4241 1198 4313 arboris
1215 4239 1319 4296 vetitae
1339 4237 1525 4299 manducavit.
1543 4237 1616 4292 unde
1631 4235 1815 4290 millenarium

118 4336 144 4373 4.
164 4323 212 4374 224
243 4320 403 4375 Secundam
422 4323 483 4377 dies
503 4323 666 4393 1144144144
686 4326 748 4379 dies
775 4329 880 4397 populi
902 4330 955 4382 mes'
981 4346 1117 4384 annorum
1135 4329 1164 4383 in
1182 4326 1234 4383 hac
1253 4327 1311 4382 vita
1328 4343 1382 4379 non
1402 4322 1556 4394 complevit
1582 4322 1656 4393 Ergo
1674 4321 1741 4393 quia
1760 4321 1814 4392 piis

119 4413 209 4476 erum,
236 4424 326 4478 opera
344 4407 476 4463 laborum
494 4428 590 4464 sorum
609 4412 881 4482 maeltipls'eobantar.
918 4417 953 4469 Is
980 4416 1178 4484 promittuntur
1195 4414 1248 4469 boc
1265 4412 1326 4467 loco
1345 4412 1405 4467 dies
1422 4412 1575 4464 secundam
1600 4409 1660 4463 dies
1685 4408 1759 4479 lipsi
1775 4408 1814 4462 ei·

118 4494 163 4547 tte
178 4495 278 4562 serbis,
304 4494 395 4566 inquit
408 4494 545 4564 lustinus,
567 4498 646 4552 mille
663 4515 753 4554 aanor
771 4500 802 4553 ia
823 4501 954 4569 mysterio
980 4512 1034 4573 tae,
1058 4503 1086 4557 in
1104 4502 1245 4558 mundano
1263 4499 1385 4572 quodam
1404 4515 1491 4569 regno
1510 4514 1560 4568 per
1576 4497 1652 4552 mille
1670 4514 1757 4554 annos
1775 4495 1815 4552 vi·

110 4594 225 4633 creone
248 4581 398 4649 desipaurs'
421 4583 614 4654 intelligimus.
653 4585 689 4639 Ut
711 4585 784 4639 enim
802 4587 887 4640 Adue
910 4588 955 4641 di·
979 4597 1054 4648 4444.
1089 4589 1178 4662 Atqui
1200 4589 1228 4643 in
1250 4586 1378 4643 Hebraeo
1396 4585 1516 4640 habetur
1540 4587 1683 4652 numerus[
1698 4585 1814 4657 pluralis

119 4674 193 4720 44444
214 4674 269 4730 est,
290 4667 411 4737 quodie
428 4669 464 4721 de
486 4669 565 4738 lipsa
585 4671 702 4735 44114444,
721 4687 752 4725 eo
772 4673 819 4726 die
839 4673 954 4727 moritu·
980 4679 1064 4743 truta,
1082 4677 1233 4732 seeundum
1252 4675 1313 4728 dies
1335 4672 1420 4743 lipsi,
1444 4671 1492 4743 qui
1514 4689 1571 4728 non
1593 4672 1662 4727 satis
1685 4671 1815 4744 congruit

118 4769 183 4807 ram
201 4752 286 4808 etiam
305 4768 381 4823 sese,
400 4755 512 4820 emmas,
529 4756 611 4812 illum
625 4757 704 4811 mille
722 4774 812 4812 aanor
829 4776 886 4813 noa
903 4761 953 4814 im·
980 4765 1172 4834 coniecturae,
1197 4759 1272 4832 quod
1291 4759 1338 4813 444
1356 4757 1411 4814 4444
1428 4759 1616 4830 respondeant
1640 4758 1715 4814 mille
1737 4758 1813 4815 anui.

117 4839 258 4909 plenissm-
285 4842 412 4896 mocimus
430 4860 547 4913 qaoque,
566 4844 671 4898 dictam
689 4844 773 4910 illud,
799 4846 877 4913 quod
893 4847 954 4900 dies
980 4848 1054 4914 Quid
1072 4848 1095 4902 si
1114 4864 1165 4918 per
1189 4845 1372 4901 inversionem
1398 4845 1611 4916 procederemus
1636 4845 1689 4902 boc
1712 4842 1813 4900 modo?

121 4926 242 4982 Domini
260 4929 297 4982 sit
324 4930 396 4983 41444
424 4928 502 4983 mille
529 4932 612 4995 uani,
640 4931 694 4986 ime
716 4932 866 5002 pertinere.
901 4931 953 4989 Re·
980 4934 1120 5000 Adamus,
1147 4933 1213 5006 quia
1230 4937 1328 4988 contm
1345 4931 1400 4987 Dei
1417 4932 1577 4987 mandatnm
1595 4949 1628 4988 44
1643 4933 1742 4988 arbore
1769 4944 1813 4986 ve-

120 5013 303 5085 spcndemus:
324 5020 345 5071 1.
369 5033 396 5071 4.
420 5021 459 5072 11.
476 5016 631 5087 praecedit:
650 5021 727 5073 Ecce
746 5037 796 5087 epo
814 5036 877 5073 creo
893 5037 953 5073 eoe-
979 5021 1032 5075 tita
1048 5019 1182 5089 comedit,
1208 5026 1337 5075 aeternae
1355 5019 1437 5074 morti
1456 5035 1507 5089 per
1519 5019 1592 5074 hanc
1618 5015 1814 5090 trsmgressio·

119 5100 265 5156 14444444
282 5109 309 5156 et
332 5108 437 5156 terrum
455 5120 569 5172 mosam,
594 5105 668 5175 quod
686 5110 707 5160 2.
728 5104 803 5161 Petr.
825 5110 849 5171 3,
870 5122 895 5160 4.
915 5110 953 5161 13.
980 5123 1043 5161 444
1062 5105 1152 5160 iactus
1169 5111 1212 5161 est
1229 5104 1372 5162 obnoxius.
1397 5105 1473 5176 Ergo
1490 5105 1529 5176 pii
1539 5103 1673 5159 beneficio
1686 5103 1813 5168 Messias,

120 5187 210 5258 Apoc.
228 5192 269 5256 21,
289 5206 316 5242 4.
335 5196 357 5246 1.
377 5190 413 5244 44
432 5196 535 5245 statum
553 5190 689 5246 ecclesiae
709 5191 907 5263 triumphantis
927 5200 955 5247 et
980 5192 1093 5248 secundi
1113 5192 1222 5262 444444,
1239 5199 1368 5248 aeternae
1384 5190 1466 5260 ritae,
1483 5208 1539 5246 uon
1557 5196 1650 5246 autem
1668 5189 1815 5247 millenarii

120 5271 266 5328 coelestem
289 5274 434 5331 beatorum
460 5275 577 5348 patriam
599 5276 763 5348 applicatur.
800 5284 823 5335 2.
850 5279 953 5350 Loqui·
981 5278 1127 5349 cujusdam
1146 5279 1225 5351 regni
1243 5278 1392 5350 participes
1409 5278 1570 5336 redduntur.

120 5363 167 5413 tur
184 5358 270 5432 igitur
287 5360 425 5432 propheta
442 5363 476 5417 de
494 5362 654 5433 spirituali,
679 5379 736 5418 non
755 5371 846 5420 autem
867 5363 954 5419 mille·
1016 5370 1059 5421 92.
1093 5366 1136 5420 Ε4
1154 5365 1232 5421 Novo
1250 5365 1430 5421 Testamento
1455 5364 1629 5435 potissimum
1651 5363 1722 5420 baec
1746 5361 1815 5420 vati·
1827 5387 1849 5430 4,
1862 5384 1970 5432 uxum,

120 5443 201 5503 nerlu
219 5445 340 5518 quodam
354 5445 457 5503 Cbn'sti
476 5465 577 5520 regno,
601 5449 682 5521 cujus
698 5448 844 5506 beatitudo
863 5467 896 5506 ac
913 5449 954 5507 fe·
982 5451 1056 5507 cinis
1083 5453 1235 5524 proterunt.
1274 5459 1296 5509 1.
1314 5451 1414 5517 Matth,
1439 5459 1480 5519 26,
1502 5471 1528 5508 4.
1548 5458 1590 5510 29.
1618 5454 1705 5512 Marc.
1725 5462 1766 5524 14,
1787 5470 1813 5515 v,
1825 5439 1945 5540 &⁸2⁰3

1548 5538 1601 5595 16*
