4050 6014
275 308 347 365 VIII
834 305 1178 362 161111116011116
1199 306 1418 363 PRAEFATIO

278 463 370 546 isque
392 462 509 526 idoneo
528 483 690 526 sacrorum
712 461 899 525 administro
922 472 953 525 et
975 460 1239 526 611666116166116
1260 460 1475 527 eeclesiastico
1498 483 1578 548 opus
1600 462 1663 526 sibi
1684 484 1753 527 esse
1775 461 1978 548 intelligeret,

279 564 479 633 Gerhardum
498 588 573 649 prae
587 564 658 628 aliis
672 564 806 649 dignum
823 564 984 644 iudicavit,
1000 586 1096 646 quem
1113 563 1261 627 comitem
1286 564 1348 627 sibi
1368 564 1564 649 adiungeret.
1606 563 1672 628 Ter
1687 564 1805 649 itaque,
1827 564 1978 628 nimirum

278 668 472 733 66661609.
497 669 589 733 1612.
610 684 641 732 et
665 669 757 733 1613.
777 667 952 752 principem
976 666 1060 729 hunc
1079 664 1238 728 Dresdam
1267 665 1520 750 proficiscentem
1541 665 1708 730 comitatus
1730 678 1786 732 est.
1831 665 1979 750 Cumque

277 793 360 836 anno
378 772 471 836 1610.
499 769 582 832 idem
604 768 751 854 princeps
775 769 1024 853 gloriosissimae
1046 767 1217 830 memoriae
1240 766 1395 832 Coloniae
1408 767 1611 852 Agrippinae
1631 767 1791 852 colloquio
1813 769 1853 832 de
1865 790 1980 833 caussa

276 871 452 937 Juliaeensi
485 893 557 935 cum
580 869 651 933 aliis
671 870 869 955 principibus
891 870 1065 953 interesset,
1085 868 1289 933 Gerhardum
1310 891 1402 931 suum
1424 869 1529 933 denne
1551 869 1592 932 ad
1613 869 1696 933 latus
1718 869 1839 936 habuit.
1880 872 1978 935 Anno

278 975 369 1038 1612.
397 972 646 1036 Franccfurtum
673 972 714 1035 ad
735 972 890 1034 Moenum
920 994 993 1034 cum
1022 993 1060 1035 ee
1083 972 1245 1056 profectus
1267 983 1322 1046 est,
1353 969 1491 1055 eligendi
1514 993 1551 1035 ac
1575 972 1749 1036 coronandi
1772 971 1998 1057 Imperatoris¹

276 1074 433 1138 Matthiae
452 1072 649 1138 solemnibus
672 1072 890 1136 interfuturus.
924 1075 963 1136 ln
986 1072 1133 1135 omnibus
1148 1072 1234 1136 hisce
1256 1071 1333 1135 locis
1350 1094 1512 1139 sermones
1529 1095 1636 1137 sacros
1656 1074 1766 1138 habuit
1791 1073 1979 1139 Gerhardus

279 1189 374 1262 atque
394 1175 473 1242 viris
495 1173 678 1239 clarissimis
699 1174 897 1238 diversorum
920 1174 1069 1238 ordinum
1091 1173 1236 1238 innotuit.

404 1277 501 1341 Anno
516 1279 607 1342 1613.
631 1275 844 1340 visitationem
868 1275 1073 1340 ecelesiarum
1095 1296 1224 1339 suarum
1244 1274 1515 1360 Thuringicarum
1536 1286 1568 1340 et
1583 1276 1856 1341 Franconicarum
1879 1298 1979 1363 gene·

275 1379 373 1445 ralem
397 1378 565 1443 Gerhardo
598 1378 763 1463 imperavit
787 1377 978 1461 Casimirus;
1007 1379 1093 1462 quod
1123 1378 1253 1461 quidem
1282 1378 1446 1464 negotium
1474 1392 1541 1441 tam
1569 1390 1693 1464 promte
1722 1391 1874 1465 tantaque
1906 1403 1980 1445 cum

277 1482 479 1547 accuratione
508 1479 666 1566 expediit,
692 1492 727 1543 ut
756 1480 932 1565 principem
959 1502 1053 1542 suum
1081 1479 1141 1544 hac
1167 1481 1290 1545 ratione
1317 1478 1489 1566 plurimum
1519 1480 1581 1544 sibi
1603 1481 1786 1549 devinciret.
1835 1483 1880 1549 Et
1902 1503 1980 1546 sane

286 1584 356 1669 ipsa
377 1594 448 1647 aeta
470 1582 563 1645 huius
579 1581 778 1658 visitationis,
799 1603 882 1664 quae
899 1604 957 1644 sua
973 1580 1071 1665 ipsius
1085 1604 1182 1645 manu
1197 1583 1330 1646 verbose
1352 1582 1475 1667 scripsit
1493 1580 1689 1655 Gerhardus,
1710 1583 1839 1647 abunde
1861 1597 1981 1649 testan-

280 1698 342 1765 tur,
364 1685 468 1770 ipsum
490 1682 535 1746 nil
558 1683 734 1767 quidquam
757 1684 789 1748 in
813 1684 926 1769 quavis
942 1682 1089 1768 paroecia
1110 1684 1263 1759 omisisse,
1282 1683 1369 1766 quod
1391 1684 1432 1746 ad
1455 1683 1532 1748 boni
1553 1684 1725 1751 visitatoris
1751 1685 1892 1750 officium
1908 1708 1979 1771 per·

278 1787 381 1852 tinere
404 1785 627 1850 arbitrabatur.
669 1786 715 1851 Ut
736 1786 899 1850 doetrinae
930 1786 1067 1870 purioris
1097 1784 1378 1860 conservationem,
1408 1786 1530 1869 absque
1551 1786 1717 1850 morosiori
1739 1798 1845 1851 tamen
1865 1787 1979 1852 mentis

278 1889 403 1964 affectu,
424 1911 519 1952 curae
540 1888 695 1974 imprimis
710 1887 862 1971 cordique
883 1887 1037 1966 habebat;
1048 1887 1102 1957 ¹ita
1117 1884 1303 1970 disciplinae
1324 1886 1555 1952 ecclesiastieae
1571 1887 1789 1952 emendandae
1805 1889 1980 1953 maximum

278 1991 368 2056 illum
390 1991 491 2056 tenuit
514 1989 714 2054 desiderium.
757 1987 956 2073 Disciplinae
978 1988 1063 2053 enim
1084 1985 1316 2052 ecclesiasticae
1338 2009 1453 2054 nervos
1474 1988 1567 2052 nimis
1589 1988 1712 2054 laxatos
1736 2005 1831 2074 atque
1854 1991 1980 2055 luxatas

277 2117 357 2169 esse,
379 2095 412 2156 in
435 2091 547 2155 litteris
569 2090 609 2154 ad
631 2092 684 2157 Jo.
701 2090 894 2153 Saubertum
917 2091 1056 2175 graviter
1078 2089 1280 2173 querebatur.
1317 2090 1387 2155 Sub
1410 2100 1576 2175 praetextu
1591 2092 1750 2156 abusuum
1766 2092 1845 2157 illud
1866 2093 1981 2180 ipsum,

278 2195 367 2279 quod
395 2192 437 2257 ad
468 2193 718 2256 conservandam
745 2192 946 2276 disciplinam
974 2192 1110 2256 maxime
1139 2189 1215 2254 utile
1242 2192 1875 2278 616161666666611661,6616666116111
1898 2195 1981 2261 osei-

277 2294 410 2360 tantiam
432 2294 631 2378 abrogatum,
660 2292 710 2358 vel
738 2293 842 2357 saltim
872 2292 1101 2358 labefactatum
1127 2315 1196 2358 esse
1226 2292 1460 2377 pronuntiabat.
1507 2293 1674 2358 Incassum
1693 2307 1800 2359 tamen
1819 2295 1872 2361 hic
1891 2296 1981 2362 labe·

279 2409 405 2462 raturos
421 2417 491 2459 esse
512 2416 621 2458 ornnes
642 2394 810 2480 praedixit,
830 2395 892 2459 nisi
914 2400 1016 2461 maior
1036 2398 1157 2480 Moysis
1179 2409 1206 2460 et
1225 2396 1364 2459 Aeconia
1389 2397 1578 2461 reluctatum
1600 2399 1725 2462 66116161
1744 2402 1909 2464 consensio.

405 2496 590 2581 Heldburgi
618 2496 721 2562 adhue
735 2498 911 2562 subsistens
928 2498 1107 2582 complures
1121 2496 1297 2561 vocationis
1312 2497 1434 2582 accepit
1457 2497 1617 2583 epistolas,
1639 2509 1674 2561 ut
1692 2499 1860 2563 Dilherrus
1877 2499 1982 2582 etiam,

278 2601 439 2687 professor
461 2599 535 2662 olim
557 2599 720 2674 ienensis,
742 2610 854 2685 postea
876 2597 1044 2684 theologus
1064 2591 1215 2675 Noricus,
1237 2599 1269 2661 in
1290 2598 1474 2664 laudatione
1500 2600 1628 2665 funebri
1650 2600 1699 2663 his
1721 2623 1790 2666 sese
1804 2602 1907 2667 verbis
1925 2624 1981 2666 ex·

278 2700 444 2790 presserit:
465 2700 567 2766 Νιιίὶα
583 2713 625 2763 est
645 2699 743 2785 (fere)
765 2704 797 2765 ia
819 2703 891 2766 orbe
903 2704 1074 2787 Europaeo
1095 2702 1337 2764 Protestantiem
1359 2703 1527 2778 academia,
1550 2704 1636 2766 mdia
1658 2703 1831 2768 celebrioris
1853 2706 1982 2769 61166166

277 2806 364 2868 erbis
395 2805 534 2885 ecclesio,
570 2804 643 2887 quia
667 2804 724 2865 hac
756 2803 942 2886 Pharinqioe
967 2805 1111 2884 lampade
1132 2804 1285 2866 illustrari
1303 2805 1462 2888 expetierit
1482 2817 1509 2867 et
1528 2806 1732 2888 praecipuum
1754 2807 1809 2869 hoc
1830 2809 1982 2891 Europae

277 2930 387 2972 nornen
409 2908 532 2972 liberali
557 2907 708 2991 stipendio
739 2908 782 2969 ad
809 2907 985 2969 revocarit.
1024 2905 1075 2968 Ita
1094 2926 1177 2968 anne
1201 2905 1292 2969 1608.
1317 2906 1435 2969 Holam
1456 2916 1584 2970 vocatus
1607 2916 1665 2980 est,
1685 2918 1721 2968 ut
1737 2906 1981 2994 Archiepiseopi

278 3006 570 3092 Magdeburgensis
601 3006 798 3072 ecclesiastes
829 3019 921 3073 esset.
970 3005 1096 3071 Eodem
1124 3027 1208 3070 anno
1238 3008 1476 3091 Horrebat-pam,
1501 3019 1537 3070 ut
1565 3007 1700 3091 pastoris
1722 3008 1843 3074 ibidem
1865 3033 1981 3074 munus

281 3110 393 3175 obiret.
439 3110 536 3173 Anne
560 3111 654 3175 1609.
678 3107 832 3194 praesulis
858 3109 1050 3173 Vinarieaaia
1076 3107 1264 3193 dignitatem
1287 3109 1317 3173 ei
1338 3108 1453 3174 obtulit
1474 3110 1676 3174 serenissima
1696 3110 1850 3198 Princeps
1872 3112 1981 3177 Dore-

282 3213 356 3275 thea
377 3209 498 3293 Maria,
536 3209 638 3274 Ducis
659 3210 796 3277 Jeannis
826 3209 932 3277 vidua.
987 3209 1142 3274 Proceres
1174 3221 1281 3274 autem
1313 3210 1489 3295 evangelici
1521 3210 1627 3277 locum
1655 3213 1688 3276 in
1716 3236 1799 3278 nova
1819 3215 1983 3279 academia

280 3313 441 3398 Pragensi
470 3311 574 3375 eidem
602 3311 802 3376 destinarunt
831 3334 954 3395 sueque
984 3313 1083 3397 pet-ito
1114 3310 1283 3395 aliquoties
1305 3312 1510 3397 postmodum
1533 3313 1724 3379 institerunt.
1767 3316 1865 3381 Anno
1889 3318 1982 3383 1610.

281 3417 443 3502 professor
472 3412 652 3499 theologiae
682 3414 714 3476 in
744 3413 907 3477 academia
930 3412 1093 3490 Gieasertsi,
1122 3436 1217 3499 porro
1237 3414 1500 3499 superintendens
1523 3416 1681 3500 generalis
1705 3415 1929 3493 0111661661
1951 3430 1983 3482 et

282 3519 415 3581 antistes
440 3519 616 3581 lotebensis
647 3538 685 3581 66
715 3515 857 3601 synedrii
879 3514 960 3579 sacri
1000 3538 1126 3600 praeses
1156 3516 1306 3579 constitui
1338 3516 1504 3601 potuisset.
1554 3520 1652 3581 Anne
1678 3520 1770 3583 1611.
1796 3517 1981 3603 Superioris

279 3619 431 3683 Austriae
458 3618 585 3682 ordines
613 3617 790 3703 evangelici
817 3617 907 3681 illum
936 3616 1043 3681 Lente·
1063 3617 1352 3704 superintendentis
1382 3618 1541 3704 generalis
1568 3632 1599 3682 et
1621 3618 1777 3704 praesidis
1798 3620 1980 3685 consistorii

278 3719 437 3806 dignitate
458 3741 570 3782 ornare
589 3720 767 3801 voluerunt,
790 3718 905 3783 Comes
923 3722 1161 3802 Maaadldeaais
1182 3720 1304 3802 decani,
1329 3722 1623 3805 Quodlinburqcrraes
1646 3743 1809 3785 sacrorum
1830 3724 1980 3787 antistitis

281 3821 470 3888 honoribus.
511 3822 609 3886 Anno
639 3824 730 3887 1606.
756 3824 968 3887 Morocierrsea
991 3820 1167 3906 evangelici
1193 3841 1340 3905 proceres
1362 3821 1408 3885 illi
1431 3822 1572 3888 officium
1594 3821 1842 3888 ecclesiasticum
1863 3825 1981 3909 prima-

277 3923 360 3987 rium
382 3922 591 4005 destinarunt,
613 3934 644 3987 et
667 3921 873 3987 cancellarius
897 3923 1130 4009 Meiningensis
1156 3923 1320 4008 epheriam
1344 3925 1631 4009 Schleuainqertaem.
1657 3925 1755 3988 Anne
1780 3928 1872 3994 1613.
1907 3948 1980 3990 aca-

277 4025 384 4088 demia
405 4026 562 4101 6661666
583 4036 614 4087 61
636 4026 885 4111 Vitemberpeotia
908 4026 1011 4110 prima
1032 4025 1101 4088 vice
1121 4023 1211 4087 illurn
1234 4047 1326 4088 suum
1349 4048 1420 4090 esse
1436 4026 1543 4112 cupiit..
1581 4025 1679 4091 Anne
1703 4029 1796 4093 1614.
1819 4030 1979 4116 111Ηεί61-

277 4129 373 4192 ttodii
392 4126 579 4212 professoris
601 4125 783 4212 theologiae
803 4128 944 4214 primarii
967 4149 1081 4190 munus
1105 4126 1290 4211 susciperet,
1310 4128 1440 4192 tertium
1462 4128 1614 4192 invitatus
1637 4139 1692 4194 est.
1725 4128 1772 4194 Ut
1796 4129 1875 4194 alias
1898 4131 1980 4195 eius·

278 4228 367 4294 modi
389 4228 587 4305 vocationes,
618 4251 701 4312 quae
731 4230 901 4292 maximam
933 4242 1055 4314 partem
1083 4229 1254 4292 admodum
1282 4227 1387 4294 lautae
1417 4240 1506 4295 erant
1535 4242 1632 4313 atque
1660 4230 1863 4310 honorificae,
1893 4233 1979 4296 haud

278 4353 501 4397 memoremus.
548 4329 641 4394 Licet
662 4354 737 4396 vero
761 4330 948 4395 Gerhardus
971 4330 1159 4395 academicis
1182 4331 1353 4415 praecipue
1376 4331 1498 4396 lubenti
1520 4331 1626 4395 anime
1646 4333 1812 4419 paruisset,
1833 4347 1941 4399 tamen
1961 4360 1981 4399 a

279 4430 450 4509 Casimiro‚
472 4431 616 4518 principe
640 4454 714 4513 666,
747 4433 803 4518 qui
838 4455 877 4495 ex
910 4431 1028 4495 intimis
1062 4431 1236 4497 visceribus
1258 4454 1330 4496 eum
1354 4434 1530 4516 deamabat,
1560 4432 1778 4500 dimissionem
1811 4435 1979 4520 impetrare

277 4532 364 4596 haud
397 4533 509 4618 potuit.
562 4536 634 4599 Hoc
661 4534 815 4599 duntaxat
838 4533 887 4600 vel
907 4535 1036 4597 tandem
1059 4532 1215 4610 obtinuit,
1244 4545 1279 4598 ut
1303 4557 1360 4620 spe
1388 4533 1558 4620 aliquando
1583 4536 1700 4601 Jertam
1720 4537 1886 4620 redeundi,
1918 4537 1979 4601 sibi

279 4634 485 4711 carissimam,
507 4633 686 4702 lactaretur.

409 4734 564 4802 Casimiro
588 4737 709 4801 interea
729 4735 915 4801 Gerhardus
938 4734 987 4799 vel
1006 4735 1190 4820 Heldburgi
1211 4737 1329 4820 vivens,
1358 4737 1451 4801 nimis
1474 4737 1578 4802 adhuc
1596 4762 1615 4803 a
1634 4763 1668 4805 se
1688 4750 1827 4805 remotus
1849 4739 1980 4805 videba-

279 4848 338 4903 tur.
381 4836 461 4901 Post
484 4838 571 4901 varia
586 4837 684 4922 igitur
706 4836 770 4902 alia
792 4838 967 4902 tentamina
978 4838 1106 4902 tandem
1122 4859 1206 4902 anno
1223 4841 1316 4906 1615.
1332 4839 1365 4902 id
1382 4838 1496 4922 effecit,
1517 4850 1553 4904 ut
1574 4840 1865 4927 superintendentis
1880 4865 1979 4927 gene-

278 4937 355 5003 ralis
378 4941 582 5024 Colrarpensia
605 4940 723 5023 munia,
744 4963 898 5025 perquam
918 4961 1061 5023 onerosa,
1085 4940 1147 5003 sibi
1169 4941 1291 5026 imponi
1312 4952 1484 5027 pateretur.
1530 4942 1655 5031 Inque
1677 4941 1979 5009 officiolicetvale-

278 5040 423 5105 tudinem
446 5063 536 5104 suam
559 5041 620 5105 iam
642 5054 737 5106 antea
758 5040 849 5106 valde
871 5040 1070 5106 debilitatam
1085 5063 1154 5105 esse
1171 5043 1333 5127 sensisset,
1353 5044 1398 5107 ita
1420 5055 1585 5111 strenuum
1604 5058 1711 5111 tamen
1726 5067 1796 5111 sese
1811 5046 1979 5131 praestitit,

279 5152 314 5204 ut
337 5141 512 5207 Casimirus
535 5141 684 5207 ecclesias
705 5143 764 5207 sub
787 5142 886 5208 hocce
908 5142 1124 5207 moderamine
1147 5146 1277 5232 egregie
1306 5146 1438 5231 llorere,
1465 5170 1539 5212 cum
1560 5147 1671 5213 intima
1697 5147 1795 5211 animi
1816 5146 1979 5234 voluptate

279 5243 551 5310 animadverteret.
588 5244 651 5309 Vel
668 5244 769 5308 solam
791 5244 824 5308 in
840 5244 886 5308 rei
908 5244 1004 5309 fidem
1026 5244 1180 5310 excitasse
1199 5247 1336 5312 sufficiat
1351 5252 1591 5316 constitutionem
1612 5250 1861 5334 ecclesiasticam,
1883 5273 1979 5336 quarn

280 5341 475 5430 Gerhardus,
504 5347 631 5412 hortatu
649 5347 804 5434 principis
826 5347 883 5424 661,
913 5347 1018 5411 adhuc
1040 5370 1123 5412 anne
1147 5351 1239 5418 1615.
1262 5349 1463 5417 concinnavit
1493 5366 1589 5436 atque
1611 5374 1695 5416 anno
1715 5351 1924 5437 subsequenti
1945 5351 1979 5414 in

276 5445 383 5512 lucem
404 5447 566 5533 publicam
590 5450 703 5527 emisit,
735 5471 831 5533 quem
852 5448 995 5515 laborem
1017 5450 1112 5515 etiam
1140 5452 1288 5516 munifice
1311 5466 1529 5525 remuneratus
1550 5463 1598 5517 est
1618 5452 1804 5537 Casimirus,
1823 5454 1978 5538 Princeps
