4050 6014
685 354 738 411 nn
753 352 938 412 maesto
955 354 974 410 J
977 352 1119 413 UDICIO.
1716 363 1752 420 11

60 512 165 572 tatere,
183 511 234 579 gni
252 511 410 565 rarissimis
430 510 582 580 discipulis
600 525 694 565 serere
706 509 893 581 responderit,
919 527 975 563 non
993 510 1071 580 mod
1088 511 1169 580 apud
1187 526 1216 563 se
1238 509 1523 579 i1ssumnonnooerit,
1539 510 1755 563 redamandum
1772 570 1784 589 .

60 596 129 651 sitii
147 595 305 650 hominibus
322 612 384 650 eam
403 596 522 650 senentis
542 597 649 665 negotii
668 605 725 649 tnm
752 594 895 650 reconditi
919 595 1000 650 iliam
1018 594 1194 662 locutionem,
1221 602 1310 649 tentat
1328 613 1377 649 eos
1395 594 1545 664 Dominus,
1569 602 1600 648 at
1618 595 1698 658 seint,
1723 595 1756 649 ist

60 682 211 738 marceni.
245 683 285 736 Et
303 689 396 737 tamen
413 681 495 737 natio
514 698 560 736 nes
577 690 627 744 est,
646 683 682 736 sie
700 699 758 750 naa
777 681 894 736 liberius
919 687 958 735 est
975 681 1048 734 seire
1065 697 1113 734 oos
1126 679 1234 749 faeiat.
1266 680 1355 748 Dicit,
1374 694 1404 733 se
1420 679 1536 746 nescire,
1555 681 1623 751 quin
1642 679 1671 734 in
1691 680 1754 749 ejus

60 769 183 824 homines
202 769 373 822 mentiantur
392 786 477 838 qaum
495 769 682 835 deventurus,
702 765 834 837 qnoniam
851 766 893 820 ni·
918 766 1080 837 magisterio
1099 784 1154 820 non
1173 773 1241 832 erat,
1268 773 1300 820 at
1318 783 1337 819 α
1356 766 1436 819 nobis
1453 765 1582 822 sciretur.
1619 765 1753 838 Origenes

60 854 98 909 til
116 871 171 911 nos
189 854 322 909 estrimes
341 853 480 923 libentius,
500 854 614 908 etiamsi
632 852 746 908 mentiri
761 852 893 918 sciamus,
918 857 998 907 treet.
1018 855 1059 908 30.
1078 853 1107 907 in
1125 851 1224 911 Matth.
1242 860 1271 907 et
1288 851 1441 924 Gregorius
1459 850 1507 906 lib.
1529 857 1553 909 8.
1573 853 1691 924 epistola
1711 857 1753 909 12.

60 941 99 995 ita
117 940 206 1004 lavor
225 941 444 1004 inessemus,
468 939 519 1009 qni
536 946 655 994 oennsrn
672 939 787 1008 jactant
806 954 892 1007 prae·
918 938 1070 1010 disputent,
1095 938 1236 993 Christum
1254 938 1336 1008 ioqui
1350 957 1405 992 non
1423 939 1453 991 in
1473 955 1597 1007 persone
1617 956 1678 1003 sue,
1703 941 1755 994 sed

60 1026 161 1095 meere,
178 1025 323 1080 lmentinm
340 1027 437 1079 eorum
454 1025 554 1079 imitat
570 1031 599 1079 ιι
613 1025 673 1079 alit.
710 1023 802 1093 Usque
820 1024 892 1077 adeo
918 1025 949 1078 in
963 1040 1088 1093 persono
1105 1024 1246 1089 eccleciae,
1264 1042 1321 1078 non
1336 1025 1424 1093 justo
1442 1025 1500 1087 hoe,
1516 1025 1595 1094 qaod
1606 1032 1691 1096 eaput
1704 1033 1754 1091 est,

60 1112 86 1166 ln
104 1127 139 1166 rs
157 1111 346 1165 mirabiliori
364 1110 484 1166 soluisse
504 1111 607 1176 dicere,
631 1110 793 1163 mirandum
811 1108 892 1162 doei-
918 1111 971 1164 sert
989 1111 1076 1179 juata
1095 1127 1198 1179 corpus
1215 1111 1291 1179 ejus,
1316 1111 1393 1180 qnod
1414 1118 1465 1164 nos
1488 1127 1592 1167 sumne.
1627 1110 1706 1166 Beda
1725 1111 1755 1164 in

60 1214 125 1250 mas.
169 1201 196 1262 2)
218 1195 292 1262 Quia
321 1195 464 1268 apostolus
493 1195 522 1249 in
552 1194 682 1266 paradiso
712 1195 826 1251 ednotus
857 1193 892 1247 de
917 1211 1013 1250 mmm.
1032 1194 1126 1251 Actor.
1144 1203 1166 1252 1.
1183 1195 1319 1260 ostendit,
1343 1195 1422 1264 qaod
1440 1196 1501 1264 ipse
1516 1195 1602 1264 sciat,
1626 1197 1752 1251 sednon

60 1280 171 1354 ιρόιοιι
192 1298 226 1337 no
245 1288 351 1357 καιροῖς
375 1281 510 1337 adventus
534 1279 672 1336 Dominiel
695 1279 816 1335 seribere
841 1295 892 1334 ne·
916 1282 1048 1350 apodiat
1070 1297 1151 1335 nosse
1174 1281 1346 1344 nomaiibns.
1384 1279 1557 1351 Epiphanius
1576 1280 1683 1337 haeres.
1703 1286 1751 1340 69:

60 1367 206 1423 emerium
231 1367 344 1424 minime
367 1367 475 1422 censuit
502 1372 525 1423 1.
542 1365 640 1421 Thess.
661 1372 685 1432 5,
710 1381 735 1418 r.
759 1370 780 1421 1.
806 1364 892 1420 dubio
917 1368 983 1421 Non
1000 1368 1076 1422 noni
1092 1367 1187 1421 F's'iins
1206 1367 1281 1421 diem
1299 1366 1411 1436 judieii
1434 1366 1592 1436 cognitione
1616 1369 1750 1438 practica

60 1453 169 1524 procul,
191 1453 258 1524 quia
274 1452 402 1509 Christus
423 1453 484 1507 illos
508 1451 630 1524 χρόνους
647 1458 694 1506 not
715 1447 829 1526 καιροί-ς
852 1451 891 1505 in·
918 1461 945 1507 et
961 1453 1181 1523 experimentali,
1207 1454 1276 1524 quin
1302 1453 1442 1520 iudicium
1469 1453 1594 1505 nondam
1621 1455 1753 1508 enerenit.

60 1538 163 1611 degere
179 1538 224 1594 vel
240 1539 310 1594 seire
334 1543 458 1593 nostrum
482 1553 542 1593 esse
565 1544 723 1608 negaverat.
758 1535 892 1607 Augusti·
917 1537 1088 1595 Athanasius
1106 1538 1280 1609 indisputat.
1296 1541 1393 1593 eontra
1405 1536 1503 1592 Arium
1517 1536 1545 1592 in
1560 1536 1753 1595 conchilia:

60 1641 111 1680 nus
134 1624 215 1696 epist.
234 1629 275 1680 te.
300 1623 337 1679 ad
361 1622 536 1695 Hesychinm
562 1622 687 1678 meminit
709 1621 891 1694 quorundam,
917 1625 1014 1693 Neque
1032 1624 1126 1678 Filirss
1138 1624 1191 1678 seit
1205 1625 1370 1696 adoptatus,
1385 1623 1517 1678 videlieet
1532 1622 1658 1695 pondus
1673 1622 1756 1678 Oini-

60 1711 105 1782 nui
123 1725 158 1766 ex
174 1709 267 1764 verbis
286 1709 398 1780 Christi,
416 1712 452 1764 rie
470 1711 519 1765 dis
535 1709 590 1764 silo
608 1716 635 1763 ιι
651 1709 723 1763 horn
741 1724 820 1762 nemo
839 1708 892 1762 seit
916 1710 1034 1766 emanas.
1059 1708 1162 1766 Confer
1182 1708 1378 1765 Bellarminum
1396 1706 1444 1766 lib.
1465 1714 1489 1765 4.
1510 1708 1545 1762 ds
1567 1706 1670 1763 Christi
1690 1709 1752 1764 ani·

60 1802 105 1850 ιιι.
124 1795 244 1866 probare
260 1795 414 1864 voluerunt,
434 1803 562 1865 ternpore
584 1795 690 1862 iudicii
709 1810 795 1866 posse
819 1808 891 1847 eom·
918 1813 963 1852 ma
983 1813 1007 1852 o.
1026 1805 1050 1853 5.
1085 1794 1140 1851 Sed
1160 1795 1257 1851 beatus
1276 1801 1370 1851 noster
1388 1793 1528 1851 Lutherus
1550 1794 1626 1850 hisee
1653 1794 1752 1867 glossis

60 1882 163 1952 outoni,
183 1882 258 1934 diem
277 1895 343 1935 nero
362 1882 554 1935 tantummodo
573 1881 663 1950 ipsum
684 1887 711 1934 tt
729 1879 829 1933 horam
846 1895 891 1932 ns·
918 1881 1029 1938 minime
1048 1898 1118 1954 opus
1137 1897 1197 1937 esse
1213 1886 1289 1936 reete
1306 1887 1408 1937 censet
1445 1884 1546 1935 Verum
1566 1881 1680 1953 quidem
1701 1889 1751 1945 est,

60 1966 159 2020 minem
178 1968 264 2034 seire,
288 1964 389 2037 quibus
408 1964 584 2038 Augustinus
601 1964 710 2020 erudite
732 1964 785 2021 hoe
808 1962 891 2018 modo
917 1967 1059 2025 Christum
1076 1968 1149 2024 diem
1171 1968 1247 2024 illum
1272 1969 1353 2023 nohis
1375 1968 1536 2034 nescivisse,
1564 1967 1674 2023 interim
1697 1985 1752 2024 ern·

60 2051 219 2122 1111011(1112
252 2053 357 2107 0111110
385 2052 492 2116 ditm,
518 2052 752 2121 itimadtmdum
781 2049 891 2105 tolmai
918 2054 999 2125 phasi
1014 2059 1106 2110 textus
1125 2053 1179 2110 hoo
1196 2071 1252 2110 nou
1272 2053 1421 2122 satisfacit,
1445 2052 1549 2124 quippe
1573 2052 1602 2108 in
1626 2070 1681 2125 quo
1708 2054 1749 2108 di·

60 2138 226 2210 Seriptnrne
243 2139 319 2191 diem
336 2138 380 2192 oei
397 2138 496 2192 itonam
515 2137 600 2191 etiam
618 2155 677 2207 pro
695 2145 820 2205 tempore
839 2153 890 2205 po·
918 2148 991 2197 serta
1008 2141 1173 2204 adstruitur,
1199 2138 1302 2194 Filium
1320 2139 1452 2205 hominis,
1477 2138 1592 2194 honest
1612 2137 1752 2193 Christum

60 2239 132 2292 nere,
151 2224 205 2277 seri
220 2231 294 2277 terte
314 2223 391 2277 siluri
409 2225 445 2276 sie
462 2222 627 2290 ignorantia
643 2229 892 2294 temporumaptr·
917 2229 1069 2282 seeundum
1093 2227 1244 2280 humanam
1269 2233 1402 2279 naturam
1430 2224 1460 2278 in
1486 2232 1563 2278 stota
1586 2224 1755 2293 profundae

60 2309 161 2363 tissime
182 2309 288 2363 dietum
306 2317 354 2365 est.
389 2309 467 2362 Nam
487 2308 631 2361 cumhinc
649 2308 790 2361 Dominus
807 2307 893 2361 inter·
919 2310 1133 2371 exinanitionis,
1157 2313 1231 2366 sliam
1251 2310 1332 2365 illum
1350 2330 1406 2366 non.
1423 2312 1540 2364 nonime.
1577 2310 1655 2374 Quae
1681 2311 1754 2365 enim

60 2401 174 2463 mentm
192 2401 262 2448 esset
281 2412 300 2448 a
319 2393 470 2463 discipulis
487 2394 554 2459 sais,
594 2395 692 2459 Nemo,
712 2393 812 2462 inquit,
828 2398 892 2464 pot·
918 2397 974 2454 diei
991 2397 1082 2452 ultimi
1100 2397 1216 2453 seientia
1232 2395 1391 2452 hominibus
1409 2402 1437 2450 et
1455 2396 1564 2466 augelis
1588 2395 1753 2463 detrahitur,

60 2487 95 2534 est
112 2496 281 2548 cognoscere
299 2487 436 2549 tempora,
455 2496 526 2550 orme
546 2480 636 2533 Pater
651 2479 749 2548 posuit
767 2479 797 2532 in
811 2486 891 2547 pott-
919 2482 1015 2538 eadem
1037 2483 1121 2538 etiam
1138 2482 1210 2537 nino
1236 2479 1354 2536 hominis
1379 2480 1549 2552 denegatur,
1573 2487 1601 2535 et
1624 2479 1754 2550 vicissim,

60 2574 128 2621 ttntt
146 2584 208 2620 tua.
246 2567 311 2620 Non
331 2565 404 2619 tm'm
425 2566 512 2634 dixit,
536 2565 612 2619 ditm
629 2564 673 2619 vti
698 2565 813 2633 horam,
841 2565 893 2618 ml
918 2585 990 2642 quae
1010 2569 1066 2625 diei
1086 2568 1176 2624 ultimi
1194 2567 1311 2624 selentia
1326 2566 1493 2634 horninibus,
1514 2565 1621 2637 angelis
1640 2571 1668 2621 et
1682 2566 1754 2622 Filio

60 2660 193 2723 tempora,
213 2667 285 2720 quat
305 2651 336 2704 in
354 2651 433 2705 breti
448 2651 543 2721 spatio
562 2668 616 2706 nvn
636 2650 727 2704 toleti
746 2649 807 2704 dici
819 2650 892 2704 titul
917 2654 1036 2711 hominis
1054 2654 1208 2710 detrahitur
1225 2654 1253 2708 iu
1271 2652 1395 2708 membro
1414 2651 1512 2723 priori,
1539 2651 1636 2706 eadem
1659 2650 1688 2706 iu
1705 2669 1753 2723 po·

60 2737 254 2802 dissidioso,
266 2733 892 2804 maximusGtmwmftmssmvrsswdssium,
918 2741 1025 2797 nteriori
1051 2740 1232 2812 oppositionis
1260 2738 1385 2794 membro
1407 2737 1487 2793 Patri
1514 2736 1653 2795 tribuitur.
1688 2739 1753 2794 Jam

60 2824 103 2878 tbi
119 2831 161 2878 ott
178 2822 301 2898 χρόνους
316 2827 363 2876 καὶ
383 2817 497 2896 καιρούς
507 2829 559 2878 ιιι.
586 2822 725 2891 Tempora
737 2836 804 2889 tngo
818 2837 891 2875 eom·
918 2842 984 2882 vero
1000 2826 1123 2882 homines
1136 2828 1172 2882 'et
1189 2823 1282 2897 angeli
1301 2823 1432 2895 ignorant
1451 2822 1524 2878 diem
1542 2821 1622 2877 illurn
1638 2840 1694 2878 nou
1710 2840 1752 2878 so·

60 2916 166 2975 Mart,
182 2908 235 2961 1¹⁰0
254 2913 295 2961 ⁶⁸2
309 2903 439 2982 κρόνους,
462 2913 493 2959 ¹⁴²
511 2908 647 2975 sciamus,
673 2907 788 2975 quando
805 2906 842 2960 til
857 2908 891 2971 11·
917 2912 975 2968 lum
999 2912 1070 2980 aliis,
1099 2910 1148 2966 sed
1172 2909 1257 2966 etiam
1285 2909 1339 2964 sibi
1366 2908 1443 2979 ipsis.
1478 2907 1565 2963 Pater
1591 2925 1647 2964 non
1675 2908 1755 2964 seivit

60 2995 204 3063 1111111113
221 2992 372 3048 ’61111161
395 2995 534 3049 “de
552 2993 687 3057 Dttm'm'·
701 2992 783 3047 ’81111
808 2992 893 3047 “lind
919 3000 992 3056 diem
1010 2998 1190 3054 novissimum
1210 2995 1247 3051 ad
1263 2995 1458 3061 revelandum,
1485 3011 1548 3050 oum
1569 3011 1625 3051 non
1650 2993 1755 3051 revela·

60 3080 125 3136 niti
141 3080 254 3133 videtur
272 3095 357 3147 qaam
376 3079 448 3133 seire
466 3078 547 3144 nelle,
572 3081 650 3148 guod
665 3079 728 3148 ipse
745 3078 789 3132 ait
805 3079 891 3133 nttnt'·
918 3084 997 3143 verit.
1021 3083 1098 3156 Ergo
1117 3083 1201 3138 etiam
1219 3082 1308 3137 Filius
1328 3081 1443 3137 eundem
1461 3098 1517 3135 non
1534 3080 1596 3136 aliis
1610 3080 1753 3149 duntaxat,

60 3183 116 3223 sens
138 3165 214 3220 seire
234 3181 327 3234 postt-
363 3166 390 3231 ³)
416 3164 490 3229 Quia
513 3165 591 3221 Deus
614 3165 668 3223 hoe
694 3164 783 3219 voluit
810 3164 891 3220 nohis
918 3171 968 3228 sed
987 3169 1040 3226 sibi
1058 3169 1199 3242 ignorarit
1216 3184 1269 3225 nee
1286 3168 1324 3222 ad
1342 3167 1520 3224 revelandum
1539 3168 1676 3223 duntaxat
1693 3167 1754 3222 aliis

60 3267 116 3308 sss
133 3250 289 3316 oecultum,
311 3249 361 3306 soti
379 3265 447 3305 vero
464 3249 596 3306 menese
619 3266 686 3305 suae
712 3254 890 3309 morotum.
918 3255 1044 3314 nescivit.
1080 3253 1265 3311 uolumine·
1289 3252 1350 3308 libr.
1370 3259 1394 3310 ι.
1413 3253 1448 3309 de
1465 3251 1576 3308 chrum
1603 3268 1663 3324 esp.
1685 3258 1706 3308 ι.
1726 3258 1755 3307 et

60 3335 170 3392 iathar.
191 3341 231 3402 14,
251 3351 276 3390 v.
295 3341 325 3389 t:
357 3336 425 3389 Erit
447 3337 509 3390 dies
532 3342 602 3389 nota
624 3335 756 3391 Domino.
792 3334 891 3392 Matth.
917 3341 1028 3398 Jesnlta
1045 3340 1205 3396 Amandus
1221 3338 1250 3394 in
1267 3338 1386 3411 epistola
1402 3338 1439 3393 ad
1458 3336 1632 3395 Chamiarum
1659 3355 1754 3392 omnes

60 3429 93 3491 tt,
114 3438 141 3475 v.
162 3426 203 3477 36.
239 3421 325 3477 Mart.
348 3426 387 3484 13,
407 3438 433 3475 v.
452 3425 499 3476 tt:
537 3423 582 3475 De
602 3422 649 3474 rtie
672 3419 727 3476 iiia
750 3420 793 3475 eei
820 3422 890 3476 lora
917 3435 1014 3498 patres
1042 3428 1107 3480 haio
1133 3423 1364 3494 interpretationi
1387 3424 1541 3478 adversari
1567 3422 1677 3490 dieunt,
1704 3424 1753 3477 sed

60 3525 134 3567 temo
153 3508 214 3577 soit,
231 3524 319 3576 neque
331 3508 429 3575 angeli
438 3506 588 3576 nodorum,
605 3522 694 3576 nemis
710 3506 813 3569 lilim,
834 3508 893 3561 niti
917 3518 1009 3569 exstat
1026 3511 1102 3583 apud
1119 3510 1329 3566 Nazianzenum
1355 3510 1480 3564 oratione
1497 3515 1520 3566 t.
1544 3509 1580 3565 de
1594 3507 1682 3566 Filio:
1708 3531 1753 3582 ys·

60 3597 132 3651 otas
151 3596 248 3649 Pater.
283 3596 376 3650 Actor.
402 3600 423 3660 l,
442 3612 468 3649 v.
483 3599 512 3651 i:
531 3595 598 3648 Non
618 3602 660 3648 est
678 3601 799 3649 vestrum
816 3593 890 3649 ttire
917 3597 1018 3656 seiam
1038 3599 1093 3673 μὲν
1113 3594 1150 3660 sic
1168 3595 1243 3664 θεός,
1263 3592 1378 3667 ἀγνοεῖν
1396 3592 1579 3668 dimiseratis
1593 3589 1753 3671 ἅνθρωπος.

60 3700 98 3747 a,
125 3697 200 3750 qnae
223 3681 311 3735 Pater
336 3680 434 3750 posuit
458 3682 488 3734 in
512 3698 566 3734 saa
590 3680 716 3750 proprio
738 3687 888 3750 potestate.
916 3684 1018 3741 (tenter
1038 3681 1166 3756 ejusdam
1183 3686 1251 3737 orat.
1270 3687 1311 3737 35.
1332 3686 1360 3736 et
1378 3684 1420 3736 36.
1448 3678 1620 3735 Athanasius
1638 3687 1708 3736 orat.
1728 3689 1753 3739 t.

60 3782 186 3824 maeno
202 3765 265 3821 lihr.
285 3770 310 3821 1.
326 3764 433 3821 advers.
453 3764 558 3822 haeret.
578 3781 602 3820 e.
620 3771 668 3822 ts:
688 3766 724 3821 et
741 3766 888 3820 seientiam
916 3776 1014 3826 eontra
1032 3769 1143 3826 Arium:
1170 3769 1235 3823 Non
1257 3767 1377 3820 Verbum
1396 3774 1533 3836 qnatenus
1558 3766 1677 3820 Verbum
1697 3767 1753 3820 ista

60 3854 131 3910 ttius
156 3852 217 3905 sliri
233 3851 327 3905 ditius
352 3868 408 3904 non
433 3850 543 3906 eruiait
565 3853 678 3915 referre
704 3852 746 3905 ad
763 3852 888 3915 Patren.
916 3857 996 3923 αιἰἰι,
1015 3857 1098 3926 qnasi
1117 3854 1276 3924 ignoraret,
1301 3853 1354 3906 secl
1377 3850 1446 3924 qnia
1473 3868 1588 3907 earnem
1613 3852 1752 3905 habuerat

60 3942 101 3996 ed
120 3939 210 4001 elisit,
233 3938 310 4006 quest
325 3952 421 3991 oerum
440 3945 494 4006 est,
519 3939 659 4007 memorio
677 3955 729 3991 nos
747 3955 804 3991 non
828 3955 888 3993 ern·
916 3942 1094 4012 ignorationi
1112 3939 1268 4008 sinonism,
1285 3938 1443 3993 carnaliter
1459 3938 1569 3992 loeutus
1588 3947 1637 3995 est.
1669 3937 1753 3993 Item:

60 4026 207 4089 assinos,
230 4039 301 4091 qnae
320 4029 385 4075 sant
402 4022 433 4074 in
449 4023 657 4090 quaestionibus
682 4023 809 4091 seniora,
833 4040 889 4076 non
917 4027 1008 4082 Homo
1024 4028 1090 4095 jam
1108 4026 1211 4094 sactus
1234 4024 1304 4078 haee
1319 4023 1405 4077 verbo
1427 4020 1564 4093 protulit,
1588 4040 1623 4078 ne
1643 4023 1751 4079 lilium

60 4125 198 4167 >manare
225 4110 310 4164 Deo!
339 4125 418 4162 nemo
442 4108 516 4161 enim
539 4123 628 4176 snpra
651 4109 817 4177 magistrum
841 4115 889 4162 est.
916 4113 1030 4182 quitiam
1048 4112 1130 4178 seire,
1155 4110 1296 4180 siquidem
1315 4126 1401 4163 carne
1427 4126 1484 4162 non
1502 4117 1627 4172 noverat,
1658 4127 1753 4179 quassi·

60 4195 225 4253 Athanasius
258 4210 338 4249 serm.
366 4201 389 4248 ι.
425 4198 523 4249 contra
548 4193 683 4251 Arianos:
722 4195 891 4257 Refrenmit
916 4199 959 4252 eis
976 4206 1006 4251 nt
1032 4198 1102 4251 deus
1129 4196 1228 4249 loram
1254 4194 1337 4249 iiiam
1365 4194 1431 4248 bene
1458 4197 1601 4262 cognitam
1629 4196 1752 4251 lateret.

60 4283 232 4338 unissimus
251 4288 378 4343 nostem,
402 4295 436 4332 ne
455 4280 594 4333 scireest
611 4279 783 4348 investigare
807 4285 890 4333 tente-
916 4283 998 4339 Item:
1025 4283 1117 4338 Sicuti
1135 4282 1216 4336 tomo
1235 4298 1296 4335 mem
1313 4279 1470 4333 hominibus
1490 4279 1577 4333 esurit
1597 4285 1624 4332 et
1644 4280 1702 4333 sitit
1726 4289 1753 4335 et

60 4386 114 4423 nas
131 4368 172 4431 iri,
192 4367 269 4435 quoti
286 4364 397 4433 angelis
416 4372 456 4418 est
475 4365 598 4435 ignotum
615 4365 737 4434 scirique
755 4382 812 4418 non
827 4372 890 4434 pot·
913 4372 1033 4440 patitur,
1054 4370 1095 4422 ito
1113 4375 1144 4421 at
1162 4367 1243 4422 homo
1261 4384 1322 4420 eum
1341 4364 1497 4419 hominihus
1514 4381 1570 4418 non
1588 4365 1672 4418 novit.
1706 4367 1752 4419 De

60 4468 98 4511 se.
142 4450 273 4522 Plerique
299 4455 424 4506 veterum
448 4449 520 4505 illud
547 4448 633 4504 Mare.
661 4454 701 4518 13,
729 4467 754 4506 v.
785 4455 826 4507 ³2.
855 4451 890 4506 de
916 4457 963 4510 die
983 4463 1010 4510 et
1029 4455 1102 4509 hora
1119 4461 1170 4511 ste.
1190 4470 1253 4508 eam
1273 4450 1409 4506 divinitus
1428 4451 1522 4505 omnia
1540 4449 1633 4518 sciret,
1653 4468 1754 4507 earna-

60 4542 156 4612 ἰγνοιᾳ
175 4536 240 4592 11111
266 4536 305 4593 sie
327 4542 484 4609 exponunt,
504 4538 581 4607 quod
601 4535 731 4591 Christus
754 4546 890 4607 quatenus
914 4541 983 4595 liter
999 4548 1094 4594 tannen
1111 4539 1145 4594 oh
1163 4555 1276 4593 earnem
1292 4536 1468 4605 ignorationi
1487 4536 1648 4604 ,obnoxiam
1672 4539 1754 4607 elisit,

60 4627 113 4681 Dei
130 4624 241 4693 legatas
256 4625 299 4679 od
311 4624 557 4693 praedicationem
573 4623 653 4676 verbi
667 4623 769 4678 missus
783 4632 890 4694 tempus
916 4627 978 4696 ejus
995 4626 1041 4679 rei
1058 4643 1088 4680 se
1107 4626 1238 4694 ignarum
1258 4639 1322 4676 esse.
1359 4623 1419 4676 Pro
1444 4620 1565 4674 hominis
1585 4624 1698 4678 rat-ione
1722 4633 1753 4679 ιιι

60 4712 172 4767 ests-emi
181 4710 294 4779 judieii
309 4726 369 4763 sese
388 4709 522 4778 ignorare
539 4718 660 4772 asserat,
677 4710 747 4779 orsio
759 4727 816 4763 non
828 4718 891 4765 erat
915 4712 996 4766 tomo
1015 4710 1188 4780 loquebatur,
1206 4727 1263 4763 non
1280 4707 1353 4762 noni.
1381 4705 1502 4777 cyrillus
1521 4705 1570 4768 lib.
1585 4713 1608 4765 9.
1630 4708 1753 4766 thesauri
1767 4726 1819 4769 xlm
1835 4726 1881 4769 tta

60 4817 67 4852 t
87 4799 181 4852 Patre
198 4796 308 4864 miserta,
326 4802 356 4848 ot
373 4795 449 4848 tliem
460 4793 572 4863 judieii
586 4795 666 4849 nohis
679 4795 825 4862 revelaret,
841 4795 889 4850 sed
916 4815 939 4854 e.
960 4803 1004 4855 lo:
1028 4798 1074 4850 De
1091 4812 1121 4849 se
1141 4795 1204 4864 ipso
1221 4802 1252 4848 nt
1270 4793 1379 4848 homine
1399 4793 1523 4864 loqueris,
1540 4812 1592 4850 nee
1610 4796 1752 4867 derogans

60 4889 81 4939 tt
102 4881 250 4937 eonsilium
268 4880 323 4936 Dei
341 4881 375 4935 de
394 4880 484 4935 salute
503 4885 598 4935 nostra
617 4879 698 4936 nobis
723 4887 889 4953 proponeret
915 4882 971 4938 eibi
986 4882 1046 4953 ipsi
1061 4888 1092 4935 ut
1110 4883 1176 4947 deo,
1199 4880 1253 4934 seit
1274 4881 1347 4933 enim
1365 4886 1396 4933 ut
1413 4880 1499 4944 deus,
1524 4883 1602 4951 quod
1622 4889 1652 4935 ut
1669 4881 1751 4935 homo

60 4967 115 5026 ioh
149 4973 190 5036 14,
219 4984 245 5022 ν.
275 4970 317 5022 31.
352 4965 477 5021 Hilarius
504 4964 576 5022 libro
605 4972 644 5023 to.
673 4966 709 5023 de
739 4966 889 5023 Trinitate:
914 4970 1037 5038 imsonat.
1074 4963 1158 5022 item}
1191 4966 1271 5020 Sient
1295 4966 1384 5019 voluit
1410 4973 1544 5035 tanquam
1565 4966 1646 5021 homo
1667 4968 1752 5036 same

60 5054 203 5120 &esurie
222 5052 345 5107 neseitoe
359 5053 421 5106 diei
437 5070 493 5106 non
509 5059 551 5107 est
566 5053 756 5122 ignorationis
771 5054 889 5123 infirmi·
916 5063 942 5110 et
958 5055 1011 5110 siti
1026 5055 1177 5123 ιιιιιίιιιιι
1194 5049 1361 5121 huiusmodi
1384 5051 1530 5119 laborare,
1549 5053 1591 5106 sie
1614 5056 1698 5107 etiam
1722 5062 1752 5106 ut

60 5157 105 5204 as,
123 5141 177 5194 sed
194 5139 309 5193 tacendi
325 5138 511 5209 dispensatio.
547 5138 712 5194 Ambrosius
731 5139 791 5196 libr.
810 5146 834 5197 3.
854 5140 889 5196 de
914 5141 995 5196 homo
1016 5140 1090 5195 diem
1107 5137 1191 5193 silum
1208 5138 1330 5206 ignorat.
1367 5136 1450 5193 Item:
1486 5138 1557 5191 Vere
1575 5138 1655 5207 dieii,
1674 5155 1704 5193 se
1722 5149 1752 5193 ut

60 5224 106 5281 ide
124 5241 148 5280 e.
168 5229 198 5281 8:
231 5225 297 5278 Non
315 5225 394 5287 diest,
411 5239 443 5277 ss
460 5225 577 5291 nescire,
601 5226 655 5279 sest
669 5225 751 5294 dixit,
774 5243 829 5281 non
847 5234 889 5281 est
915 5227 1052 5282 hominem
1072 5225 1215 5293 ignorare,
1233 5225 1411 5294 infirmitates
1430 5239 1525 5279 omnes
1543 5230 1657 5278 nostras
1674 5241 1752 5279 aece-

60 5317 173 5365 sestsnm
193 5311 276 5366 sm're.
300 5311 448 5380 Ignoraoit
461 5311 537 5373 aliis,
558 5326 614 5365 non
627 5311 689 5366 sibi.
715 5311 889 5384 Augustinus
912 5313 966 5383 pit.
988 5310 1094 5368 nmen
1114 5316 1157 5368 est
1176 5310 1315 5379 sententia
1331 5308 1431 5367 Basilii
1448 5307 1567 5380 epistola
1589 5314 1610 5365 1.
1631 5309 1668 5364 sd
1687 5312 1753 5364 Am·

60 5395 99 5453 ih.
116 5395 154 5451 de
170 5395 309 5452 Trinitate
327 5413 351 5454 o.
372 5403 412 5453 tt.
434 5395 482 5450 lib.
503 5402 524 5451 1.
546 5393 582 5450 ds
599 5395 701 5451 Genea.
721 5403 819 5454 souma
830 5398 889 5454 lia·
915 5395 1096 5471 philoohinns.
1132 5396 1297 5453 Ambrosius
1315 5394 1379 5452 libr.
1398 5394 1433 5452 da
1449 5394 1638 5450 lnonrnationa
1658 5411 1752 5450 saera·

60 5480 123 5537 mh.
142 5497 168 5537 e.
186 5486 228 5538 21.
246 5488 275 5538 et
293 5481 322 5537 in
340 5488 458 5538 enamt.
482 5480 587 5535 Psalm.
608 5487 637 5539 t:
669 5482 732 5536 Hoe
755 5484 819 5539 ideo
844 5485 888 5538 di·
916 5490 999 5540 ment.
1017 5498 1041 5539 o.
1053 5488 1082 5538 ts
1106 5486 1186 5538 Dens
1199 5483 1404 5552 perfeetimem
1423 5480 1547 5549 suscepit
1564 5488 1684 5536 naturae
1703 5482 1753 5535 hn-

60 5574 124 5622 dnm
142 5574 191 5638 est,
209 5568 276 5638 orsio
293 5583 349 5638 per
362 5566 470 5621 dilium
487 5566 612 5622 homines
630 5567 681 5622 hoe
700 5585 756 5622 non
769 5569 888 5636 diseunt,
918 5584 1028 5637 manoe,
1047 5568 1170 5637 srsseepit
1189 5586 1298 5624 sennem
1315 5566 1443 5630 hominis,
1462 5567 1514 5621 sesi
1530 5584 1584 5620 non
1597 5584 1680 5622 sensu
1691 5584 1753 5621 onr-
