4050 6014
203 350 265 408 sse
850 338 1268 418 smcrswsumn'rus

203 493 318 569 βρώσει·
348 498 406 553 elta
425 498 476 563 τὴν
493 500 593 552 πασῶν
617 490 822 568 χαλεπωτάτην
844 492 967 562 κόλασιν,
990 492 1040 549 τὸν
1066 494 1299 565 insuetinquibilie
1329 499 1380 548 ete.
1416 494 1462 546 De
1490 493 1589 563 quibem
1619 493 1725 547 deeobue
1755 492 1908 548 innumera

204 581 363 651 ἰνειδισμὸν
394 584 499 638 ἐκεῖνον
525 587 572 637 uul
597 581 647 649 τὴν
674 577 812 653 alexium
837 582 888 650 τὴν
917 577 1039 645 αἰώνιον,
1064 583 1188 651 pendent
1203 597 1362 650 poenarum
1381 596 1494 648 uenero,
1512 579 1643 634 uidelicet
1659 579 1724 632 sitis
1739 578 1906 632 intolerabi-

203 670 296 737 iynem
316 669 460 721 obscurum
484 669 638 722 causticam
663 669 775 738 attidem
802 668 857 722 uim
885 667 1040 737 habentem,
1066 669 1117 738 lis,
1140 684 1236 739 poena
1252 667 1357 732 soeriis,
1377 683 1473 736 poena
1489 665 1626 734 foetoris,
1649 681 1743 734 poena
1765 665 1906 732 horroris,

203 755 276 809 lucis
297 770 362 808 uero
385 761 541 822 enemim,-
558 755 661 809 deinde
678 755 814 807 vermium
831 770 917 821 aenne
934 769 1040 806 venena
1063 769 1157 823 poena
1174 752 1299 816 timoris,
1314 768 1410 821 poena
1428 752 1585 821 ananstiae,
1605 766 1701 819 poena
1716 753 1907 817 tenebrarum,

198 842 336 909 jaculans
352 848 377 893 et
391 855 504 893 carnem
522 842 668 894 absumens
685 840 892 910 inexplebiliter
911 843 997 893 edens
1015 847 1041 891 et
1066 838 1202 892 severitas
1217 838 1349 908 tortoris,
1368 838 1532 907 praesentia
1558 841 1738 904 daemonum,
1764 837 1907 896 ferocitas

204 943 346 996 rnunauam
359 926 524 992 saturabile,
543 927 737 980 intolerabiles
756 926 869 980 dolores
880 927 1040 980 corrosione
1067 924 1226 985 bestiarum,
1241 924 1394 979 crudelitas
1411 923 1640 987 ministrantium,
1659 923 1831 977 dilaceratio
1849 923 1905 975 im-

143 1026 146 1033 ·
203 1014 340 1080 modam
368 1020 509 1081 postremo
543 1013 665 1066 omnium
689 1013 886 1081 arduissimam
908 1029 1040 1082 poenam,
1067 1011 1229 1064 mortalium
1247 1011 1389 1078 vermium,
1406 1010 1507 1063 ommis
1527 1010 1722 1073 oorsecientiae,
1741 1009 1847 1076 ianuae
1861 1008 1905 1061 la-

203 1099 280 1152 illud
300 1099 436 1168 probrum
465 1107 492 1152 et
518 1099 701 1166 ianominiam
732 1106 883 1153 aeternam.
922 1097 1040 1170 Chryso·
1067 1113 1186 1165 myrnae,
1207 1096 1333 1165 susspicio
1351 1094 1492 1161 miseriae,
1510 1095 1595 1149 dolor
1615 1095 1824 1162 sineremedio,
1842 1096 1903 1148 ain·

203 1191 307 1240 domus
334 1184 413 1255 epist.
439 1191 463 1240 ὅ.
496 1184 533 1239 ed
554 1184 731 1240 Theodorum
765 1186 886 1255 lapsum:
916 1185 1039 1239 brende-
1066 1183 1131 1236 cosla
1150 1183 1211 1235 sinc
1229 1182 1376 1249 solutione,
1400 1199 1476 1235 mors
1494 1190 1619 1251 amana,
1640 1199 1734 1251 poena
1751 1183 1813 1236 sine
1830 1183 1905 1250 stne,

202 1288 263 1324 mus
296 1271 425 1324 deruibus
455 1279 575 1342 propter
610 1271 722 1323 labores
746 1278 773 1323 et
801 1270 946 1324 cruciatus
973 1271 1040 1324 illos
1065 1268 1194 1321 absentia
1217 1267 1331 1322 cbristi'
1351 1269 1449 1337 quoad
1474 1268 1609 1322 visionem
1634 1268 1708 1336 ejus,
1738 1286 1812 1337 quae
1839 1269 1905 1323 sola

202 1356 370 1424 indicibiles,
389 1372 468 1409 nemo
487 1357 631 1425 suppetiae
649 1356 738 1422 seret,·
753 1357 933 1425 plorabimus
946 1371 1039 1409 omnes
1066 1353 1161 1408 omnia
1179 1371 1266 1422 supra
1287 1355 1365 1408 decta
1383 1362 1501 1422 superat
1521 1361 1547 1408 et
1565 1352 1692 1408 omnibus
1712 1353 1812 1423 pomis
1828 1354 1902 1407 into·

203 1442 378 1511 tristissime,
404 1444 518 1509 flamma
537 1442 617 1496 nobes
640 1443 823 1496 uehementius
848 1443 1037 1510 incumbente,
1065 1439 1221 1497 lerabilior.
1258 1439 1330 1495 Ibid.
1350 1457 1413 1511 cup.
1434 1447 1464 1494 7:
1496 1442 1575 1494 Tunc
1591 1439 1743 1495 borribelia
1764 1440 1902 1508 patebunt

202 1531 337 1584 neminem
357 1529 511 1583 ridebimus
526 1536 645 1597 praeter
672 1530 872 1582 condemnatos
894 1528 1037 1583 nobiscum
1064 1526 1137 1593 loom
1158 1544 1317 1597 poenarum
1331 1528 1416 1582 cbaos
1435 1535 1462 1583 et
1479 1529 1573 1596 celiae
1590 1528 1776 1594 tenebrarum,
1801 1527 1901 1581 borro-

202 1622 228 1668 et
247 1617 395 1669 immanem
413 1615 604 1669 solitudinum.
642 1614 712 1676 Quis
727 1623 820 1684 potest
834 1615 926 1668 verbis
943 1631 1036 1668 conse·
1063 1630 1141 1682 rum,
1158 1614 1289 1667 mueriae
1309 1622 1335 1666 et
1356 1614 1548 1668 tribulationie
1567 1622 1685 1676 tremor,
1709 1615 1795 1667 timor
1813 1631 1900 1682 anau·

202 1701 259 1770 qni,
277 1717 362 1769 quam
379 1700 582 1769 sornsidabiles
593 1716 715 1769 pavores
735 1718 755 1754 a
772 1701 893 1754 unebris
911 1699 1036 1752 exorien-
1062 1699 1135 1752 etiae
1153 1706 1178 1752 et
1198 1699 1385 1767 confusionis,
1410 1701 1496 1755 dolor
1514 1701 1673 1755 horrendae
1692 1700 1820 1767 Manu,
1846 1707 1900 1753 tre·

201 1794 263 1854 tur,
289 1803 361 1855 auae
386 1788 416 1840 in
440 1787 543 1840 animis
567 1788 673 1841 nostrie
696 1787 860 1840 eestabemt!
897 1785 1036 1846 Quemad-
1062 1802 1124 1838 mor
1143 1787 1303 1839 tremendae
1320 1786 1486 1849 mansionis,
1517 1787 1596 1841 loeus
1608 1786 1747 1854 flentium,
1764 1785 1815 1839 ubi
1832 1787 1900 1839 stri·

202 1875 314 1926 modum
335 1874 409 1941 ianis
427 1873 489 1926 illic
507 1891 565 1927 non
581 1875 664 1927 babet
680 1875 736 1928 uim
747 1873 915 1940 resolvendi,
933 1874 975 1926 sic
986 1889 1036 1926 nec
1063 1873 1119 1924 dor
1136 1872 1270 1938 dentium,
1294 1872 1344 1925 ubi
1358 1889 1465 1925 morsus
1486 1872 1629 1939 vermium,
1653 1871 1703 1925 ubi
1719 1871 1829 1925 clamor
1850 1875 1900 1927 do

201 1959 297 2013 lucere
309 1967 411 2029 potest,
429 1960 558 2029 alioquin
579 1977 635 2013 non
653 1967 744 2014 essent
761 1959 897 2014 tenebrae.
928 1960 1036 2028 Hujus·
1062 1957 1186 2024 lentium,
1205 1957 1254 2010 ubi
1268 1958 1360 2011 luctus
1379 1958 1554 2027 cernentium,
1579 1957 1629 2011 ubi
1644 1965 1686 2011 est
1702 1975 1755 2012 roc
1772 1958 1901 2013 claman-

202 2045 282 2098 modi
297 2045 385 2114 icitur
398 2062 533 2114 pauorem
551 2065 570 2099 a
591 2046 724 2112 tenebris,
749 2053 903 2113 tremorem,
920 2044 1035 2098 solutio·
1061 2043 1130 2096 tium
1153 2050 1336 2111 peccatorum
1358 2052 1384 2096 et
1409 2043 1576 2096 dicentium:
1620 2043 1676 2096 Vae
1704 2044 1799 2107 nobie,
1829 2044 1901 2108 tiliis

201 2148 263 2184 nem
280 2132 472 2200 membrorum,
490 2133 638 2185 monitum
656 2139 798 2200 stuporem
810 2133 955 2185 adducere
973 2132 1036 2200 suf·
1063 2130 1159 2183 ane!
1194 2127 1315 2197 &maus
1336 2130 1405 2183 baec
1423 2136 1449 2182 et
1467 2129 1584 2197 similia,
1606 2131 1662 2184 imo
1680 2130 1814 2183 mdlese‘es
1828 2129 1900 2200 plus

183 2217 260 2285 ¹ficit
277 2235 334 2272 una
354 2219 436 2272 illius
455 2219 589 2288 temporie
611 2219 696 2273 ratio.
732 2218 829 2271 Multa
855 2216 918 2272 illic
942 2217 1036 2270 ouria·
1063 2232 1147 2285 qaam
1165 2215 1226 2268 dici
1240 2223 1360 2285 possunt
1375 2216 1483 2286 peiora
1499 2218 1536 2270 de
1553 2232 1672 2286 corpore
1684 2233 1833 2284 carerem
1847 2218 1900 2271 nei·

112 2304 116 2312 '
202 2320 254 2373 aue
277 2311 430 2369 tormenta,
455 2305 580 2374 mmuli
600 2320 758 2376 poenarum
780 2321 831 2358 seu
856 2305 930 2358 niuis
956 2304 1035 2356 inun·
1061 2317 1127 2354 sera
1152 2302 1263 2370 anima,
1295 2302 1351 2356 imo
1379 2302 1539 2356 miserrima
1565 2302 1705 2367 audierit,
1734 2303 1841 2359 uiderit
1872 2311 1900 2358 et

201 2391 281 2444 dant.
316 2388 441 2460 cyrillus
458 2390 661 2446 Alexandrinus
687 2389 715 2444 in
734 2396 801 2445 oret.
828 2389 863 2444 de
884 2389 960 2443 exitu
978 2389 1035 2444 nni·
1061 2388 1188 2455 senserit,
1207 2389 1303 2456 cesalis
1322 2395 1497 2458 eremitaque
1514 2395 1541 2441 et
1564 2406 1649 2457 qnam
1666 2406 1784 2456 maanus
1802 2397 1899 2445 terror

200 2492 277 2534 mue:
304 2477 375 2540 Heus,
393 2477 455 2546 beu,
476 2476 571 2547 areales
590 2477 670 2532 illius
689 2477 748 2530 loci
764 2477 871 2546 facies,
887 2476 938 2529 ubi
950 2477 1035 2545 fletus
1062 2480 1089 2527 et
1106 2481 1211 2527 tremor
1229 2491 1264 2527 ac
1285 2473 1369 2526 timor
1387 2474 1442 2527 erit
1461 2474 1492 2526 in
1509 2490 1557 2541 ea,
1583 2491 1657 2543 arcae
1683 2474 1783 2542 linqua
1803 2482 1899 2544 potest

201 2570 229 2617 st
246 2562 354 2616 stridor
373 2563 504 2627 dentium,
524 2579 605 2632 mecm
626 2571 768 2618 tartarum
780 2562 939 2632 appelant,
955 2579 1034 2630 quern
1062 2559 1165 2628 dicere,
1184 2559 1235 2630 qui
1253 2559 1325 2614 liber
1340 2566 1433 2628 potest
1450 2561 1609 2627 seponere!
1636 2560 1785 2615 Habebunt
1797 2562 1899 2630 fletum

200 2647 260 2717 ipse
277 2648 410 2703 diabolus
430 2650 564 2718 expavet!
603 2654 666 2715 Vae,
682 2665 743 2716 vae,
762 2647 857 2717 arealis
875 2656 917 2702 est
934 2648 1034 2717 yelen—
1061 2644 1091 2696 in
1109 2645 1208 2713 ousiis,
1227 2645 1379 2699 stridorem
1397 2644 1427 2696 in
1448 2645 1585 2713 dentibus,
1614 2646 1749 2708 foetorem
1769 2646 1800 2700 in
1818 2649 1898 2702 nari·

200 2733 330 2803 maianis
349 2731 490 2796 sestincti,
516 2734 646 2788 ardentis
664 2734 774 2803 quielem
793 2736 845 2788 sed
862 2751 918 2786 non
941 2734 1034 2788 lucen·
1061 2731 1119 2796 bue,
1138 2731 1254 2785 vincula
1271 2733 1301 2784 in
1319 2731 1446 2784 manibus
1465 2731 1627 2799 etpedibus
1644 2731 1777 2799 ctionem
1796 2733 1828 2786 in
1839 2741 1898 2788 toto

200 2819 250 2886 tie,
273 2821 325 2872 sed
342 2826 367 2872 et
386 2820 448 2873 luce
465 2820 605 2873 carentis!
639 2820 704 2873 Heu
722 2818 817 2888 qualis
835 2827 882 2887 eet,
901 2818 1035 2873 insomnis
1061 2834 1188 2885 corpore.
1231 2816 1379 2871 Caesianus
1410 2817 1446 2873 de
1472 2815 1589 2871 consus.
1619 2817 1739 2889 theolog.
1768 2825 1841 2888 part
1868 2825 1898 2875 ³:

200 2912 226 2957 et
243 2905 400 2959 virulentus
415 2906 535 2959 neman!
578 2906 640 2972 Vae,
657 2921 719 2973 uae,
743 2922 826 2974 queam
846 2921 947 2973 maces
964 2905 1034 2959 illae
1065 2902 1135 2966 Quis
1153 2905 1246 2957 dicere
1264 2904 1374 2969 ualeat,
1399 2920 1470 2972 quae
1489 2903 1585 2972 impiis
1603 2913 1629 2958 et
1646 2905 1721 2958 male
1742 2906 1899 2962 uiuentibus

200 2991 352 3045 exteriorne
370 2991 499 3044 tenebrae
519 2997 545 3044 et
563 2991 717 3044 assiduae!
752 2992 831 3058 Heu,
848 2990 917 3057 beu,
936 2991 1035 3061 medes
1061 2997 1200 3043 tormenta
1217 2990 1274 3043 sint
1289 2992 1489 3059 praeparato!
1515 2991 1545 3042 in
1568 2991 1630 3059 ipso
1658 2992 1731 3045 enim
1748 2994 1898 3048 continuae

199 3077 379 3146 eumanadi
401 3078 565 3146 infliaendis
587 3076 689 3148 poenis
707 3077 856 3139 destinati,
882 3075 1036 3129 truculenti
1060 3076 1159 3129 mortis
1183 3076 1260 3143 loco,
1288 3076 1338 3144 qui
1362 3077 1493 3147 infernus
1517 3077 1694 3146 appellatur,
1720 3080 1791 3149 quid
1813 3081 1898 3136 aliud

200 3171 225 3217 et
242 3163 379 3217 immites!
396 3169 447 3222 etc.
487 3163 665 3232 Otemporie
683 3163 764 3216 illiue
782 3163 1033 3227 tribulationem,o
1060 3162 1118 3214 nisi
1133 3162 1208 3231 ionis
1223 3163 1351 3232 flamma,
1372 3180 1555 3233 perseuerans
1575 3165 1720 3219 tribulatio
1741 3173 1768 3219 et
1791 3184 1896 3236 perpe·

199 3250 403 3316 necessitatem,
429 3267 445 3303 o
466 3249 672 3320 tempestatem!
707 3250 734 3300 Α
753 3249 860 3301 sanctis
882 3266 967 3316 aram
990 3250 1032 3302 di·
1059 3255 1109 3301 tua
1124 3265 1221 3318 poena
1240 3258 1323 3319 atque
1340 3250 1452 3314 infinita
1469 3251 1556 3304 totius
1576 3251 1817 3307 mauretanias
1836 3271 1896 3307 esec

198 3333 273 3402 rimi,
293 3334 409 3402 orarius
427 3351 446 3386 a
466 3335 529 3388 Deo
547 3334 718 3402 dusaeiarif
741 3333 957 3402 ianominiosum
975 3341 1033 3388 mm
1058 3337 1171 3404 potest!
1200 3335 1299 3403 iyneue
1327 3344 1419 3389 autem
1445 3336 1551 3404 fluuius
1578 3344 1604 3389 et
1621 3337 1699 3397 foeta
1715 3339 1802 3407 paleis
1821 3356 1896 3393 com·

197 3421 334 3488 manibus,
351 3429 408 3474 tum
420 3421 542 3491 pedibus
554 3419 706 3487 collisam,-
724 3421 827 3472 durum
840 3421 870 3472 in
882 3421 1033 3474 exteriores
1056 3420 1119 3488 plet
1135 3421 1191 3474 ieta
1211 3423 1313 3477 omnia.
1349 3422 1397 3474 Ibi
1420 3438 1489 3475 sane
1515 3429 1627 3476 atroces
1653 3424 1751 3491 anaeli
1776 3440 1895 3480 eommo-

198 3507 327 3561 tenebras
354 3507 524 3572 amandari,·
558 3506 706 3559 borridum
733 3507 875 3571 fremere,
906 3506 1033 3561 dentibus
1058 3512 1174 3575 rantur,
1200 3524 1319 3576 quorum
1339 3507 1455 3560 brachia
1471 3514 1536 3560 sunt
1560 3515 1590 3561 ut
1606 3511 1703 3578 capua
1728 3512 1895 3580 draconum,

197 3593 328 3660 stridon,
352 3593 560 3659 contabescere,·
586 3592 717 3645 acerbum
737 3593 854 3661 juqibus
872 3594 975 3662 poenis
990 3602 1031 3647 at·
1059 3612 1177 3663 auorum
1198 3593 1275 3648 oculi
1290 3593 1388 3663 ianuae
1407 3609 1440 3646 ee
1462 3610 1491 3646 ee
1515 3596 1636 3662 saaittae
1661 3598 1801 3664 emittunt,
1827 3616 1895 3668 quo

198 3679 254 3732 teri
257 3699 270 3743 ;
283 3678 455 3733 laboriosum
474 3679 575 3748 linqua
583 3679 716 3747 flammas
735 3679 888 3747 sustinere,·
909 3681 1032 3734 miserri-
1058 3698 1121 3734 rum
1140 3683 1236 3734 demta
1253 3687 1284 3732 ut
1303 3680 1466 3747 elepbantis
1472 3680 1636 3748 prominent
1656 3689 1682 3735 et
1694 3684 1842 3739 stimulant
1853 3690 1897 3741 ad

198 3782 271 3819 mum
291 3772 331 3818 est
348 3779 442 3833 casae
457 3781 575 3833 poscere
592 3765 733 3832 auttulam
753 3773 779 3818 et
794 3766 941 3835 repulsam
959 3768 1032 3820 acci-
1058 3775 1223 3821 tormentum
1245 3774 1277 3819 ut
1299 3768 1409 3820 caudae
1431 3766 1625 3835 scorpionum,
1652 3785 1769 3834 quorum
1792 3773 1895 3842 adem.

193 3866 280 3920 pere,·
299 3865 482 3918 peramarum
501 3852 531 3903 in
549 3851 661 3919 ionibus
680 3866 738 3904 esse
757 3858 783 3904 et
798 3852 964 3920 vociferari,
982 3870 1032 3906 nec
1058 3860 1118 3906 ctus
1141 3859 1288 3906 tremorem
1315 3852 1425 3905 inducit
1451 3859 1477 3904 et
1501 3851 1628 3906 dolorem
1656 3861 1740 3921 atarto
1766 3865 1895 3915 mortem,

197 3943 288 3990 tarmen
311 3936 460 3990 sublevari.
495 3937 663 3990 Inaccessae
681 3938 788 4004 fauces
815 3945 843 3991 et
868 3939 1031 3992 immensum
1057 3940 1150 4007 Atque
1167 3939 1274 3991 utinam
1287 3955 1364 3991 more
1376 3944 1474 4006 posset
1488 3937 1574 3990 iubis
1585 3939 1730 3995 mbrensre
1745 3944 1894 4012 anqustiis,

198 4023 292 4088 cbaos,
317 4038 405 4091 neque
419 4024 495 4090 suaa
512 4037 542 4074 se
564 4023 741 4088 subtrahere,
761 4025 893 4092 quoniam
909 4025 1030 4079 molledi-
1056 4026 1109 4079 sed
1125 4025 1203 4093 quod
1221 4032 1262 4076 est
1280 4022 1460 4089 horribilius,
1488 4024 1529 4077 ad
1545 4023 1597 4077 boc
1609 4024 1678 4078 eicit
1695 4026 1726 4078 in
1745 4031 1893 4083 tormentis

196 4117 251 4172 tur,
269 4109 375 4161 abitum
383 4124 493 4177 parare
505 4125 561 4161 non
575 4117 674 4178 potest,
694 4109 761 4178 quia
773 4114 913 4163 coercetur
918 4133 927 4175 ;
941 4119 1030 4165 erato
1053 4111 1172 4180 positus,
1191 4116 1222 4162 ut
1238 4107 1410 4162 cruciatibus
1427 4109 1611 4178 aubernetur5
1640 4113 1683 4164 ad
1700 4111 1752 4165 boe
1769 4116 1892 4171 radiate

195 4195 262 4249 diae
279 4212 375 4248 murus
392 4194 605 4265 inseparabilis,
624 4195 772 4248 inbumani
788 4196 933 4265 eryastuli,
958 4204 1029 4251 tene·
1055 4205 1168 4265 matur,
1190 4205 1221 4250 ut
1240 4213 1322 4249 rosus
1340 4195 1518 4264 serpentibus
1537 4203 1564 4249 et
1581 4196 1692 4251 iteratis
1709 4199 1830 4255 subinde
1841 4203 1891 4257 ite·

195 4281 321 4335 bricosm
341 4297 447 4348 career,
469 4280 632 4334 insolubilia
649 4281 772 4350 uincula,
790 4283 819 4335 oi
829 4283 1029 4350 nullarefrin·
1055 4301 1170 4353 rumque
1188 4283 1315 4353 repaitis
1333 4282 1472 4336 morsibus
1490 4289 1662 4340 adreeutur.
1687 4285 1735 4338 Ibi
1750 4289 1892 4345 &mones

78 4379 120 4424 u.
135 4381 181 4424 lte
194 4368 303 4434 aeneiae
321 4374 443 4434 catenam
464 4368 524 4427 feri
540 4374 568 4420 et
584 4367 779 4421 intractabiles
798 4369 932 4437 flammae
950 4370 1029 4424 illius
1055 4370 1305 4438 blasphemantium
1321 4369 1401 4422 labia
1419 4376 1520 4422 norant
1536 4375 1561 4422 et
1577 4369 1692 4436 reculas
1717 4371 1791 4425 dirs'e
1817 4392 1891 4430 mor·

196 4452 327 4515 ministri,
344 4469 444 4521 maces
463 4453 540 4520 illae,
562 4467 634 4523 quae
653 4455 694 4506 ad
712 4455 882 4522 supplicium
895 4456 1028 4509 adbiben·
1054 4458 1131 4511 sibus
1161 4457 1327 4509 miserorum
1348 4462 1468 4523 pectora
1495 4454 1603 4509 lacerat
1629 4464 1714 4524 masse
1741 4457 1892 4516 horribiles

196 4543 251 4602 tur,
269 4538 398 4604 raeticus,
414 4538 495 4607 firmi
508 4552 616 4606 unates
628 4546 654 4591 ct
670 4539 799 4606 infracti,
811 4542 961 4608 praedura
973 4543 1025 4610 fla·
1055 4543 1162 4597 diuersi
1179 4542 1290 4613 ceneris
1307 4542 1405 4595 beluae
1427 4542 1638 4597 incredulonem
1661 4543 1773 4597 animae
1796 4549 1890 4602 mdti·

195 4623 279 4690 aella,
292 4625 344 4694 pia
361 4623 497 4677 nebulosa
514 4631 540 4678 ct
557 4625 717 4694 strepitans,
738 4626 836 4690 sulfur
855 4627 1029 4696 araneolens,
1051 4629 1169 4700 pliciter
1189 4629 1251 4682 sine
1275 4630 1429 4682 cessatione
1451 4629 1585 4683 cresciant.
1621 4629 1691 4685 Illic
1713 4630 1842 4688 ululatus
1864 4643 1891 4690 et

195 4717 261 4763 atra
281 4709 400 4777 cubilia,
421 4727 498 4779 pyra
515 4726 624 4779 semper
645 4714 759 4775 ardens,
783 4713 887 4773 foedus
907 4721 933 4766 et
952 4713 1029 4767 oleas
1051 4716 1193 4786 piandus,
1210 4715 1327 4782 semiue
1343 4721 1369 4766 et
1386 4713 1508 4781 muamus
1525 4716 1652 4769 continue
1666 4725 1775 4786 sonent,
1793 4720 1890 4774 simul·

194 4797 304 4861 aermis,
323 4797 452 4849 tetricum
469 4798 652 4863 praetorium.
678 4797 852 4868 Augustinus
872 4798 951 4869 epist.
971 4805 1029 4856 211.
1055 4819 1108 4873 que
1127 4802 1236 4855 clamor
1254 4800 1355 4868 ubique
1372 4801 1507 4867 consumes
1531 4801 1689 4869 attollitur,
1715 4819 1797 4870 quem
1821 4806 1890 4861 dira

195 4881 233 4936 sd
249 4882 366 4938 lulium:
397 4882 453 4935 Vae
472 4883 516 4951 iis,
537 4884 637 4953 quibus
652 4891 850 4953 praeparatur
870 4887 953 4940 dolor
969 4904 1029 4941 uer-
1054 4889 1097 4941 uis
1114 4894 1312 4941 tormentorum
1331 4885 1455 4952 euaaitat
1476 4893 1505 4938 et
1522 4886 1649 4940 incendii
1671 4904 1776 4942 arsura
1798 4900 1889 4946 eutar-

195 4967 289 5035 mium,
305 4971 396 5022 ardor
409 4970 552 5037 flammae,
570 4970 634 5023 sitis
652 4969 713 5023 sine
730 4971 871 5038 emanetu,
891 4973 977 5040 fletus
994 4989 1029 5025 ac
1055 4981 1119 5045 quet
1138 4978 1192 5028 eta.
1217 4972 1265 5024 Ibi
1280 4972 1392 5038 camis,
1406 4972 1456 5040 qui
1475 4989 1531 5025 non
1548 4973 1676 5040 moritur,
1694 4982 1720 5027 et
1738 4975 1822 5044 ianm,
1840 4980 1892 5048 qui

194 5055 304 5107 etridor
321 5055 453 5120 dentium,
474 5056 619 5109 aculonem
636 5055 789 5122 lacrymae,
810 5056 939 5109 tenebrae
957 5064 1028 5110 eete-
1054 5076 1196 5127 estnequam
1223 5057 1420 5125 eedinyuitur,
1446 5065 1530 5126 atque
1550 5058 1659 5111 stridor
1682 5075 1793 5129 seraper
1818 5066 1889 5118 dea-

194 5140 287 5193 riores
309 5141 369 5194 sine
391 5142 468 5208 luce,
491 5157 587 5212 poena
613 5140 876 5204 ineeterminabilis,
902 5142 951 5193 ubi
972 5160 1028 5196 non
1055 5145 1122 5198 tium
1140 5144 1275 5211 sentitur,
1298 5143 1437 5211 aebenuae
1454 5144 1539 5198 letale
1552 5145 1655 5213 frique
1672 5153 1697 5197 et
1716 5146 1823 5215 ylacies
1847 5151 1888 5204 in-

195 5233 237 5279 eet
253 5226 329 5280 ullus
348 5226 438 5280 bonor
455 5227 514 5280 siae
531 5227 639 5297 aqnitio
653 5226 787 5294 prosimi,
811 5228 864 5280 sed
881 5229 1029 5282 contimms
1055 5232 1202 5296 deficiens,
1227 5232 1322 5296 fames
1344 5231 1466 5300 peseinea
1494 5239 1521 5284 et
1544 5231 1606 5283 suis
1624 5232 1772 5301 immensa,
1803 5236 1889 5291 dolor

195 5308 280 5365 dolor
300 5330 335 5366 ac
352 5314 478 5380 semiue,
498 5312 547 5365 ubi
561 5330 637 5365 mors
655 5319 776 5381 optatur,
804 5315 856 5367 sed
873 5331 929 5367 non
949 5316 1029 5369 dabi-
1050 5325 1206 5387 perpetuus
1224 5317 1408 5371 stcontinuus
1421 5319 1552 5388 lanquor,
1569 5333 1656 5371 saeuo
1669 5319 1761 5386 pestis
1779 5329 1806 5374 et
1818 5323 1891 5377 indi·

194 5404 248 5451 tur.
283 5398 362 5453 Idem
385 5398 430 5453 vel
453 5399 613 5470 quicunque
637 5399 709 5452 elius
733 5406 830 5454 auctor
848 5399 910 5455 libr.
929 5401 964 5457 de
981 5402 1028 5456 tri·
1055 5404 1147 5458 cibalis
1165 5404 1241 5472 lues,
1266 5405 1394 5458 tenebrae
1415 5404 1598 5458 demissimae
1616 5412 1642 5456 et
1659 5421 1715 5457 nos
1736 5407 1891 5463 obscurita-

194 5482 261 5550 plici
279 5481 439 5538 bebinoulo
455 5499 518 5553 cap.
541 5489 572 5540 2:
609 5485 796 5553 Principalia
814 5487 871 5541 duo
888 5495 953 5542 eunt
971 5497 1029 5542 tor-
1055 5489 1092 5542 tis
1110 5488 1277 5558 borrendae,
1297 5490 1378 5543 nulla
1398 5489 1507 5558 requies
1527 5490 1613 5542 datur
1629 5491 1769 5561 mameae,
1793 5495 1890 5548 omnia

195 5575 288 5623 mento
307 5570 338 5624 in
355 5569 479 5637 inferno,
497 5570 595 5641 friaus
612 5570 789 5627 intolerabile
809 5579 836 5626 et
854 5573 935 5627 calor
954 5574 1030 5646 ianis
1055 5574 1096 5629 ibi
1112 5575 1192 5630 mala
1210 5583 1236 5629 et
1251 5583 1354 5630 cunae
1370 5583 1571 5631 tormentorum
1589 5590 1707 5645 amera,
1735 5594 1813 5632 mors
1838 5579 1890 5634 im·
1901 5598 1948 5643 a
1961 5597 2000 5641 m
