<?xml version="1.0" encoding="UTF-8"?>
<!DOCTYPE html PUBLIC "-//W3C//DTD XHTML 1.0 Transitional//EN"
    "http://www.w3.org/TR/xhtml1/DTD/xhtml1-transitional.dtd">
<html xmlns="http://www.w3.org/1999/xhtml" xml:lang="en" lang="en">
 <head>
  <title>
</title>
<meta http-equiv="Content-Type" content="text/html;charset=utf-8" />
  <meta name='ocr-system' content='tesseract 3.04.00' />
  <meta name='ocr-capabilities' content='ocr_page ocr_carea ocr_par ocr_line ocrx_word'/>
</head>
<body>
  <div class='ocr_page' id='page_1' title='image "./locitheologicic02gerhgoog/locitheologicic02gerhgoog_0194.png"; bbox 0 0 4050 6014; ppageno 0'>
   <div class='ocr_carea' id='block_1_1' title="bbox 698 212 1820 279">
    <p class='ocr_par' dir='ltr' id='par_1_1' title="bbox 698 212 1820 279">
     <span class='ocr_line' id='line_1_1' title="bbox 698 212 1820 279; baseline 0.009 -10"><span class='ocrx_word' id='word_1_1' title='bbox 698 213 750 269; x_wconf 83' lang='lat' dir='ltr'><strong>DE</strong></span> <span class='ocrx_word' id='word_1_2' title='bbox 768 212 1100 271; x_wconf 76' lang='lat' dir='ltr'><strong>CONSUMMATIONE</strong></span> <span class='ocrx_word' id='word_1_3' title='bbox 1119 212 1263 270; x_wconf 68' lang='lat' dir='ltr'><strong>ancum.</strong></span> <span class='ocrx_word' id='word_1_4' title='bbox 1765 221 1820 279; x_wconf 82' lang='grc'><strong>161</strong></span> 
     </span>
    </p>
   </div>
   <div class='ocr_carea' id='block_1_2' title="bbox 10 362 1826 2492">
    <p class='ocr_par' dir='ltr' id='par_1_2' title="bbox 10 362 1826 2492">
     <span class='ocr_line' id='line_1_2' title="bbox 129 362 1824 435; baseline -0.001 -16"><span class='ocrx_word' id='word_1_5' title='bbox 129 362 280 435; x_wconf 84' lang='lat' dir='ltr'><strong>prophetae</strong></span> <span class='ocrx_word' id='word_1_6' title='bbox 298 369 445 434; x_wconf 85' lang='lat' dir='ltr'><strong>testantur,</strong></span> <span class='ocrx_word' id='word_1_7' title='bbox 470 365 576 420; x_wconf 88' lang='lat' dir='ltr'><strong>coelum</strong></span> <span class='ocrx_word' id='word_1_8' title='bbox 600 372 629 420; x_wconf 90' lang='lat' dir='ltr'><strong>et</strong></span> <span class='ocrx_word' id='word_1_9' title='bbox 652 372 754 420; x_wconf 86' lang='lat' dir='ltr'><strong>terram</strong></span> <span class='ocrx_word' id='word_1_10' title='bbox 778 366 865 419; x_wconf 86' lang='lat' dir='ltr'><strong>instar</strong></span> <span class='ocrx_word' id='word_1_11' title='bbox 882 365 961 420; x_wconf 88' lang='lat' dir='ltr'><strong>vesti·</strong></span> <span class='ocrx_word' id='word_1_12' title='bbox 992 372 1020 431; x_wconf 87' lang='lat' dir='ltr'><strong>t,</strong></span> <span class='ocrx_word' id='word_1_13' title='bbox 1046 383 1072 419; x_wconf 80' lang='lat' dir='ltr'><strong>v.</strong></span> <span class='ocrx_word' id='word_1_14' title='bbox 1093 372 1134 423; x_wconf 85' lang='lat'><strong>30.</strong></span> <span class='ocrx_word' id='word_1_15' title='bbox 1162 366 1243 420; x_wconf 89' lang='lat' dir='ltr'><strong>sicuti</strong></span> <span class='ocrx_word' id='word_1_16' title='bbox 1272 367 1355 421; x_wconf 88' lang='lat' dir='ltr'><strong>etiam</strong></span> <span class='ocrx_word' id='word_1_17' title='bbox 1381 365 1481 421; x_wconf 83' lang='lat' dir='ltr'><strong>Esaiae</strong></span> <span class='ocrx_word' id='word_1_18' title='bbox 1500 372 1547 430; x_wconf 85' lang='grc'><strong>46,</strong></span> <span class='ocrx_word' id='word_1_19' title='bbox 1574 384 1600 420; x_wconf 87' lang='lat' dir='ltr'><strong>v.</strong></span> <span class='ocrx_word' id='word_1_20' title='bbox 1617 372 1641 422; x_wconf 83' lang='grc'><strong>8.</strong></span> <span class='ocrx_word' id='word_1_21' title='bbox 1671 371 1699 419; x_wconf 86' lang='lat' dir='ltr'><strong>et</strong></span> <span class='ocrx_word' id='word_1_22' title='bbox 1716 365 1745 420; x_wconf 89' lang='lat' dir='ltr'><strong>in</strong></span> <span class='ocrx_word' id='word_1_23' title='bbox 1763 365 1824 419; x_wconf 91' lang='lat' dir='ltr'><strong>aliis</strong></span> 
     </span>
     <span class='ocr_line' id='line_1_3' title="bbox 129 449 1824 528; baseline -0.001 -24"><span class='ocrx_word' id='word_1_24' title='bbox 129 450 214 505; x_wconf 89' lang='lat' dir='ltr'><strong>menti</strong></span> <span class='ocrx_word' id='word_1_25' title='bbox 232 450 425 506; x_wconf 79' lang='lat' dir='ltr'><strong>inveteratum.</strong></span> <span class='ocrx_word' id='word_1_26' title='bbox 462 451 579 528; x_wconf 82' lang='lat' dir='ltr'><strong>Quando</strong></span> <span class='ocrx_word' id='word_1_27' title='bbox 598 451 689 506; x_wconf 84' lang='lat' dir='ltr'><strong>David</strong></span> <span class='ocrx_word' id='word_1_28' title='bbox 717 453 828 506; x_wconf 92' lang='lat' dir='ltr'><strong>aluctu</strong></span> <span class='ocrx_word' id='word_1_29' title='bbox 847 469 963 521; x_wconf 76' lang='lat' dir='ltr'>surgens</span> <span class='ocrx_word' id='word_1_30' title='bbox 991 450 1149 520; x_wconf 89' lang='lat' dir='ltr'><strong>Scripturae</strong></span> <span class='ocrx_word' id='word_1_31' title='bbox 1182 452 1248 504; x_wconf 94' lang='lat' dir='ltr'><strong>locis</strong></span> <span class='ocrx_word' id='word_1_32' title='bbox 1282 452 1321 503; x_wconf 89' lang='lat' dir='ltr'><strong>sic</strong></span> <span class='ocrx_word' id='word_1_33' title='bbox 1351 457 1472 506; x_wconf 86' lang='lat' dir='ltr'><strong>vocatur.</strong></span> <span class='ocrx_word' id='word_1_34' title='bbox 1523 451 1642 514; x_wconf 82' lang='lat' dir='ltr'><strong>Quidam</strong></span> <span class='ocrx_word' id='word_1_35' title='bbox 1673 449 1824 506; x_wconf 87' lang='lat' dir='ltr'><strong>beneficam</strong></span> 
     </span>
     <span class='ocr_line' id='line_1_4' title="bbox 128 535 1825 593; baseline 0 -4"><span class='ocrx_word' id='word_1_36' title='bbox 128 545 216 589; x_wconf 79' lang='lat' dir='ltr'><strong>uestes</strong></span> <span class='ocrx_word' id='word_1_37' title='bbox 236 546 325 591; x_wconf 82' lang='lat' dir='ltr'><strong>mutat</strong></span> <span class='ocrx_word' id='word_1_38' title='bbox 352 542 376 593; x_wconf 90' lang='grc'><strong>2.</strong></span> <span class='ocrx_word' id='word_1_39' title='bbox 396 537 515 591; x_wconf 79' lang='lat' dir='ltr'>Samuel.</span> <span class='ocrx_word' id='word_1_40' title='bbox 539 543 568 592; x_wconf 83' lang='lat'><strong>12</strong></span> <span class='ocrx_word' id='word_1_41' title='bbox 594 556 618 592; x_wconf 83' lang='lat' dir='ltr'><strong>r.</strong></span> <span class='ocrx_word' id='word_1_42' title='bbox 640 542 680 593; x_wconf 84' lang='grc'><strong>26.</strong></span> <span class='ocrx_word' id='word_1_43' title='bbox 706 555 761 592; x_wconf 92' lang='lat' dir='ltr'><strong>nou</strong></span> <span class='ocrx_word' id='word_1_44' title='bbox 807 537 919 590; x_wconf 89' lang='lat' dir='ltr'><strong>ristinas</strong></span> <span class='ocrx_word' id='word_1_45' title='bbox 947 554 964 589; x_wconf 91' lang='lat' dir='ltr'><strong>a</strong></span> <span class='ocrx_word' id='word_1_46' title='bbox 992 536 1043 589; x_wconf 88' lang='lat' dir='ltr'><strong>Dei</strong></span> <span class='ocrx_word' id='word_1_47' title='bbox 1093 537 1281 591; x_wconf 82' lang='lat' dir='ltr'><strong>somissionem</strong></span> <span class='ocrx_word' id='word_1_48' title='bbox 1310 538 1345 590; x_wconf 89' lang='lat' dir='ltr'><strong>de</strong></span> <span class='ocrx_word' id='word_1_49' title='bbox 1372 537 1488 590; x_wconf 83' lang='lat' dir='ltr'><strong>Messias</strong></span> <span class='ocrx_word' id='word_1_50' title='bbox 1517 535 1657 591; x_wconf 86' lang='lat' dir='ltr'><strong>benefieiis</strong></span> <span class='ocrx_word' id='word_1_51' title='bbox 1701 536 1749 591; x_wconf 89' lang='lat' dir='ltr'><strong>aed</strong></span> <span class='ocrx_word' id='word_1_52' title='bbox 1781 552 1825 590; x_wconf 88' lang='lat' dir='ltr'><strong>res</strong></span> 
     </span>
     <span class='ocr_line' id='line_1_5' title="bbox 128 554 1825 693; baseline 0.001 -19"><span class='ocrx_word' id='word_1_53' title='bbox 128 621 255 692; x_wconf 81' lang='lat' dir='ltr'><strong>squalore</strong></span> <span class='ocrx_word' id='word_1_54' title='bbox 271 629 299 676; x_wconf 91' lang='lat' dir='ltr'><strong>et</strong></span> <span class='ocrx_word' id='word_1_55' title='bbox 316 622 443 676; x_wconf 87' lang='lat' dir='ltr'><strong>sordibus</strong></span> <span class='ocrx_word' id='word_1_56' title='bbox 472 578 589 692; x_wconf 39' lang='lat' dir='ltr'><strong>purgati,</strong></span> <span class='ocrx_word' id='word_1_57' title='bbox 613 624 663 676; x_wconf 92' lang='lat' dir='ltr'><strong>sed</strong></span> <span class='ocrx_word' id='word_1_58' title='bbox 685 556 823 692; x_wconf 75' lang='lat' dir='ltr'><strong>prioribils</strong></span> <span class='ocrx_word' id='word_1_59' title='bbox 847 554 1091 693; x_wconf 73' lang='lat' dir='ltr'><strong>abjectiscoderii</strong></span> <span class='ocrx_word' id='word_1_60' title='bbox 1106 622 1186 675; x_wconf 90' lang='lat' dir='ltr'><strong>redit.</strong></span> <span class='ocrx_word' id='word_1_61' title='bbox 1223 622 1460 686; x_wconf 82' lang='lat' dir='ltr'><strong>Quemadmodum</strong></span> <span class='ocrx_word' id='word_1_62' title='bbox 1488 639 1553 693; x_wconf 83' lang='lat' dir='ltr'><strong>ergo</strong></span> <span class='ocrx_word' id='word_1_63' title='bbox 1580 578 1702 677; x_wconf 47' lang='lat' dir='ltr'><strong>salus’ct</strong></span> <span class='ocrx_word' id='word_1_64' title='bbox 1716 622 1825 693; x_wconf 88' lang='lat' dir='ltr'><strong>justitia</strong></span> 
     </span>
     <span class='ocr_line' id='line_1_6' title="bbox 132 706 1826 874; baseline 0.001 -114"><span class='ocrx_word' id='word_1_65' title='bbox 132 724 217 762; x_wconf 85' lang='lat' dir='ltr'><strong>novas</strong></span> <span class='ocrx_word' id='word_1_66' title='bbox 238 707 338 773; x_wconf 89' lang='lat' dir='ltr'><strong>induit,</strong></span> <span class='ocrx_word' id='word_1_67' title='bbox 363 708 402 762; x_wconf 91' lang='lat' dir='ltr'><strong>sic</strong></span> <span class='ocrx_word' id='word_1_68' title='bbox 420 707 498 762; x_wconf 88' lang='lat' dir='ltr'><strong>Deus</strong></span> <span class='ocrx_word' id='word_1_69' title='bbox 523 715 633 806; x_wconf 81' lang='lat' dir='ltr'><strong>mutans</strong></span> <span class='ocrx_word' id='word_1_70' title='bbox 659 709 766 762; x_wconf 89' lang='lat' dir='ltr'><strong>eoelum</strong></span> <span class='ocrx_word' id='word_1_71' title='bbox 793 707 864 761; x_wconf 86' lang='lat' dir='ltr'><strong>sicut</strong></span> <span class='ocrx_word' id='word_1_72' title='bbox 881 707 962 760; x_wconf 84' lang='lat' dir='ltr'><strong>vcsti-</strong></span> <span class='ocrx_word' id='word_1_73' title='bbox 976 744 979 874; x_wconf 78' lang='grc' dir='ltr'>Ι</span> <span class='ocrx_word' id='word_1_74' title='bbox 992 706 1056 804; x_wconf 75' lang='lat' dir='ltr'><strong>inde</strong></span> <span class='ocrx_word' id='word_1_75' title='bbox 1082 713 1166 803; x_wconf 73' lang='lat' dir='ltr'><strong>atpuc</strong></span> <span class='ocrx_word' id='word_1_76' title='bbox 1190 707 1378 848; x_wconf 60' lang='lat' dir='ltr'><strong>ideontleittupr</strong></span> <span class='ocrx_word' id='word_1_77' title='bbox 1400 708 1606 850; x_wconf 35' lang='lat' dir='ltr'><strong>norp‘idefpperp,</strong></span> <span class='ocrx_word' id='word_1_78' title='bbox 1623 709 1696 805; x_wconf 81' lang='lat' dir='ltr'><strong>¹qnia</strong></span> <span class='ocrx_word' id='word_1_79' title='bbox 1714 715 1826 847; x_wconf 57' lang='lat' dir='ltr'><strong>maperpt</strong></span> 
     </span>
     <span class='ocr_line' id='line_1_7' title="bbox 134 794 1782 856; baseline 0.001 -10"><span class='ocrx_word' id='word_1_80' title='bbox 134 798 257 848; x_wconf 87' lang='lat' dir='ltr'><strong>mentum</strong></span> <span class='ocrx_word' id='word_1_81' title='bbox 293 810 349 849; x_wconf 89' lang='lat' dir='ltr'><strong>non</strong></span> <span class='ocrx_word' id='word_1_82' title='bbox 379 800 494 848; x_wconf 87' lang='lat' dir='ltr'><strong>renovat</strong></span> <span class='ocrx_word' id='word_1_83' title='bbox 539 811 625 850; x_wconf 80' lang='lat' dir='ltr'><strong>riores</strong></span> <span class='ocrx_word' id='word_1_84' title='bbox 665 794 769 856; x_wconf 84' lang='lat' dir='ltr'><strong>coelos,</strong></span> <span class='ocrx_word' id='word_1_85' title='bbox 803 795 852 848; x_wconf 89' lang='lat' dir='ltr'><strong>sed</strong></span> <span class='ocrx_word' id='word_1_86' title='bbox 878 809 964 846; x_wconf 87' lang='lat' dir='ltr'><strong>novos</strong></span> <span class='ocrx_word' id='word_1_87' title='bbox 991 809 1020 844; x_wconf 87' lang='lat' dir='ltr'><strong>rn</strong></span> <span class='ocrx_word' id='word_1_88' title='bbox 1037 809 1093 846; x_wconf 89' lang='lat' dir='ltr'><strong>sem</strong></span> <span class='ocrx_word' id='word_1_89' title='bbox 1117 799 1233 847; x_wconf 84' lang='lat' dir='ltr'><strong>rtemum</strong></span> <span class='ocrx_word' id='word_1_90' title='bbox 1272 811 1316 848; x_wconf 92' lang='lat' dir='ltr'><strong>o.</strong></span> <span class='ocrx_word' id='word_1_91' title='bbox 1397 813 1422 850; x_wconf 88' lang='lat' dir='ltr'><strong>v.</strong></span> <span class='ocrx_word' id='word_1_92' title='bbox 1483 810 1489 848; x_wconf 75' lang='grc' dir='ltr'><strong>ε</strong></span> <span class='ocrx_word' id='word_1_93' title='bbox 1548 813 1565 846; x_wconf 82' lang='lat' dir='ltr'><strong>a</strong></span> <span class='ocrx_word' id='word_1_94' title='bbox 1590 812 1688 847; x_wconf 74' lang='lat' dir='ltr'><strong>seimus</strong></span> <span class='ocrx_word' id='word_1_95' title='bbox 1702 812 1735 847; x_wconf 78' lang='lat' dir='ltr'><strong>ss</strong></span> <span class='ocrx_word' id='word_1_96' title='bbox 1768 812 1782 847; x_wconf 87' lang='lat' dir='ltr'><strong>c</strong></span> 
     </span>
     <span class='ocr_line' id='line_1_8' title="bbox 128 811 1825 948; baseline 0 -16"><span class='ocrx_word' id='word_1_97' title='bbox 128 885 210 934; x_wconf 86' lang='lat' dir='ltr'><strong>creat.</strong></span> <span class='ocrx_word' id='word_1_98' title='bbox 238 885 263 933; x_wconf 94' lang='grc'><strong>4.</strong></span> <span class='ocrx_word' id='word_1_99' title='bbox 299 879 379 932; x_wconf 83' lang='lat' dir='ltr'><strong>Coeli</strong></span> <span class='ocrx_word' id='word_1_100' title='bbox 406 811 648 948; x_wconf 69' lang='lat' dir='ltr'><strong>complicbbuntor</strong></span> <span class='ocrx_word' id='word_1_101' title='bbox 672 881 743 933; x_wconf 82' lang='lat' dir='ltr'><strong>sicat</strong></span> <span class='ocrx_word' id='word_1_102' title='bbox 778 880 858 936; x_wconf 82' lang='lat' dir='ltr'><strong>liber.</strong></span> <span class='ocrx_word' id='word_1_103' title='bbox 895 880 964 931; x_wconf 70' lang='grc' dir='ltr'><strong>ιΙατη</strong></span> <span class='ocrx_word' id='word_1_104' title='bbox 992 878 1058 946; x_wconf 77' lang='lat' dir='ltr'><strong>qaia</strong></span> <span class='ocrx_word' id='word_1_105' title='bbox 1084 811 1212 930; x_wconf 57' lang='lat' dir='ltr'><strong>Clllrsstns</strong></span> <span class='ocrx_word' id='word_1_106' title='bbox 1236 888 1329 932; x_wconf 81' lang='lat' dir='ltr'><strong>munet</strong></span> <span class='ocrx_word' id='word_1_107' title='bbox 1354 835 1384 933; x_wconf 68' lang='lat' dir='ltr'><strong>iis</strong></span> <span class='ocrx_word' id='word_1_108' title='bbox 1412 889 1574 944; x_wconf 59' lang='lat' dir='ltr'><strong>aeternum</strong></span> <span class='ocrx_word' id='word_1_109' title='bbox 1603 880 1641 933; x_wconf 91' lang='lat' dir='ltr'><strong>sic</strong></span> <span class='ocrx_word' id='word_1_110' title='bbox 1666 879 1734 932; x_wconf 90' lang='lat' dir='ltr'><strong>coeli</strong></span> <span class='ocrx_word' id='word_1_111' title='bbox 1760 813 1825 933; x_wconf 50' lang='lat' dir='ltr'><strong>inite,</strong></span> 
     </span>
     <span class='ocr_line' id='line_1_9' title="bbox 128 962 1825 1034; baseline 0.001 -19"><span class='ocrx_word' id='word_1_112' title='bbox 128 981 192 1017; x_wconf 81' lang='lat' dir='ltr'><strong>vero</strong></span> <span class='ocrx_word' id='word_1_113' title='bbox 218 964 290 1017; x_wconf 81' lang='lat' dir='ltr'><strong>liber</strong></span> <span class='ocrx_word' id='word_1_114' title='bbox 314 965 456 1018; x_wconf 78' lang='lat' dir='ltr'><strong>involatus</strong></span> <span class='ocrx_word' id='word_1_115' title='bbox 480 983 536 1018; x_wconf 80' lang='lat' dir='ltr'><strong>oon</strong></span> <span class='ocrx_word' id='word_1_116' title='bbox 556 966 672 1034; x_wconf 79' lang='lat' dir='ltr'><strong>penitas</strong></span> <span class='ocrx_word' id='word_1_117' title='bbox 691 965 795 1019; x_wconf 81' lang='lat' dir='ltr'><strong>interit.</strong></span> <span class='ocrx_word' id='word_1_118' title='bbox 836 965 961 1032; x_wconf 83' lang='lat' dir='ltr'><strong>llcspon-</strong></span> <span class='ocrx_word' id='word_1_119' title='bbox 991 971 1074 1031; x_wconf 85' lang='lat' dir='ltr'><strong>atquc</strong></span> <span class='ocrx_word' id='word_1_120' title='bbox 1099 962 1161 1016; x_wconf 90' lang='lat' dir='ltr'><strong>idco</strong></span> <span class='ocrx_word' id='word_1_121' title='bbox 1186 964 1213 1017; x_wconf 85' lang='lat' dir='ltr'><strong>vi</strong></span> <span class='ocrx_word' id='word_1_122' title='bbox 1238 964 1419 1034; x_wconf 88' lang='lat' dir='ltr'><strong>oppositionis</strong></span> <span class='ocrx_word' id='word_1_123' title='bbox 1447 965 1576 1019; x_wconf 91' lang='lat' dir='ltr'><strong>dicuntur</strong></span> <span class='ocrx_word' id='word_1_124' title='bbox 1602 963 1731 1027; x_wconf 86' lang='lat' dir='ltr'><strong>delicere,</strong></span> <span class='ocrx_word' id='word_1_125' title='bbox 1759 963 1825 1034; x_wconf 90' lang='lat' dir='ltr'><strong>quia</strong></span> 
     </span>
     <span class='ocr_line' id='line_1_10' title="bbox 129 1028 1822 1122; baseline 0 -19"><span class='ocrx_word' id='word_1_126' title='bbox 129 1049 238 1105; x_wconf 83' lang='lat' dir='ltr'><strong>demus:</strong></span> <span class='ocrx_word' id='word_1_127' title='bbox 266 1050 377 1120; x_wconf 89' lang='lat' dir='ltr'><strong>qnando</strong></span> <span class='ocrx_word' id='word_1_128' title='bbox 406 1050 686 1116; x_wconf 82' lang='lat' dir='ltr'><strong>liberconvolvitur,</strong></span> <span class='ocrx_word' id='word_1_129' title='bbox 718 1050 812 1103; x_wconf 88' lang='lat' dir='ltr'><strong>nullus</strong></span> <span class='ocrx_word' id='word_1_130' title='bbox 840 1051 900 1118; x_wconf 89' lang='lat' dir='ltr'><strong>ejus</strong></span> <span class='ocrx_word' id='word_1_131' title='bbox 928 1048 962 1101; x_wconf 90' lang='lat' dir='ltr'><strong>ad</strong></span> <span class='ocrx_word' id='word_1_132' title='bbox 977 1028 1045 1102; x_wconf 66' lang='lat' dir='ltr'><strong>lnon</strong></span> <span class='ocrx_word' id='word_1_133' title='bbox 1066 1048 1205 1103; x_wconf 88' lang='lat' dir='ltr'><strong>durabunt</strong></span> <span class='ocrx_word' id='word_1_134' title='bbox 1226 1051 1254 1103; x_wconf 89' lang='lat' dir='ltr'><strong>in</strong></span> <span class='ocrx_word' id='word_1_135' title='bbox 1274 1056 1425 1118; x_wconf 87' lang='lat' dir='ltr'><strong>aeteruum,</strong></span> <span class='ocrx_word' id='word_1_136' title='bbox 1448 1051 1496 1106; x_wconf 89' lang='lat' dir='ltr'><strong>scd</strong></span> <span class='ocrx_word' id='word_1_137' title='bbox 1521 1051 1671 1122; x_wconf 88' lang='lat' dir='ltr'><strong>aliquando</strong></span> <span class='ocrx_word' id='word_1_138' title='bbox 1695 1050 1822 1103; x_wconf 87' lang='lat' dir='ltr'><strong>essentia·</strong></span> 
     </span>
     <span class='ocr_line' id='line_1_11' title="bbox 129 1101 1823 1207; baseline 0 -19"><span class='ocrx_word' id='word_1_139' title='bbox 129 1134 273 1190; x_wconf 90' lang='lat' dir='ltr'><strong>lectionem</strong></span> <span class='ocrx_word' id='word_1_140' title='bbox 298 1145 390 1190; x_wconf 89' lang='lat' dir='ltr'><strong>manet</strong></span> <span class='ocrx_word' id='word_1_141' title='bbox 413 1152 492 1204; x_wconf 89' lang='lat' dir='ltr'><strong>usus,</strong></span> <span class='ocrx_word' id='word_1_142' title='bbox 518 1136 558 1191; x_wconf 91' lang='lat' dir='ltr'><strong>sic</strong></span> <span class='ocrx_word' id='word_1_143' title='bbox 589 1135 658 1191; x_wconf 92' lang='lat' dir='ltr'><strong>coeli</strong></span> <span class='ocrx_word' id='word_1_144' title='bbox 688 1137 716 1190; x_wconf 91' lang='lat' dir='ltr'><strong>in</strong></span> <span class='ocrx_word' id='word_1_145' title='bbox 743 1134 795 1191; x_wconf 85' lang='lat' dir='ltr'><strong>hnc</strong></span> <span class='ocrx_word' id='word_1_146' title='bbox 823 1137 880 1189; x_wconf 87' lang='lat' dir='ltr'><strong>vita</strong></span> <span class='ocrx_word' id='word_1_147' title='bbox 900 1101 1053 1207; x_wconf 72' lang='lat' dir='ltr'><strong>suntilitcr</strong></span> <span class='ocrx_word' id='word_1_148' title='bbox 1073 1151 1104 1187; x_wconf 87' lang='lat' dir='ltr'><strong>ac</strong></span> <span class='ocrx_word' id='word_1_149' title='bbox 1124 1136 1244 1189; x_wconf 87' lang='lat' dir='ltr'><strong>totaliter</strong></span> <span class='ocrx_word' id='word_1_150' title='bbox 1261 1136 1420 1192; x_wconf 89' lang='lat' dir='ltr'><strong>interibunt.</strong></span> <span class='ocrx_word' id='word_1_151' title='bbox 1448 1136 1546 1191; x_wconf 87' lang='lat' dir='ltr'><strong>Matth.</strong></span> <span class='ocrx_word' id='word_1_152' title='bbox 1576 1143 1617 1204; x_wconf 91' lang='grc'><strong>24,</strong></span> <span class='ocrx_word' id='word_1_153' title='bbox 1635 1155 1660 1188; x_wconf 86' lang='grc' dir='ltr'><strong>ν.</strong></span> <span class='ocrx_word' id='word_1_154' title='bbox 1682 1141 1722 1190; x_wconf 85' lang='grc'><strong>35.</strong></span> <span class='ocrx_word' id='word_1_155' title='bbox 1739 1135 1823 1189; x_wconf 86' lang='lat' dir='ltr'><strong>Marc.</strong></span> 
     </span>
     <span class='ocr_line' id='line_1_12' title="bbox 127 1212 1823 1364; baseline 0 -90"><span class='ocrx_word' id='word_1_156' title='bbox 127 1219 199 1360; x_wconf 46' lang='lat' dir='ltr'><strong>{hep</strong></span> <span class='ocrx_word' id='word_1_157' title='bbox 219 1224 749 1364; x_wconf 51' lang='grc' dir='ltr'><strong>τῇἶ96εογῖωσίιὲς,ἀιιέιιηιῖαηιϊεηξτιι</strong></span> <span class='ocrx_word' id='word_1_158' title='bbox 768 1223 892 1361; x_wconf 47' lang='lat' dir='ltr'><strong>pgort&#39;am</strong></span> <span class='ocrx_word' id='word_1_159' title='bbox 907 1212 1033 1359; x_wconf 63' lang='lat' dir='ltr'><strong>Dpi&#39;1bli,</strong></span> <span class='ocrx_word' id='word_1_160' title='bbox 1051 1237 1076 1358; x_wconf 67' lang='lat' dir='ltr'><strong>tp</strong></span> <span class='ocrx_word' id='word_1_161' title='bbox 1097 1226 1139 1359; x_wconf 62' lang='grc' dir='ltr'><strong>31οἶ</strong></span> <span class='ocrx_word' id='word_1_162' title='bbox 1155 1221 1221 1359; x_wconf 52' lang='lat' dir='ltr'><strong>pue.</strong></span> <span class='ocrx_word' id='word_1_163' title='bbox 1242 1228 1283 1362; x_wconf 64' lang='lat' dir='ltr'><strong>²,l&#39;</strong></span> <span class='ocrx_word' id='word_1_164' title='bbox 1309 1241 1334 1276; x_wconf 80' lang='lat' dir='ltr'><strong>v.</strong></span> <span class='ocrx_word' id='word_1_165' title='bbox 1355 1230 1402 1278; x_wconf 72' lang='lat'><strong>313:</strong></span> <span class='ocrx_word' id='word_1_166' title='bbox 1445 1222 1559 1361; x_wconf 44' lang='lat' dir='ltr'><strong>Cossum</strong></span> <span class='ocrx_word' id='word_1_167' title='bbox 1583 1232 1607 1361; x_wconf 56' lang='lat' dir='ltr'><strong>cg</strong></span> <span class='ocrx_word' id='word_1_168' title='bbox 1632 1231 1823 1363; x_wconf 40' lang='lat' dir='ltr'><strong>tprrtpstrpus·</strong></span> 
     </span>
     <span class='ocr_line' id='line_1_13' title="bbox 152 1323 1824 1364; baseline 0.001 -4"><span class='ocrx_word' id='word_1_169' title='bbox 152 1323 230 1364; x_wconf 88' lang='lat' dir='ltr'><strong>sam.</strong></span> <span class='ocrx_word' id='word_1_170' title='bbox 313 1326 338 1361; x_wconf 82' lang='lat' dir='ltr'><strong>v.</strong></span> <span class='ocrx_word' id='word_1_171' title='bbox 377 1325 431 1361; x_wconf 90' lang='lat' dir='ltr'><strong>.se</strong></span> <span class='ocrx_word' id='word_1_172' title='bbox 476 1327 503 1362; x_wconf 89' lang='lat' dir='ltr'><strong>m</strong></span> <span class='ocrx_word' id='word_1_173' title='bbox 544 1326 680 1362; x_wconf 86' lang='lat' dir='ltr'><strong>nesecur</strong></span> <span class='ocrx_word' id='word_1_174' title='bbox 723 1325 748 1362; x_wconf 85' lang='lat' dir='ltr'><strong>rc</strong></span> <span class='ocrx_word' id='word_1_175' title='bbox 779 1324 838 1362; x_wconf 88' lang='lat' dir='ltr'><strong>rer</strong></span> <span class='ocrx_word' id='word_1_176' title='bbox 855 1324 963 1362; x_wconf 84' lang='lat' dir='ltr'><strong>convo·</strong></span> <span class='ocrx_word' id='word_1_177' title='bbox 990 1325 1056 1358; x_wconf 77' lang='lat' dir='ltr'><strong>con</strong></span> <span class='ocrx_word' id='word_1_178' title='bbox 1107 1325 1192 1359; x_wconf 84' lang='lat' dir='ltr'><strong>vra</strong></span> <span class='ocrx_word' id='word_1_179' title='bbox 1214 1326 1306 1362; x_wconf 84' lang='lat' dir='ltr'><strong>ouem</strong></span> <span class='ocrx_word' id='word_1_180' title='bbox 1329 1327 1391 1362; x_wconf 83' lang='lat' dir='ltr'><strong>meo</strong></span> <span class='ocrx_word' id='word_1_181' title='bbox 1421 1327 1475 1362; x_wconf 84' lang='lat' dir='ltr'><strong>nou</strong></span> <span class='ocrx_word' id='word_1_182' title='bbox 1511 1327 1665 1362; x_wconf 67' lang='lat' dir='ltr'><strong>retostus.</strong></span> <span class='ocrx_word' id='word_1_183' title='bbox 1729 1327 1757 1362; x_wconf 91' lang='lat' dir='ltr'><strong>er</strong></span> <span class='ocrx_word' id='word_1_184' title='bbox 1779 1326 1824 1362; x_wconf 92' lang='lat' dir='ltr'><strong>um</strong></span> 
     </span>
     <span class='ocr_line' id='line_1_14' title="bbox 129 1346 1824 1527; baseline 0.001 -82"><span class='ocrx_word' id='word_1_185' title='bbox 129 1398 208 1448; x_wconf 82' lang='lat' dir='ltr'><strong>vetur</strong></span> <span class='ocrx_word' id='word_1_186' title='bbox 228 1409 264 1446; x_wconf 85' lang='lat' dir='ltr'><strong>ac</strong></span> <span class='ocrx_word' id='word_1_187' title='bbox 279 1348 498 1465; x_wconf 72' lang='lat' dir='ltr'><strong>domplicabitur,</strong></span> <span class='ocrx_word' id='word_1_188' title='bbox 525 1395 591 1464; x_wconf 90' lang='lat' dir='ltr'><strong>quia</strong></span> <span class='ocrx_word' id='word_1_189' title='bbox 617 1394 697 1449; x_wconf 92' lang='lat' dir='ltr'><strong>electi</strong></span> <span class='ocrx_word' id='word_1_190' title='bbox 718 1401 815 1463; x_wconf 82' lang='lat' dir='ltr'><strong>utpote</strong></span> <span class='ocrx_word' id='word_1_191' title='bbox 835 1393 963 1447; x_wconf 84' lang='lat' dir='ltr'><strong>intuitiva</strong></span> <span class='ocrx_word' id='word_1_192' title='bbox 976 1390 978 1482; x_wconf 54' lang='grc'>;</span> <span class='ocrx_word' id='word_1_193' title='bbox 991 1391 1043 1527; x_wconf 50' lang='lat' dir='ltr'><strong>pici</strong></span> <span class='ocrx_word' id='word_1_194' title='bbox 1060 1346 1114 1445; x_wconf 88' lang='lat' dir='ltr'><strong>nbn</strong></span> <span class='ocrx_word' id='word_1_195' title='bbox 1130 1392 1260 1447; x_wconf 77' lang='lat' dir='ltr'><strong>transibit</strong></span> <span class='ocrx_word' id='word_1_196' title='bbox 1276 1410 1324 1447; x_wconf 88' lang='lat' dir='ltr'><strong>seu</strong></span> <span class='ocrx_word' id='word_1_197' title='bbox 1339 1395 1438 1449; x_wconf 80' lang='lat' dir='ltr'><strong>stabile</strong></span> <span class='ocrx_word' id='word_1_198' title='bbox 1454 1394 1625 1463; x_wconf 80' lang='lat' dir='ltr'><strong>permanebit</strong></span> <span class='ocrx_word' id='word_1_199' title='bbox 1642 1394 1670 1447; x_wconf 90' lang='lat' dir='ltr'><strong>in</strong></span> <span class='ocrx_word' id='word_1_200' title='bbox 1682 1401 1824 1448; x_wconf 89' lang='lat' dir='ltr'><strong>aeternum</strong></span> 
     </span>
     <span class='ocr_line' id='line_1_15' title="bbox 129 1477 1824 1536; baseline 0.001 -4"><span class='ocrx_word' id='word_1_201' title='bbox 129 1477 181 1532; x_wconf 89' lang='lat' dir='ltr'><strong>Dei</strong></span> <span class='ocrx_word' id='word_1_202' title='bbox 199 1478 299 1533; x_wconf 89' lang='lat' dir='ltr'><strong>notitia</strong></span> <span class='ocrx_word' id='word_1_203' title='bbox 321 1478 445 1534; x_wconf 80' lang='lat' dir='ltr'><strong>fruentes</strong></span> <span class='ocrx_word' id='word_1_204' title='bbox 472 1479 547 1533; x_wconf 90' lang='lat' dir='ltr'><strong>nullo</strong></span> <span class='ocrx_word' id='word_1_205' title='bbox 567 1497 610 1533; x_wconf 89' lang='lat' dir='ltr'><strong>am</strong></span> <span class='ocrx_word' id='word_1_206' title='bbox 633 1480 687 1534; x_wconf 90' lang='lat' dir='ltr'><strong>lius</strong></span> <span class='ocrx_word' id='word_1_207' title='bbox 712 1485 825 1535; x_wconf 77' lang='lat' dir='ltr'><strong>esterno</strong></span> <span class='ocrx_word' id='word_1_208' title='bbox 853 1479 963 1533; x_wconf 89' lang='lat' dir='ltr'><strong>divinae</strong></span> <span class='ocrx_word' id='word_1_209' title='bbox 1002 1477 1052 1529; x_wconf 70' lang='lat' dir='ltr'><strong>lsa.</strong></span> <span class='ocrx_word' id='word_1_210' title='bbox 1077 1485 1109 1532; x_wconf 83' lang='grc'><strong>46</strong></span> <span class='ocrx_word' id='word_1_211' title='bbox 1149 1496 1175 1532; x_wconf 82' lang='grc' dir='ltr'><strong>ν.</strong></span> <span class='ocrx_word' id='word_1_212' title='bbox 1202 1485 1226 1535; x_wconf 83' lang='grc'><strong>8.</strong></span> <span class='ocrx_word' id='word_1_213' title='bbox 1259 1497 1314 1533; x_wconf 92' lang='lat' dir='ltr'><strong>non</strong></span> <span class='ocrx_word' id='word_1_214' title='bbox 1339 1480 1488 1534; x_wconf 90' lang='lat' dir='ltr'><strong>secundum</strong></span> <span class='ocrx_word' id='word_1_215' title='bbox 1516 1488 1632 1535; x_wconf 80' lang='lat' dir='ltr'><strong>esterna</strong></span> <span class='ocrx_word' id='word_1_216' title='bbox 1657 1477 1730 1536; x_wconf 69' lang='lat' dir='ltr'><strong>mles</strong></span> <span class='ocrx_word' id='word_1_217' title='bbox 1766 1480 1824 1535; x_wconf 88' lang='lat' dir='ltr'><strong>sive</strong></span> 
     </span>
     <span class='ocr_line' id='line_1_16' title="bbox 128 1498 1823 1637; baseline 0.001 -19"><span class='ocrx_word' id='word_1_218' title='bbox 128 1564 294 1634; x_wconf 80' lang='lat' dir='ltr'><strong>cognitionis</strong></span> <span class='ocrx_word' id='word_1_219' title='bbox 327 1565 497 1619; x_wconf 90' lang='lat' dir='ltr'><strong>adminiculo</strong></span> <span class='ocrx_word' id='word_1_220' title='bbox 532 1498 707 1637; x_wconf 60' lang='lat' dir='ltr'><strong>indiggbunt.</strong></span> <span class='ocrx_word' id='word_1_221' title='bbox 757 1564 859 1619; x_wconf 84' lang='lat' dir='ltr'><strong>Confer</strong></span> <span class='ocrx_word' id='word_1_222' title='bbox 888 1519 1156 1627; x_wconf 48' lang='lat' dir='ltr'><strong>‹lictafaccidentia</strong></span> <span class='ocrx_word' id='word_1_223' title='bbox 1175 1564 1307 1618; x_wconf 86' lang='lat' dir='ltr'><strong>videlicet</strong></span> <span class='ocrx_word' id='word_1_224' title='bbox 1324 1566 1509 1635; x_wconf 79' lang='lat' dir='ltr'><strong>scriptionem,</strong></span> <span class='ocrx_word' id='word_1_225' title='bbox 1537 1564 1689 1630; x_wconf 90' lang='lat' dir='ltr'><strong>lectionem,</strong></span> <span class='ocrx_word' id='word_1_226' title='bbox 1716 1504 1823 1635; x_wconf 73' lang='lat' dir='ltr'><strong>piracdi·</strong></span> 
     </span>
     <span class='ocr_line' id='line_1_17' title="bbox 128 1647 1822 1761; baseline 0.001 -59"><span class='ocrx_word' id='word_1_227' title='bbox 128 1647 273 1718; x_wconf 75' lang='lat' dir='ltr'><strong>parallelo,</strong></span> <span class='ocrx_word' id='word_1_228' title='bbox 301 1666 373 1720; x_wconf 88' lang='lat' dir='ltr'><strong>quae</strong></span> <span class='ocrx_word' id='word_1_229' title='bbox 398 1651 432 1703; x_wconf 90' lang='lat' dir='ltr'><strong>dc</strong></span> <span class='ocrx_word' id='word_1_230' title='bbox 458 1649 596 1704; x_wconf 89' lang='lat' dir='ltr'><strong>coelorum</strong></span> <span class='ocrx_word' id='word_1_231' title='bbox 621 1651 732 1705; x_wconf 91' lang='lat' dir='ltr'><strong>interitu</strong></span> <span class='ocrx_word' id='word_1_232' title='bbox 759 1659 861 1722; x_wconf 83' lang='lat' dir='ltr'><strong>agunt,</strong></span> <span class='ocrx_word' id='word_1_233' title='bbox 887 1659 917 1704; x_wconf 93' lang='lat' dir='ltr'><strong>ut</strong></span> <span class='ocrx_word' id='word_1_234' title='bbox 935 1647 1126 1761; x_wconf 51' lang='lat' dir='ltr'><strong>etpcationem</strong></span> <span class='ocrx_word' id='word_1_235' title='bbox 1155 1658 1205 1702; x_wconf 90' lang='lat' dir='ltr'><strong>etc.</strong></span> <span class='ocrx_word' id='word_1_236' title='bbox 1233 1650 1283 1703; x_wconf 90' lang='lat' dir='ltr'><strong>scd</strong></span> <span class='ocrx_word' id='word_1_237' title='bbox 1314 1651 1421 1704; x_wconf 87' lang='lat' dir='ltr'><strong>ratione</strong></span> <span class='ocrx_word' id='word_1_238' title='bbox 1449 1649 1546 1712; x_wconf 73' lang='grc' dir='ltr'><em>οὐσίας</em></span> <span class='ocrx_word' id='word_1_239' title='bbox 1573 1668 1622 1704; x_wconf 89' lang='lat' dir='ltr'><strong>seu</strong></span> <span class='ocrx_word' id='word_1_240' title='bbox 1652 1652 1822 1722; x_wconf 88' lang='lat' dir='ltr'><strong>quidditatis.</strong></span> 
     </span>
     <span class='ocr_line' id='line_1_18' title="bbox 128 1733 1823 1810; baseline 0 -20"><span class='ocrx_word' id='word_1_241' title='bbox 128 1750 169 1803; x_wconf 83' lang='lat' dir='ltr'><strong>ea,</strong></span> <span class='ocrx_word' id='word_1_242' title='bbox 188 1751 259 1806; x_wconf 88' lang='lat' dir='ltr'><strong>quae</strong></span> <span class='ocrx_word' id='word_1_243' title='bbox 285 1735 319 1789; x_wconf 88' lang='lat' dir='ltr'><strong>de</strong></span> <span class='ocrx_word' id='word_1_244' title='bbox 339 1736 391 1789; x_wconf 88' lang='lat' dir='ltr'><strong>hae</strong></span> <span class='ocrx_word' id='word_1_245' title='bbox 417 1736 478 1806; x_wconf 89' lang='lat' dir='ltr'><strong>ipsa</strong></span> <span class='ocrx_word' id='word_1_246' title='bbox 495 1736 674 1791; x_wconf 85' lang='lat' dir='ltr'><strong>similitudino</strong></span> <span class='ocrx_word' id='word_1_247' title='bbox 693 1733 720 1810; x_wconf 65' lang='lat'><strong>§-</strong></span> <span class='ocrx_word' id='word_1_248' title='bbox 741 1743 764 1790; x_wconf 85' lang='grc'><strong>7.</strong></span> <span class='ocrx_word' id='word_1_249' title='bbox 789 1746 817 1790; x_wconf 88' lang='lat' dir='ltr'><strong>ct</strong></span> <span class='ocrx_word' id='word_1_250' title='bbox 840 1733 1060 1807; x_wconf 82' lang='lat' dir='ltr'><strong>prorirnc.lndc</strong></span> <span class='ocrx_word' id='word_1_251' title='bbox 1078 1735 1118 1787; x_wconf 88' lang='lat' dir='ltr'><strong>sic</strong></span> <span class='ocrx_word' id='word_1_252' title='bbox 1137 1735 1304 1806; x_wconf 83' lang='lat' dir='ltr'><strong>colligimus:</strong></span> <span class='ocrx_word' id='word_1_253' title='bbox 1331 1737 1391 1799; x_wconf 88' lang='lat' dir='ltr'><strong>Quo</strong></span> <span class='ocrx_word' id='word_1_254' title='bbox 1411 1753 1493 1790; x_wconf 87' lang='lat' dir='ltr'><strong>sensu</strong></span> <span class='ocrx_word' id='word_1_255' title='bbox 1512 1754 1544 1791; x_wconf 92' lang='lat' dir='ltr'><strong>ac</strong></span> <span class='ocrx_word' id='word_1_256' title='bbox 1563 1745 1691 1808; x_wconf 87' lang='lat' dir='ltr'><strong>respectu</strong></span> <span class='ocrx_word' id='word_1_257' title='bbox 1710 1737 1823 1792; x_wconf 85' lang='lat' dir='ltr'><strong>verbum</strong></span> 
     </span>
     <span class='ocr_line' id='line_1_19' title="bbox 128 1818 1822 1892; baseline 0.001 -17"><span class='ocrx_word' id='word_1_258' title='bbox 128 1821 310 1890; x_wconf 80' lang='lat' dir='ltr'><strong>praecedente</strong></span> <span class='ocrx_word' id='word_1_259' title='bbox 330 1830 395 1876; x_wconf 90' lang='lat' dir='ltr'><strong>sunt</strong></span> <span class='ocrx_word' id='word_1_260' title='bbox 415 1821 507 1876; x_wconf 90' lang='lat' dir='ltr'><strong>allata.</strong></span> <span class='ocrx_word' id='word_1_261' title='bbox 805 1835 808 1843; x_wconf 92' lang='lat'>·</span> <span class='ocrx_word' id='word_1_262' title='bbox 990 1818 1044 1872; x_wconf 86' lang='lat' dir='ltr'><strong>Dei</strong></span> <span class='ocrx_word' id='word_1_263' title='bbox 1062 1820 1163 1874; x_wconf 88' lang='lat' dir='ltr'><strong>dicitur</strong></span> <span class='ocrx_word' id='word_1_264' title='bbox 1188 1839 1307 1892; x_wconf 86' lang='lat' dir='ltr'><strong>manere,</strong></span> <span class='ocrx_word' id='word_1_265' title='bbox 1332 1840 1364 1877; x_wconf 93' lang='lat' dir='ltr'><strong>co</strong></span> <span class='ocrx_word' id='word_1_266' title='bbox 1388 1841 1471 1879; x_wconf 88' lang='lat' dir='ltr'><strong>sensu</strong></span> <span class='ocrx_word' id='word_1_267' title='bbox 1496 1824 1602 1878; x_wconf 92' lang='lat' dir='ltr'><strong>coelum</strong></span> <span class='ocrx_word' id='word_1_268' title='bbox 1628 1842 1659 1877; x_wconf 85' lang='lat' dir='ltr'><strong>ac</strong></span> <span class='ocrx_word' id='word_1_269' title='bbox 1684 1835 1755 1878; x_wconf 87' lang='lat' dir='ltr'><strong>terra</strong></span> <span class='ocrx_word' id='word_1_270' title='bbox 1783 1822 1822 1876; x_wconf 92' lang='lat' dir='ltr'><strong>di-</strong></span> 
     </span>
     <span class='ocr_line' id='line_1_20' title="bbox 10 1907 1823 1980; baseline 0 -18"><span class='ocrx_word' id='word_1_271' title='bbox 10 1927 114 1979; x_wconf 58' lang='lat' dir='ltr'><strong>amitt,</strong></span> <span class='ocrx_word' id='word_1_272' title='bbox 161 1911 202 1962; x_wconf 83' lang='grc'><strong>43.</strong></span> <span class='ocrx_word' id='word_1_273' title='bbox 239 1910 263 1960; x_wconf 85' lang='grc'><strong>3.</strong></span> <span class='ocrx_word' id='word_1_274' title='bbox 287 1908 444 1976; x_wconf 79' lang='lat' dir='ltr'><strong>oppositio.</strong></span> <span class='ocrx_word' id='word_1_275' title='bbox 464 1907 567 1962; x_wconf 89' lang='lat' dir='ltr'><strong>Psalm.</strong></span> <span class='ocrx_word' id='word_1_276' title='bbox 590 1913 648 1974; x_wconf 84' lang='grc'>162,</span> <span class='ocrx_word' id='word_1_277' title='bbox 668 1926 694 1961; x_wconf 88' lang='lat' dir='ltr'><strong>v.</strong></span> <span class='ocrx_word' id='word_1_278' title='bbox 714 1912 761 1962; x_wconf 80' lang='lat' dir='ltr'><strong>at:</strong></span> <span class='ocrx_word' id='word_1_279' title='bbox 789 1908 870 1964; x_wconf 77' lang='lat' dir='ltr'><strong>Coeli</strong></span> <span class='ocrx_word' id='word_1_280' title='bbox 883 1908 960 1976; x_wconf 82' lang='lat' dir='ltr'><strong>peri·</strong></span> <span class='ocrx_word' id='word_1_281' title='bbox 990 1911 1090 1959; x_wconf 88' lang='lat' dir='ltr'><strong>cuntur</strong></span> <span class='ocrx_word' id='word_1_282' title='bbox 1116 1908 1246 1976; x_wconf 86' lang='lat' dir='ltr'><strong>transire,</strong></span> <span class='ocrx_word' id='word_1_283' title='bbox 1269 1915 1301 1962; x_wconf 91' lang='lat' dir='ltr'><strong>ut</strong></span> <span class='ocrx_word' id='word_1_284' title='bbox 1327 1910 1447 1963; x_wconf 87' lang='lat' dir='ltr'><strong>ostendit</strong></span> <span class='ocrx_word' id='word_1_285' title='bbox 1477 1910 1622 1980; x_wconf 86' lang='lat' dir='ltr'><strong>oppositio.</strong></span> <span class='ocrx_word' id='word_1_286' title='bbox 1667 1910 1730 1963; x_wconf 79' lang='lat' dir='ltr'><strong>darn</strong></span> <span class='ocrx_word' id='word_1_287' title='bbox 1757 1926 1823 1963; x_wconf 90' lang='lat' dir='ltr'><strong>vero</strong></span> 
     </span>
     <span class='ocr_line' id='line_1_21' title="bbox 127 1982 1823 2070; baseline 0.002 -25"><span class='ocrx_word' id='word_1_288' title='bbox 127 1993 203 2055; x_wconf 78' lang='lat' dir='ltr'><strong>bant,</strong></span> <span class='ocrx_word' id='word_1_289' title='bbox 224 1982 327 2070; x_wconf 49' lang='lat' dir='ltr'><strong>&#39;1572qu</strong></span> <span class='ocrx_word' id='word_1_290' title='bbox 344 1993 440 2068; x_wconf 50' lang='lat' dir='ltr'><strong>imm,</strong></span> <span class='ocrx_word' id='word_1_291' title='bbox 459 2001 488 2046; x_wconf 81' lang='lat' dir='ltr'><strong>trs</strong></span> <span class='ocrx_word' id='word_1_292' title='bbox 507 2001 598 2046; x_wconf 81' lang='lat' dir='ltr'><strong>aetem</strong></span> <span class='ocrx_word' id='word_1_293' title='bbox 616 2011 765 2061; x_wconf 82' lang='lat' dir='ltr'><strong>permanes</strong></span> <span class='ocrx_word' id='word_1_294' title='bbox 782 2011 831 2048; x_wconf 91' lang='lat' dir='ltr'><strong>seu</strong></span> <span class='ocrx_word' id='word_1_295' title='bbox 849 1994 961 2046; x_wconf 78' lang='lat' dir='ltr'><strong>stabilis</strong></span> <span class='ocrx_word' id='word_1_296' title='bbox 990 1989 1042 2043; x_wconf 91' lang='lat' dir='ltr'><strong>Dei</strong></span> <span class='ocrx_word' id='word_1_297' title='bbox 1063 1991 1177 2046; x_wconf 88' lang='lat' dir='ltr'><strong>verbum</strong></span> <span class='ocrx_word' id='word_1_298' title='bbox 1204 1994 1266 2047; x_wconf 89' lang='lat' dir='ltr'><strong>inde</strong></span> <span class='ocrx_word' id='word_1_299' title='bbox 1295 2000 1380 2063; x_wconf 88' lang='lat' dir='ltr'><strong>atque</strong></span> <span class='ocrx_word' id='word_1_300' title='bbox 1406 1995 1468 2048; x_wconf 90' lang='lat' dir='ltr'><strong>ideo</strong></span> <span class='ocrx_word' id='word_1_301' title='bbox 1492 1995 1594 2049; x_wconf 91' lang='lat' dir='ltr'><strong>dieitur</strong></span> <span class='ocrx_word' id='word_1_302' title='bbox 1618 2011 1737 2060; x_wconf 85' lang='lat' dir='ltr'><strong>manere,</strong></span> <span class='ocrx_word' id='word_1_303' title='bbox 1757 1997 1823 2066; x_wconf 89' lang='lat' dir='ltr'><strong>quia</strong></span> 
     </span>
     <span class='ocr_line' id='line_1_22' title="bbox 127 2072 1822 2135; baseline 0.003 -6"><span class='ocrx_word' id='word_1_304' title='bbox 127 2093 230 2130; x_wconf 74' lang='lat' dir='ltr'><strong>mnam.</strong></span> <span class='ocrx_word' id='word_1_305' title='bbox 265 2077 375 2132; x_wconf 81' lang='lat' dir='ltr'><strong>Praefix</strong></span> <span class='ocrx_word' id='word_1_306' title='bbox 396 2097 422 2131; x_wconf 93' lang='lat' dir='ltr'><strong>m</strong></span> <span class='ocrx_word' id='word_1_307' title='bbox 472 2079 536 2132; x_wconf 76' lang='lat' dir='ltr'><strong>imi</strong></span> <span class='ocrx_word' id='word_1_308' title='bbox 576 2095 610 2132; x_wconf 93' lang='lat' dir='ltr'><strong>on</strong></span> <span class='ocrx_word' id='word_1_309' title='bbox 626 2078 714 2132; x_wconf 90' lang='lat' dir='ltr'><strong>solnm</strong></span> <span class='ocrx_word' id='word_1_310' title='bbox 732 2086 773 2132; x_wconf 89' lang='lat' dir='ltr'><strong>est</strong></span> <span class='ocrx_word' id='word_1_311' title='bbox 791 2098 825 2131; x_wconf 74' lang='lat' dir='ltr'><strong>ro</strong></span> <span class='ocrx_word' id='word_1_312' title='bbox 845 2080 951 2131; x_wconf 70' lang='lat' dir='ltr'><strong>relativa</strong></span> <span class='ocrx_word' id='word_1_313' title='bbox 989 2072 1070 2128; x_wconf 79' lang='lat' dir='ltr'><strong>oriola</strong></span> <span class='ocrx_word' id='word_1_314' title='bbox 1118 2077 1240 2132; x_wconf 85' lang='lat' dir='ltr'><strong>uidditas</strong></span> <span class='ocrx_word' id='word_1_315' title='bbox 1260 2086 1287 2134; x_wconf 93' lang='lat' dir='ltr'><strong>ct</strong></span> <span class='ocrx_word' id='word_1_316' title='bbox 1304 2080 1446 2134; x_wconf 87' lang='lat' dir='ltr'><strong>materiale</strong></span> <span class='ocrx_word' id='word_1_317' title='bbox 1465 2080 1588 2133; x_wconf 88' lang='lat' dir='ltr'><strong>c&#39;usdem</strong></span> <span class='ocrx_word' id='word_1_318' title='bbox 1617 2087 1717 2135; x_wconf 90' lang='lat' dir='ltr'><strong>manet.</strong></span> <span class='ocrx_word' id='word_1_319' title='bbox 1748 2080 1822 2134; x_wconf 85' lang='lat' dir='ltr'><strong>Ero</strong></span> 
     </span>
     <span class='ocr_line' id='line_1_23' title="bbox 127 2094 1822 2235; baseline 0.001 -17"><span class='ocrx_word' id='word_1_320' title='bbox 127 2162 177 2218; x_wconf 85' lang='lat' dir='ltr'><strong>ssd</strong></span> <span class='ocrx_word' id='word_1_321' title='bbox 196 2162 279 2218; x_wconf 87' lang='lat' dir='ltr'><strong>etiam</strong></span> <span class='ocrx_word' id='word_1_322' title='bbox 307 2096 475 2235; x_wconf 61' lang='lat' dir='ltr'><strong>qumboqbb</strong></span> <span class='ocrx_word' id='word_1_323' title='bbox 502 2098 690 2230; x_wconf 62' lang='lat' dir='ltr'><strong>celebrantium,</strong></span> <span class='ocrx_word' id='word_1_324' title='bbox 715 2182 797 2234; x_wconf 91' lang='lat' dir='ltr'><strong>quam</strong></span> <span class='ocrx_word' id='word_1_325' title='bbox 820 2098 963 2235; x_wconf 53' lang='lat' dir='ltr'><strong>lignificsf</strong></span> <span class='ocrx_word' id='word_1_326' title='bbox 988 2159 1059 2213; x_wconf 87' lang='lat' dir='ltr'><strong>coeli</strong></span> <span class='ocrx_word' id='word_1_327' title='bbox 1073 2094 1143 2216; x_wconf 57' lang='lat' dir='ltr'><strong>iride</strong></span> <span class='ocrx_word' id='word_1_328' title='bbox 1161 2172 1244 2233; x_wconf 86' lang='lat' dir='ltr'><strong>atquc</strong></span> <span class='ocrx_word' id='word_1_329' title='bbox 1264 2165 1326 2218; x_wconf 93' lang='lat' dir='ltr'><strong>ideo</strong></span> <span class='ocrx_word' id='word_1_330' title='bbox 1347 2098 1621 2233; x_wconf 58' lang='lat' dir='ltr'><strong>dicunturltrsnsir&#39;e,</strong></span> <span class='ocrx_word' id='word_1_331' title='bbox 1642 2166 1708 2235; x_wconf 91' lang='lat' dir='ltr'><strong>quia</strong></span> <span class='ocrx_word' id='word_1_332' title='bbox 1726 2099 1822 2227; x_wconf 57' lang='grc' dir='ltr'><em>οὗσιξὲς</em></span> 
     </span>
     <span class='ocr_line' id='line_1_24' title="bbox 127 2245 1821 2390; baseline 0.002 -88"><span class='ocrx_word' id='word_1_333' title='bbox 127 2249 230 2303; x_wconf 89' lang='lat' dir='ltr'><strong>tionem</strong></span> <span class='ocrx_word' id='word_1_334' title='bbox 253 2247 389 2304; x_wconf 89' lang='lat' dir='ltr'><strong>hocloco</strong></span> <span class='ocrx_word' id='word_1_335' title='bbox 414 2265 475 2303; x_wconf 87' lang='lat' dir='ltr'><strong>cam</strong></span> <span class='ocrx_word' id='word_1_336' title='bbox 499 2249 638 2312; x_wconf 89' lang='lat' dir='ltr'><strong>obtinere,</strong></span> <span class='ocrx_word' id='word_1_337' title='bbox 664 2250 839 2304; x_wconf 89' lang='lat' dir='ltr'><strong>manifestum</strong></span> <span class='ocrx_word' id='word_1_338' title='bbox 867 2253 909 2304; x_wconf 90' lang='lat' dir='ltr'><strong>est</strong></span> <span class='ocrx_word' id='word_1_339' title='bbox 929 2252 1016 2367; x_wconf 51' lang='lat' dir='ltr'><strong>ex&#39;et</strong></span> <span class='ocrx_word' id='word_1_340' title='bbox 1041 2245 1204 2385; x_wconf 70' lang='lat' dir='ltr'><strong>quiddlitatis</strong></span> <span class='ocrx_word' id='word_1_341' title='bbox 1229 2250 1371 2388; x_wconf 66' lang='lat' dir='ltr'><strong>applipioni</strong></span> <span class='ocrx_word' id='word_1_342' title='bbox 1389 2250 1646 2390; x_wconf 54' lang='lat' dir='ltr'><strong>(pbntppriitcruntt.t</strong></span> <span class='ocrx_word' id='word_1_343' title='bbox 1663 2250 1692 2307; x_wconf 85' lang='lat' dir='ltr'><strong>Si</strong></span> <span class='ocrx_word' id='word_1_344' title='bbox 1719 2257 1821 2305; x_wconf 89' lang='lat' dir='ltr'><strong>statua·</strong></span> 
     </span>
     <span class='ocr_line' id='line_1_25' title="bbox 128 2335 1821 2391; baseline 0.001 -2"><span class='ocrx_word' id='word_1_345' title='bbox 128 2335 198 2389; x_wconf 83' lang='lat' dir='ltr'><strong>seris</strong></span> <span class='ocrx_word' id='word_1_346' title='bbox 218 2339 318 2389; x_wconf 84' lang='lat' dir='ltr'><strong>textus.</strong></span> <span class='ocrx_word' id='word_1_347' title='bbox 354 2335 399 2389; x_wconf 88' lang='lat' dir='ltr'><strong>Sic</strong></span> <span class='ocrx_word' id='word_1_348' title='bbox 418 2352 447 2389; x_wconf 91' lang='lat' dir='ltr'><strong>cr</strong></span> <span class='ocrx_word' id='word_1_349' title='bbox 468 2352 484 2388; x_wconf 95' lang='grc' dir='ltr'>ο</span> <span class='ocrx_word' id='word_1_350' title='bbox 504 2335 709 2391; x_wconf 82' lang='lat' dir='ltr'><strong>concludimus:</strong></span> <span class='ocrx_word' id='word_1_351' title='bbox 772 2353 807 2390; x_wconf 92' lang='lat' dir='ltr'><strong>uo</strong></span> <span class='ocrx_word' id='word_1_352' title='bbox 826 2352 907 2389; x_wconf 89' lang='lat' dir='ltr'><strong>sensu</strong></span> <span class='ocrx_word' id='word_1_353' title='bbox 929 2351 961 2389; x_wconf 87' lang='lat' dir='ltr'><strong>ac</strong></span> <span class='ocrx_word' id='word_1_354' title='bbox 988 2337 1034 2385; x_wconf 83' lang='lat' dir='ltr'><strong>tur</strong></span> <span class='ocrx_word' id='word_1_355' title='bbox 1073 2349 1163 2386; x_wconf 90' lang='lat' dir='ltr'><strong>cocos</strong></span> <span class='ocrx_word' id='word_1_356' title='bbox 1212 2337 1266 2389; x_wconf 88' lang='lat' dir='ltr'><strong>nai</strong></span> <span class='ocrx_word' id='word_1_357' title='bbox 1282 2353 1357 2389; x_wconf 88' lang='lat' dir='ltr'><strong>aum</strong></span> <span class='ocrx_word' id='word_1_358' title='bbox 1408 2354 1445 2388; x_wconf 92' lang='lat' dir='ltr'><strong>un</strong></span> <span class='ocrx_word' id='word_1_359' title='bbox 1477 2354 1511 2390; x_wconf 82' lang='lat' dir='ltr'><strong>sa</strong></span> <span class='ocrx_word' id='word_1_360' title='bbox 1558 2337 1737 2391; x_wconf 76' lang='lat' dir='ltr'><strong>munionem</strong></span> <span class='ocrx_word' id='word_1_361' title='bbox 1766 2354 1821 2391; x_wconf 92' lang='lat' dir='ltr'><strong>non</strong></span> 
     </span>
     <span class='ocr_line' id='line_1_26' title="bbox 128 2335 1823 2492; baseline 0.004 -23"><span class='ocrx_word' id='word_1_362' title='bbox 128 2427 255 2490; x_wconf 84' lang='lat' dir='ltr'><strong>respectu</strong></span> <span class='ocrx_word' id='word_1_363' title='bbox 279 2418 358 2474; x_wconf 85' lang='lat' dir='ltr'><strong>Deus</strong></span> <span class='ocrx_word' id='word_1_364' title='bbox 384 2352 485 2476; x_wconf 53' lang='lat' dir='ltr'><strong>dicitiu-</strong></span> <span class='ocrx_word' id='word_1_365' title='bbox 508 2437 678 2490; x_wconf 81' lang='lat' dir='ltr'><strong>permanere,</strong></span> <span class='ocrx_word' id='word_1_366' title='bbox 701 2335 797 2476; x_wconf 45' lang='lat' dir='ltr'><strong>eodgm</strong></span> <span class='ocrx_word' id='word_1_367' title='bbox 823 2438 904 2475; x_wconf 83' lang='lat' dir='ltr'><strong>sensu</strong></span> <span class='ocrx_word' id='word_1_368' title='bbox 929 2372 1081 2476; x_wconf 59' lang='lat' dir='ltr'><strong>aclaut’em</strong></span> <span class='ocrx_word' id='word_1_369' title='bbox 1100 2353 1274 2474; x_wconf 67' lang='lat' dir='ltr'><strong>substulitiae</strong></span> <span class='ocrx_word' id='word_1_370' title='bbox 1287 2421 1465 2476; x_wconf 75' lang='lat' dir='ltr'><strong>abolitionem</strong></span> <span class='ocrx_word' id='word_1_371' title='bbox 1480 2429 1649 2492; x_wconf 79' lang='lat' dir='ltr'><strong>experturos,</strong></span> <span class='ocrx_word' id='word_1_372' title='bbox 1667 2377 1823 2477; x_wconf 50' lang='lat' dir='ltr'><strong>inter&#39;cosli</strong></span> 
     </span>
    </p>
   </div>
   <div class='ocr_carea' id='block_1_3' title="bbox 127 2504 1823 3018">
    <p class='ocr_par' dir='ltr' id='par_1_3' title="bbox 127 2504 1823 3018">
     <span class='ocr_line' id='line_1_27' title="bbox 128 2504 1823 2578; baseline 0.001 -17"><span class='ocrx_word' id='word_1_373' title='bbox 128 2512 256 2576; x_wconf 86' lang='lat' dir='ltr'><strong>respectu</strong></span> <span class='ocrx_word' id='word_1_374' title='bbox 274 2504 345 2561; x_wconf 86' lang='lat' dir='ltr'><strong>coeli</strong></span> <span class='ocrx_word' id='word_1_375' title='bbox 364 2505 494 2560; x_wconf 91' lang='lat' dir='ltr'><strong>dicuntur</strong></span> <span class='ocrx_word' id='word_1_376' title='bbox 511 2506 609 2577; x_wconf 88' lang='lat' dir='ltr'><strong>perire,</strong></span> <span class='ocrx_word' id='word_1_377' title='bbox 628 2507 697 2561; x_wconf 87' lang='lat' dir='ltr'><strong>alias</strong></span> <span class='ocrx_word' id='word_1_378' title='bbox 716 2523 771 2561; x_wconf 90' lang='lat' dir='ltr'><strong>non</strong></span> <span class='ocrx_word' id='word_1_379' title='bbox 790 2513 863 2562; x_wconf 89' lang='lat' dir='ltr'><strong>esset</strong></span> <span class='ocrx_word' id='word_1_380' title='bbox 876 2524 960 2577; x_wconf 83' lang='lat' dir='ltr'><strong>oppo-</strong></span> <span class='ocrx_word' id='word_1_381' title='bbox 988 2519 1021 2556; x_wconf 89' lang='lat' dir='ltr'><strong>ac</strong></span> <span class='ocrx_word' id='word_1_382' title='bbox 1046 2511 1135 2559; x_wconf 89' lang='lat' dir='ltr'><strong>terras</strong></span> <span class='ocrx_word' id='word_1_383' title='bbox 1160 2506 1306 2560; x_wconf 86' lang='lat' dir='ltr'><strong>transitum</strong></span> <span class='ocrx_word' id='word_1_384' title='bbox 1331 2524 1364 2560; x_wconf 92' lang='lat' dir='ltr'><strong>ac</strong></span> <span class='ocrx_word' id='word_1_385' title='bbox 1391 2507 1467 2562; x_wconf 84' lang='lat' dir='ltr'><strong>verbi</strong></span> <span class='ocrx_word' id='word_1_386' title='bbox 1495 2508 1580 2562; x_wconf 90' lang='lat' dir='ltr'><strong>divini</strong></span> <span class='ocrx_word' id='word_1_387' title='bbox 1605 2509 1823 2578; x_wconf 85' lang='lat' dir='ltr'><strong>permanentiam</strong></span> 
     </span>
     <span class='ocr_line' id='line_1_28' title="bbox 128 2590 1822 2663; baseline 0.004 -20"><span class='ocrx_word' id='word_1_388' title='bbox 128 2591 191 2644; x_wconf 85' lang='lat' dir='ltr'><strong>sitio</strong></span> <span class='ocrx_word' id='word_1_389' title='bbox 210 2590 323 2646; x_wconf 87' lang='lat' dir='ltr'><strong>directa.</strong></span> <span class='ocrx_word' id='word_1_390' title='bbox 341 2591 407 2646; x_wconf 74' lang='lat' dir='ltr'><strong>‹Jam</strong></span> <span class='ocrx_word' id='word_1_391' title='bbox 418 2608 482 2646; x_wconf 89' lang='lat' dir='ltr'><strong>vcro</strong></span> <span class='ocrx_word' id='word_1_392' title='bbox 495 2591 572 2646; x_wconf 90' lang='lat' dir='ltr'><strong>Deus</strong></span> <span class='ocrx_word' id='word_1_393' title='bbox 583 2592 683 2647; x_wconf 90' lang='lat' dir='ltr'><strong>dicitur</strong></span> <span class='ocrx_word' id='word_1_394' title='bbox 696 2609 857 2663; x_wconf 89' lang='lat' dir='ltr'><strong>permanere</strong></span> <span class='ocrx_word' id='word_1_395' title='bbox 869 2609 961 2647; x_wconf 76' lang='lat' dir='ltr'><strong>essen</strong></span> <span class='ocrx_word' id='word_1_396' title='bbox 989 2606 1043 2644; x_wconf 90' lang='lat' dir='ltr'><strong>non</strong></span> <span class='ocrx_word' id='word_1_397' title='bbox 1070 2598 1144 2646; x_wconf 86' lang='lat' dir='ltr'><strong>esset</strong></span> <span class='ocrx_word' id='word_1_398' title='bbox 1171 2593 1308 2661; x_wconf 86' lang='lat' dir='ltr'><strong>oppositio</strong></span> <span class='ocrx_word' id='word_1_399' title='bbox 1338 2593 1386 2647; x_wconf 89' lang='lat' dir='ltr'><strong>aed</strong></span> <span class='ocrx_word' id='word_1_400' title='bbox 1415 2594 1533 2650; x_wconf 87' lang='lat' dir='ltr'><strong>collatio.</strong></span> <span class='ocrx_word' id='word_1_401' title='bbox 1579 2594 1618 2649; x_wconf 89' lang='lat' dir='ltr'><strong>Ut</strong></span> <span class='ocrx_word' id='word_1_402' title='bbox 1647 2596 1720 2650; x_wconf 89' lang='lat' dir='ltr'><strong>enim</strong></span> <span class='ocrx_word' id='word_1_403' title='bbox 1752 2595 1822 2650; x_wconf 91' lang='lat' dir='ltr'><strong>acci·</strong></span> 
     </span>
     <span class='ocr_line' id='line_1_29' title="bbox 128 2673 1823 2749; baseline 0.002 -19"><span class='ocrx_word' id='word_1_404' title='bbox 128 2677 239 2731; x_wconf 89' lang='lat' dir='ltr'><strong>tialiter.</strong></span> <span class='ocrx_word' id='word_1_405' title='bbox 274 2676 350 2749; x_wconf 83' lang='lat' dir='ltr'><strong>Ergo</strong></span> <span class='ocrx_word' id='word_1_406' title='bbox 369 2678 438 2731; x_wconf 91' lang='lat' dir='ltr'><strong>coeli</strong></span> <span class='ocrx_word' id='word_1_407' title='bbox 458 2676 652 2748; x_wconf 85' lang='lat' dir='ltr'><strong>intelliguntur</strong></span> <span class='ocrx_word' id='word_1_408' title='bbox 668 2679 759 2747; x_wconf 89' lang='lat' dir='ltr'><strong>perire</strong></span> <span class='ocrx_word' id='word_1_409' title='bbox 773 2679 961 2733; x_wconf 83' lang='lat' dir='ltr'><strong>essentialiter.</strong></span> <span class='ocrx_word' id='word_1_410' title='bbox 988 2673 1083 2729; x_wconf 88' lang='lat' dir='ltr'><strong>dentia</strong></span> <span class='ocrx_word' id='word_1_411' title='bbox 1113 2693 1162 2731; x_wconf 90' lang='lat' dir='ltr'><strong>seu</strong></span> <span class='ocrx_word' id='word_1_412' title='bbox 1192 2677 1306 2732; x_wconf 88' lang='lat' dir='ltr'><strong>formale</strong></span> <span class='ocrx_word' id='word_1_413' title='bbox 1335 2685 1477 2734; x_wconf 82' lang='lat' dir='ltr'><strong>externum</strong></span> <span class='ocrx_word' id='word_1_414' title='bbox 1506 2680 1582 2733; x_wconf 89' lang='lat' dir='ltr'><strong>verbi</strong></span> <span class='ocrx_word' id='word_1_415' title='bbox 1609 2680 1695 2734; x_wconf 92' lang='lat' dir='ltr'><strong>divini</strong></span> <span class='ocrx_word' id='word_1_416' title='bbox 1724 2682 1823 2735; x_wconf 86' lang='lat' dir='ltr'><strong>transit</strong></span> 
     </span>
     <span class='ocr_line' id='line_1_30' title="bbox 128 2761 1820 2838; baseline 0.001 -20"><span class='ocrx_word' id='word_1_417' title='bbox 128 2761 179 2818; x_wconf 92' lang='lat' dir='ltr'><strong>Vel</strong></span> <span class='ocrx_word' id='word_1_418' title='bbox 199 2762 251 2818; x_wconf 93' lang='lat' dir='ltr'><strong>hoc</strong></span> <span class='ocrx_word' id='word_1_419' title='bbox 271 2763 366 2817; x_wconf 92' lang='lat' dir='ltr'><strong>modo:</strong></span> <span class='ocrx_word' id='word_1_420' title='bbox 402 2762 544 2834; x_wconf 82' lang='lat' dir='ltr'><strong>Quidquid</strong></span> <span class='ocrx_word' id='word_1_421' title='bbox 564 2764 592 2817; x_wconf 89' lang='lat' dir='ltr'><strong>in</strong></span> <span class='ocrx_word' id='word_1_422' title='bbox 610 2765 783 2834; x_wconf 90' lang='lat' dir='ltr'><strong>oppositione</strong></span> <span class='ocrx_word' id='word_1_423' title='bbox 801 2765 905 2818; x_wconf 86' lang='lat' dir='ltr'><strong>directa</strong></span> <span class='ocrx_word' id='word_1_424' title='bbox 929 2781 961 2819; x_wconf 89' lang='lat' dir='ltr'><strong>ac</strong></span> <span class='ocrx_word' id='word_1_425' title='bbox 989 2768 1116 2817; x_wconf 90' lang='lat' dir='ltr'><strong>manente</strong></span> <span class='ocrx_word' id='word_1_426' title='bbox 1134 2762 1194 2832; x_wconf 88' lang='lat' dir='ltr'><strong>ejus</strong></span> <span class='ocrx_word' id='word_1_427' title='bbox 1207 2764 1363 2834; x_wconf 84' lang='lat' dir='ltr'><strong>quidditatc</strong></span> <span class='ocrx_word' id='word_1_428' title='bbox 1381 2781 1414 2819; x_wconf 94' lang='lat' dir='ltr'><strong>ae</strong></span> <span class='ocrx_word' id='word_1_429' title='bbox 1427 2767 1571 2832; x_wconf 82' lang='lat' dir='ltr'><strong>materiali,</strong></span> <span class='ocrx_word' id='word_1_430' title='bbox 1590 2767 1628 2819; x_wconf 86' lang='lat' dir='ltr'><strong>sic</strong></span> <span class='ocrx_word' id='word_1_431' title='bbox 1644 2767 1713 2820; x_wconf 90' lang='lat' dir='ltr'><strong>coeli</strong></span> <span class='ocrx_word' id='word_1_432' title='bbox 1729 2767 1820 2838; x_wconf 90' lang='lat' dir='ltr'><strong>quoad</strong></span> 
     </span>
     <span class='ocr_line' id='line_1_31' title="bbox 128 2848 1821 2920; baseline 0.001 -15"><span class='ocrx_word' id='word_1_433' title='bbox 128 2848 250 2918; x_wconf 81' lang='lat' dir='ltr'><strong>perfecta</strong></span> <span class='ocrx_word' id='word_1_434' title='bbox 267 2849 314 2902; x_wconf 92' lang='lat' dir='ltr'><strong>uni</strong></span> <span class='ocrx_word' id='word_1_435' title='bbox 332 2849 520 2920; x_wconf 86' lang='lat' dir='ltr'><strong>oppositorum</strong></span> <span class='ocrx_word' id='word_1_436' title='bbox 538 2849 677 2913; x_wconf 85' lang='lat' dir='ltr'><strong>tribuitur,</strong></span> <span class='ocrx_word' id='word_1_437' title='bbox 698 2850 778 2904; x_wconf 91' lang='lat' dir='ltr'><strong>alteri</strong></span> <span class='ocrx_word' id='word_1_438' title='bbox 805 2850 962 2920; x_wconf 84' lang='lat' dir='ltr'><strong>derogatur,</strong></span> <span class='ocrx_word' id='word_1_439' title='bbox 988 2848 1136 2917; x_wconf 89' lang='lat' dir='ltr'><strong>qualitates</strong></span> <span class='ocrx_word' id='word_1_440' title='bbox 1166 2858 1194 2904; x_wconf 91' lang='lat' dir='ltr'><strong>et</strong></span> <span class='ocrx_word' id='word_1_441' title='bbox 1222 2858 1336 2905; x_wconf 82' lang='lat' dir='ltr'><strong>externa</strong></span> <span class='ocrx_word' id='word_1_442' title='bbox 1363 2852 1519 2906; x_wconf 88' lang='lat' dir='ltr'><strong>accidentia</strong></span> <span class='ocrx_word' id='word_1_443' title='bbox 1550 2852 1646 2908; x_wconf 88' lang='lat' dir='ltr'><strong>itidem</strong></span> <span class='ocrx_word' id='word_1_444' title='bbox 1671 2854 1821 2908; x_wconf 87' lang='lat' dir='ltr'><strong>transirent</strong></span> 
     </span>
     <span class='ocr_line' id='line_1_32' title="bbox 127 2933 1821 3018; baseline 0.003 -29"><span class='ocrx_word' id='word_1_445' title='bbox 127 2941 155 2989; x_wconf 91' lang='lat' dir='ltr'><strong>et</strong></span> <span class='ocrx_word' id='word_1_446' title='bbox 172 2934 233 2989; x_wconf 84' lang='lat' dir='ltr'><strong>vice</strong></span> <span class='ocrx_word' id='word_1_447' title='bbox 251 2951 339 2990; x_wconf 81' lang='lat' dir='ltr'><strong>versa.</strong></span> <span class='ocrx_word' id='word_1_448' title='bbox 376 2933 439 2989; x_wconf 82' lang='lat' dir='ltr'><strong>Jam</strong></span> <span class='ocrx_word' id='word_1_449' title='bbox 458 2952 524 2989; x_wconf 82' lang='lat' dir='ltr'><strong>sero</strong></span> <span class='ocrx_word' id='word_1_450' title='bbox 550 2935 702 2989; x_wconf 89' lang='lat' dir='ltr'><strong>secundum</strong></span> <span class='ocrx_word' id='word_1_451' title='bbox 727 2936 874 2990; x_wconf 88' lang='lat' dir='ltr'><strong>essentiam</strong></span> <span class='ocrx_word' id='word_1_452' title='bbox 901 2954 961 3006; x_wconf 87' lang='lat' dir='ltr'><strong>per·</strong></span> <span class='ocrx_word' id='word_1_453' title='bbox 989 2941 1116 2988; x_wconf 91' lang='lat' dir='ltr'><strong>manente</strong></span> <span class='ocrx_word' id='word_1_454' title='bbox 1142 2937 1290 2991; x_wconf 86' lang='lat' dir='ltr'><strong>eorundem</strong></span> <span class='ocrx_word' id='word_1_455' title='bbox 1315 2935 1401 3018; x_wconf 76' lang='grc' dir='ltr'><strong>οὐσίᾳΙ</strong></span> <span class='ocrx_word' id='word_1_456' title='bbox 1422 2938 1479 2992; x_wconf 85' lang='lat' dir='ltr'><strong>sive</strong></span> <span class='ocrx_word' id='word_1_457' title='bbox 1503 2939 1629 2993; x_wconf 88' lang='lat' dir='ltr'><strong>essentia.</strong></span> <span class='ocrx_word' id='word_1_458' title='bbox 1661 2945 1681 2993; x_wconf 93' lang='lat' dir='ltr'><strong>l.</strong></span> <span class='ocrx_word' id='word_1_459' title='bbox 1706 2937 1769 2993; x_wconf 82' lang='lat' dir='ltr'><strong>leh.</strong></span> <span class='ocrx_word' id='word_1_460' title='bbox 1797 2945 1821 3001; x_wconf 87' lang='grc'><strong>2,</strong></span> 
     </span>
    </p>
   </div>
   <div class='ocr_carea' id='block_1_4' title="bbox 10 3018 1923 5567">
    <p class='ocr_par' dir='ltr' id='par_1_4' title="bbox 10 3018 1923 5567">
     <span class='ocr_line' id='line_1_33' title="bbox 128 3018 1823 3095; baseline 0.002 -21"><span class='ocrx_word' id='word_1_461' title='bbox 128 3036 239 3076; x_wconf 85' lang='lat' dir='ltr'><strong>manere</strong></span> <span class='ocrx_word' id='word_1_462' title='bbox 257 3020 286 3074; x_wconf 91' lang='lat' dir='ltr'><strong>in</strong></span> <span class='ocrx_word' id='word_1_463' title='bbox 303 3018 356 3074; x_wconf 88' lang='lat' dir='ltr'><strong>hac</strong></span> <span class='ocrx_word' id='word_1_464' title='bbox 375 3019 547 3090; x_wconf 91' lang='lat' dir='ltr'><strong>oppositione</strong></span> <span class='ocrx_word' id='word_1_465' title='bbox 567 3020 627 3075; x_wconf 93' lang='lat' dir='ltr'><strong>Deo</strong></span> <span class='ocrx_word' id='word_1_466' title='bbox 648 3020 785 3079; x_wconf 87' lang='lat' dir='ltr'><strong>tribuitur.</strong></span> <span class='ocrx_word' id='word_1_467' title='bbox 821 3023 896 3094; x_wconf 82' lang='lat' dir='ltr'><strong>Ergo</strong></span> <span class='ocrx_word' id='word_1_468' title='bbox 920 3039 961 3077; x_wconf 89' lang='lat' dir='ltr'><strong>se·</strong></span> <span class='ocrx_word' id='word_1_469' title='bbox 988 3037 1012 3073; x_wconf 81' lang='lat' dir='ltr'><strong>r.</strong></span> <span class='ocrx_word' id='word_1_470' title='bbox 1034 3027 1078 3078; x_wconf 81' lang='lat' dir='ltr'><strong>tl:</strong></span> <span class='ocrx_word' id='word_1_471' title='bbox 1115 3022 1243 3075; x_wconf 79' lang='lat' dir='ltr'><strong>Mundus</strong></span> <span class='ocrx_word' id='word_1_472' title='bbox 1262 3025 1364 3076; x_wconf 79' lang='lat' dir='ltr'><strong>transit</strong></span> <span class='ocrx_word' id='word_1_473' title='bbox 1385 3033 1410 3077; x_wconf 87' lang='lat' dir='ltr'><strong>et</strong></span> <span class='ocrx_word' id='word_1_474' title='bbox 1434 3026 1658 3093; x_wconf 80' lang='lat' dir='ltr'><strong>concupiscentia</strong></span> <span class='ocrx_word' id='word_1_475' title='bbox 1679 3025 1753 3093; x_wconf 75' lang='lat' dir='ltr'><strong>ejus,</strong></span> <span class='ocrx_word' id='word_1_476' title='bbox 1772 3029 1823 3095; x_wconf 78' lang='lat' dir='ltr'><strong>qni</strong></span> 
     </span>
     <span class='ocr_line' id='line_1_34' title="bbox 128 3106 1821 3179; baseline 0.004 -18"><span class='ocrx_word' id='word_1_477' title='bbox 128 3107 249 3162; x_wconf 87' lang='lat' dir='ltr'><strong>cundum</strong></span> <span class='ocrx_word' id='word_1_478' title='bbox 265 3106 414 3160; x_wconf 88' lang='lat' dir='ltr'><strong>essentiam</strong></span> <span class='ocrx_word' id='word_1_479' title='bbox 427 3122 589 3176; x_wconf 89' lang='lat' dir='ltr'><strong>permanere</strong></span> <span class='ocrx_word' id='word_1_480' title='bbox 601 3107 685 3161; x_wconf 90' lang='lat' dir='ltr'><strong>coelis</strong></span> <span class='ocrx_word' id='word_1_481' title='bbox 699 3107 856 3179; x_wconf 82' lang='lat' dir='ltr'><strong>derogatur.</strong></span> <span class='ocrx_word' id='word_1_482' title='bbox 885 3110 961 3172; x_wconf 87' lang='lat' dir='ltr'><strong>Quae</strong></span> <span class='ocrx_word' id='word_1_483' title='bbox 988 3115 1081 3160; x_wconf 78' lang='lat' dir='ltr'><strong>autem</strong></span> <span class='ocrx_word' id='word_1_484' title='bbox 1108 3107 1182 3169; x_wconf 79' lang='lat' dir='ltr'><strong>fecit</strong></span> <span class='ocrx_word' id='word_1_485' title='bbox 1209 3109 1267 3160; x_wconf 84' lang='lat' dir='ltr'><strong>Doi</strong></span> <span class='ocrx_word' id='word_1_486' title='bbox 1288 3110 1472 3174; x_wconf 80' lang='lat' dir='ltr'><strong>voluntatem,</strong></span> <span class='ocrx_word' id='word_1_487' title='bbox 1497 3119 1589 3163; x_wconf 75' lang='lat' dir='ltr'><strong>oruoct</strong></span> <span class='ocrx_word' id='word_1_488' title='bbox 1613 3113 1642 3164; x_wconf 81' lang='lat' dir='ltr'><strong>in</strong></span> <span class='ocrx_word' id='word_1_489' title='bbox 1669 3119 1821 3168; x_wconf 78' lang='lat' dir='ltr'><strong>aeternam.</strong></span> 
     </span>
     <span class='ocr_line' id='line_1_35' title="bbox 127 3188 1821 3269; baseline 0.003 -22"><span class='ocrx_word' id='word_1_490' title='bbox 127 3195 199 3248; x_wconf 90' lang='lat' dir='ltr'><strong>enim</strong></span> <span class='ocrx_word' id='word_1_491' title='bbox 224 3191 294 3248; x_wconf 86' lang='lat' dir='ltr'><strong>alias</strong></span> <span class='ocrx_word' id='word_1_492' title='bbox 321 3192 393 3246; x_wconf 80' lang='lat' dir='ltr'><strong>foret</strong></span> <span class='ocrx_word' id='word_1_493' title='bbox 419 3192 568 3262; x_wconf 89' lang='lat' dir='ltr'><strong>oppositi0,</strong></span> <span class='ocrx_word' id='word_1_494' title='bbox 595 3193 665 3248; x_wconf 90' lang='lat' dir='ltr'><strong>coeli</strong></span> <span class='ocrx_word' id='word_1_495' title='bbox 687 3201 822 3263; x_wconf 85' lang='lat' dir='ltr'><strong>perpetuo</strong></span> <span class='ocrx_word' id='word_1_496' title='bbox 846 3195 899 3249; x_wconf 81' lang='lat' dir='ltr'><strong>sibi</strong></span> <span class='ocrx_word' id='word_1_497' title='bbox 927 3195 962 3248; x_wconf 83' lang='lat' dir='ltr'><strong>si·</strong></span> <span class='ocrx_word' id='word_1_498' title='bbox 989 3188 1085 3243; x_wconf 80' lang='lat' dir='ltr'><strong>lllnndi</strong></span> <span class='ocrx_word' id='word_1_499' title='bbox 1102 3192 1270 3247; x_wconf 85' lang='lat' dir='ltr'><strong>vocabulum</strong></span> <span class='ocrx_word' id='word_1_500' title='bbox 1291 3192 1406 3269; x_wconf 78' lang='grc' dir='ltr'><em>πρώτως</em></span> <span class='ocrx_word' id='word_1_501' title='bbox 1427 3213 1460 3249; x_wconf 90' lang='lat' dir='ltr'><strong>ae</strong></span> <span class='ocrx_word' id='word_1_502' title='bbox 1478 3196 1669 3266; x_wconf 82' lang='lat' dir='ltr'><strong>principaliter</strong></span> <span class='ocrx_word' id='word_1_503' title='bbox 1685 3197 1730 3251; x_wconf 93' lang='lat' dir='ltr'><strong>hic</strong></span> <span class='ocrx_word' id='word_1_504' title='bbox 1748 3197 1821 3252; x_wconf 91' lang='lat' dir='ltr'><strong>acci-</strong></span> 
     </span>
     <span class='ocr_line' id='line_1_36' title="bbox 126 3275 1822 3352; baseline 0.002 -19"><span class='ocrx_word' id='word_1_505' title='bbox 126 3279 205 3334; x_wconf 90' lang='lat' dir='ltr'><strong>miles</strong></span> <span class='ocrx_word' id='word_1_506' title='bbox 231 3286 259 3334; x_wconf 92' lang='lat' dir='ltr'><strong>et</strong></span> <span class='ocrx_word' id='word_1_507' title='bbox 288 3278 511 3348; x_wconf 84' lang='lat' dir='ltr'><strong>incorruptibiles</strong></span> <span class='ocrx_word' id='word_1_508' title='bbox 539 3295 557 3332; x_wconf 89' lang='lat' dir='ltr'><strong>a</strong></span> <span class='ocrx_word' id='word_1_509' title='bbox 586 3286 662 3333; x_wconf 92' lang='lat' dir='ltr'><strong>motu</strong></span> <span class='ocrx_word' id='word_1_510' title='bbox 690 3281 725 3333; x_wconf 92' lang='lat' dir='ltr'><strong>ad</strong></span> <span class='ocrx_word' id='word_1_511' title='bbox 757 3285 876 3352; x_wconf 88' lang='lat' dir='ltr'><strong>quictem</strong></span> <span class='ocrx_word' id='word_1_512' title='bbox 908 3281 960 3335; x_wconf 87' lang='lat' dir='ltr'><strong>ali·</strong></span> <span class='ocrx_word' id='word_1_513' title='bbox 987 3276 1062 3346; x_wconf 85' lang='lat' dir='ltr'><strong>pitur</strong></span> <span class='ocrx_word' id='word_1_514' title='bbox 1079 3275 1183 3345; x_wconf 78' lang='grc' dir='ltr'><em>ἠθικῶς</em></span> <span class='ocrx_word' id='word_1_515' title='bbox 1210 3296 1260 3348; x_wconf 91' lang='lat' dir='ltr'><strong>pro</strong></span> <span class='ocrx_word' id='word_1_516' title='bbox 1285 3280 1432 3334; x_wconf 87' lang='lat' dir='ltr'><strong>mundanis</strong></span> <span class='ocrx_word' id='word_1_517' title='bbox 1449 3280 1640 3352; x_wconf 87' lang='lat' dir='ltr'><strong>voluptatibus</strong></span> <span class='ocrx_word' id='word_1_518' title='bbox 1667 3299 1700 3337; x_wconf 89' lang='lat' dir='ltr'><strong>ac</strong></span> <span class='ocrx_word' id='word_1_519' title='bbox 1717 3282 1822 3338; x_wconf 81' lang='lat' dir='ltr'><strong>vitiosis</strong></span> 
     </span>
     <span class='ocr_line' id='line_1_37' title="bbox 125 3364 1821 3440; baseline 0.002 -19"><span class='ocrx_word' id='word_1_520' title='bbox 125 3367 237 3437; x_wconf 89' lang='lat' dir='ltr'><strong>quande</strong></span> <span class='ocrx_word' id='word_1_521' title='bbox 270 3366 442 3433; x_wconf 88' lang='lat' dir='ltr'><strong>transibunt,</strong></span> <span class='ocrx_word' id='word_1_522' title='bbox 472 3372 503 3420; x_wconf 91' lang='lat' dir='ltr'><strong>tu</strong></span> <span class='ocrx_word' id='word_1_523' title='bbox 533 3382 597 3419; x_wconf 89' lang='lat' dir='ltr'><strong>vero</strong></span> <span class='ocrx_word' id='word_1_524' title='bbox 626 3367 779 3420; x_wconf 92' lang='lat' dir='ltr'><strong>seeundum</strong></span> <span class='ocrx_word' id='word_1_525' title='bbox 813 3369 959 3423; x_wconf 77' lang='lat' dir='ltr'><strong>essentiam</strong></span> <span class='ocrx_word' id='word_1_526' title='bbox 987 3364 1196 3433; x_wconf 87' lang='lat' dir='ltr'><strong>cupiditatibus,</strong></span> <span class='ocrx_word' id='word_1_527' title='bbox 1210 3367 1353 3437; x_wconf 73' lang='grc' dir='ltr'>ἑπομένως</span> <span class='ocrx_word' id='word_1_528' title='bbox 1371 3375 1619 3438; x_wconf 87' lang='lat' dir='ltr'><strong>accensequcnter</strong></span> <span class='ocrx_word' id='word_1_529' title='bbox 1634 3368 1716 3422; x_wconf 87' lang='lat' dir='ltr'><strong>etiam</strong></span> <span class='ocrx_word' id='word_1_530' title='bbox 1732 3369 1821 3440; x_wconf 90' lang='lat' dir='ltr'><strong>accipi</strong></span> 
     </span>
     <span class='ocr_line' id='line_1_38' title="bbox 126 3450 1822 3525; baseline 0.001 -19"><span class='ocrx_word' id='word_1_531' title='bbox 126 3451 318 3524; x_wconf 76' lang='lat' dir='ltr'><strong>permanebis?</strong></span> <span class='ocrx_word' id='word_1_532' title='bbox 348 3467 418 3506; x_wconf 85' lang='lat' dir='ltr'><strong>vers.</strong></span> <span class='ocrx_word' id='word_1_533' title='bbox 446 3456 488 3507; x_wconf 83' lang='lat'><strong>28.</strong></span> <span class='ocrx_word' id='word_1_534' title='bbox 519 3450 616 3506; x_wconf 88' lang='lat' dir='ltr'><strong>eadem</strong></span> <span class='ocrx_word' id='word_1_535' title='bbox 643 3452 779 3523; x_wconf 87' lang='lat' dir='ltr'><strong>oppositio</strong></span> <span class='ocrx_word' id='word_1_536' title='bbox 806 3452 961 3522; x_wconf 87' lang='lat' dir='ltr'><strong>emphatice</strong></span> <span class='ocrx_word' id='word_1_537' title='bbox 988 3454 1080 3518; x_wconf 90' lang='lat' dir='ltr'><strong>potest</strong></span> <span class='ocrx_word' id='word_1_538' title='bbox 1099 3454 1223 3520; x_wconf 66' lang='grc' dir='ltr'><strong><em>φυσικῶς</em></strong></span> <span class='ocrx_word' id='word_1_539' title='bbox 1242 3469 1292 3520; x_wconf 89' lang='lat' dir='ltr'><strong>pro</strong></span> <span class='ocrx_word' id='word_1_540' title='bbox 1311 3451 1380 3507; x_wconf 91' lang='lat' dir='ltr'><strong>coeli</strong></span> <span class='ocrx_word' id='word_1_541' title='bbox 1402 3469 1435 3506; x_wconf 92' lang='lat' dir='ltr'><strong>ac</strong></span> <span class='ocrx_word' id='word_1_542' title='bbox 1454 3456 1544 3507; x_wconf 86' lang='lat' dir='ltr'><strong>terrae</strong></span> <span class='ocrx_word' id='word_1_543' title='bbox 1572 3460 1731 3523; x_wconf 89' lang='lat' dir='ltr'><strong>systemate,</strong></span> <span class='ocrx_word' id='word_1_544' title='bbox 1754 3455 1822 3525; x_wconf 90' lang='lat' dir='ltr'><strong>quia</strong></span> 
     </span>
     <span class='ocr_line' id='line_1_39' title="bbox 126 3535 1819 3613; baseline 0.001 -22"><span class='ocrx_word' id='word_1_545' title='bbox 126 3537 274 3608; x_wconf 87' lang='lat' dir='ltr'><strong>repetitur:</strong></span> <span class='ocrx_word' id='word_1_546' title='bbox 294 3538 422 3592; x_wconf 73' lang='lat' dir='ltr'><strong>Mactabis</strong></span> <span class='ocrx_word' id='word_1_547' title='bbox 435 3553 481 3590; x_wconf 84' lang='lat' dir='ltr'><strong>eoa</strong></span> <span class='ocrx_word' id='word_1_548' title='bbox 495 3539 567 3590; x_wconf 80' lang='lat' dir='ltr'><strong>sicot</strong></span> <span class='ocrx_word' id='word_1_549' title='bbox 576 3537 773 3605; x_wconf 73' lang='lat' dir='ltr'><strong>vestimentum,</strong></span> <span class='ocrx_word' id='word_1_550' title='bbox 789 3541 851 3588; x_wconf 68' lang='lat' dir='ltr'><strong>tter!</strong></span> <span class='ocrx_word' id='word_1_551' title='bbox 865 3540 960 3613; x_wconf 62' lang='lat' dir='ltr'><strong>riprssp,</strong></span> <span class='ocrx_word' id='word_1_552' title='bbox 974 3559 975 3564; x_wconf 42' lang='lat'><strong>.</strong></span> <span class='ocrx_word' id='word_1_553' title='bbox 987 3550 1043 3586; x_wconf 89' lang='lat' dir='ltr'><strong>non</strong></span> <span class='ocrx_word' id='word_1_554' title='bbox 1061 3535 1149 3588; x_wconf 87' lang='lat' dir='ltr'><strong>solum</strong></span> <span class='ocrx_word' id='word_1_555' title='bbox 1162 3537 1303 3605; x_wconf 78' lang='lat' dir='ltr'><strong>quidquid</strong></span> <span class='ocrx_word' id='word_1_556' title='bbox 1319 3546 1358 3590; x_wconf 83' lang='lat' dir='ltr'><strong>est</strong></span> <span class='ocrx_word' id='word_1_557' title='bbox 1374 3538 1403 3590; x_wconf 77' lang='lat' dir='ltr'><strong>in</strong></span> <span class='ocrx_word' id='word_1_558' title='bbox 1416 3540 1528 3605; x_wconf 82' lang='lat' dir='ltr'><strong>mando,</strong></span> <span class='ocrx_word' id='word_1_559' title='bbox 1542 3537 1671 3593; x_wconf 86' lang='lat' dir='ltr'><strong>videlicet</strong></span> <span class='ocrx_word' id='word_1_560' title='bbox 1688 3541 1819 3609; x_wconf 67' lang='lat' dir='ltr'><strong>concrepi-</strong></span> 
     </span>
     <span class='ocr_line' id='line_1_40' title="bbox 126 3621 1822 3694; baseline 0.001 -17"><span class='ocrx_word' id='word_1_561' title='bbox 126 3632 155 3677; x_wconf 82' lang='lat' dir='ltr'><strong>tu</strong></span> <span class='ocrx_word' id='word_1_562' title='bbox 197 3640 263 3677; x_wconf 84' lang='lat' dir='ltr'><strong>uero</strong></span> <span class='ocrx_word' id='word_1_563' title='bbox 299 3623 374 3675; x_wconf 80' lang='lat' dir='ltr'><strong>idern</strong></span> <span class='ocrx_word' id='word_1_564' title='bbox 415 3624 491 3690; x_wconf 75' lang='lat' dir='ltr'><strong>epse,</strong></span> <span class='ocrx_word' id='word_1_565' title='bbox 532 3622 638 3677; x_wconf 86' lang='lat' dir='ltr'><strong>scilicet</strong></span> <span class='ocrx_word' id='word_1_566' title='bbox 672 3641 701 3678; x_wconf 87' lang='lat' dir='ltr'><strong>es</strong></span> <span class='ocrx_word' id='word_1_567' title='bbox 731 3639 764 3678; x_wconf 85' lang='lat' dir='ltr'><strong>ac</strong></span> <span class='ocrx_word' id='word_1_568' title='bbox 795 3642 903 3694; x_wconf 80' lang='lat' dir='ltr'><strong>manes,</strong></span> <span class='ocrx_word' id='word_1_569' title='bbox 935 3635 960 3679; x_wconf 80' lang='lat' dir='ltr'><strong>et</strong></span> <span class='ocrx_word' id='word_1_570' title='bbox 986 3621 1095 3673; x_wconf 79' lang='lat' dir='ltr'><strong>scentia</strong></span> <span class='ocrx_word' id='word_1_571' title='bbox 1113 3622 1217 3685; x_wconf 74' lang='lat' dir='ltr'><strong>carnes,</strong></span> <span class='ocrx_word' id='word_1_572' title='bbox 1236 3623 1462 3692; x_wconf 72' lang='lat' dir='ltr'><strong>eoucnpcirccntia</strong></span> <span class='ocrx_word' id='word_1_573' title='bbox 1481 3623 1625 3676; x_wconf 79' lang='lat' dir='ltr'><strong>oculorum</strong></span> <span class='ocrx_word' id='word_1_574' title='bbox 1645 3632 1671 3677; x_wconf 80' lang='lat' dir='ltr'><strong>et</strong></span> <span class='ocrx_word' id='word_1_575' title='bbox 1689 3625 1822 3693; x_wconf 79' lang='lat' dir='ltr'><strong>superbia</strong></span> 
     </span>
     <span class='ocr_line' id='line_1_41' title="bbox 126 3692 1821 3781; baseline 0.004 -24"><span class='ocrx_word' id='word_1_576' title='bbox 126 3711 197 3764; x_wconf 64' lang='lat' dir='ltr'><strong>anni</strong></span> <span class='ocrx_word' id='word_1_577' title='bbox 212 3709 255 3763; x_wconf 79' lang='lat' dir='ltr'><strong>tui</strong></span> <span class='ocrx_word' id='word_1_578' title='bbox 273 3710 351 3781; x_wconf 62' lang='grc' dir='ltr'><strong>472ξῖ</strong></span> <span class='ocrx_word' id='word_1_579' title='bbox 368 3692 421 3770; x_wconf 61' lang='lat' dir='ltr'><strong>ab,</strong></span> <span class='ocrx_word' id='word_1_580' title='bbox 441 3727 496 3763; x_wconf 80' lang='lat' dir='ltr'><strong>noa</strong></span> <span class='ocrx_word' id='word_1_581' title='bbox 520 3711 656 3777; x_wconf 82' lang='lat' dir='ltr'><strong>deficient,</strong></span> <span class='ocrx_word' id='word_1_582' title='bbox 684 3728 739 3765; x_wconf 91' lang='lat' dir='ltr'><strong>non</strong></span> <span class='ocrx_word' id='word_1_583' title='bbox 756 3718 960 3768; x_wconf 76' lang='lat' dir='ltr'><strong>consumentur,</strong></span> <span class='ocrx_word' id='word_1_584' title='bbox 987 3708 1061 3761; x_wconf 83' lang='lat' dir='ltr'><strong>vitae</strong></span> <span class='ocrx_word' id='word_1_585' title='bbox 1079 3725 1103 3759; x_wconf 85' lang='lat' dir='ltr'><strong>v.</strong></span> <span class='ocrx_word' id='word_1_586' title='bbox 1125 3712 1164 3762; x_wconf 87' lang='lat'><strong>16.</strong></span> <span class='ocrx_word' id='word_1_587' title='bbox 1184 3709 1295 3775; x_wconf 79' lang='lat' dir='ltr'><strong>transit,</strong></span> <span class='ocrx_word' id='word_1_588' title='bbox 1314 3707 1363 3761; x_wconf 85' lang='lat' dir='ltr'><strong>sed</strong></span> <span class='ocrx_word' id='word_1_589' title='bbox 1382 3708 1471 3778; x_wconf 89' lang='lat' dir='ltr'><strong>ipsum</strong></span> <span class='ocrx_word' id='word_1_590' title='bbox 1499 3708 1583 3762; x_wconf 90' lang='lat' dir='ltr'><strong>etiam</strong></span> <span class='ocrx_word' id='word_1_591' title='bbox 1610 3709 1705 3763; x_wconf 91' lang='lat' dir='ltr'><strong>mundi</strong></span> <span class='ocrx_word' id='word_1_592' title='bbox 1729 3709 1821 3765; x_wconf 89' lang='lat' dir='ltr'><strong>aedifi·</strong></span> 
     </span>
     <span class='ocr_line' id='line_1_42' title="bbox 125 3791 1823 3872; baseline 0 -22"><span class='ocrx_word' id='word_1_593' title='bbox 125 3796 216 3863; x_wconf 82' lang='lat' dir='ltr'><strong>Anni,</strong></span> <span class='ocrx_word' id='word_1_594' title='bbox 240 3795 288 3866; x_wconf 91' lang='lat' dir='ltr'><strong>qui</strong></span> <span class='ocrx_word' id='word_1_595' title='bbox 313 3795 375 3850; x_wconf 90' lang='lat' dir='ltr'><strong>Deo</strong></span> <span class='ocrx_word' id='word_1_596' title='bbox 402 3794 560 3849; x_wconf 89' lang='lat' dir='ltr'><strong>tribuuntur</strong></span> <span class='ocrx_word' id='word_1_597' title='bbox 592 3793 843 3872; x_wconf 70' lang='grc' dir='ltr'>ἂνθρωποπαθῶς,</span> <span class='ocrx_word' id='word_1_598' title='bbox 875 3799 960 3870; x_wconf 83' lang='lat' dir='ltr'><strong>expli·</strong></span> <span class='ocrx_word' id='word_1_599' title='bbox 988 3792 1061 3847; x_wconf 91' lang='lat' dir='ltr'><strong>cium</strong></span> <span class='ocrx_word' id='word_1_600' title='bbox 1079 3792 1229 3862; x_wconf 89' lang='lat' dir='ltr'><strong>aliquando</strong></span> <span class='ocrx_word' id='word_1_601' title='bbox 1252 3809 1302 3862; x_wconf 90' lang='lat' dir='ltr'><strong>per</strong></span> <span class='ocrx_word' id='word_1_602' title='bbox 1328 3791 1572 3864; x_wconf 85' lang='lat' dir='ltr'><strong>conflagrationem</strong></span> <span class='ocrx_word' id='word_1_603' title='bbox 1597 3794 1731 3865; x_wconf 88' lang='lat' dir='ltr'><strong>interibit,</strong></span> <span class='ocrx_word' id='word_1_604' title='bbox 1748 3797 1823 3851; x_wconf 89' lang='lat' dir='ltr'><strong>unde</strong></span> 
     </span>
     <span class='ocr_line' id='line_1_43' title="bbox 126 3878 1824 3956; baseline -0.002 -17"><span class='ocrx_word' id='word_1_605' title='bbox 126 3882 208 3939; x_wconf 88' lang='lat' dir='ltr'><strong>candi</strong></span> <span class='ocrx_word' id='word_1_606' title='bbox 232 3888 297 3937; x_wconf 87' lang='lat' dir='ltr'><strong>sunt</strong></span> <span class='ocrx_word' id='word_1_607' title='bbox 317 3885 490 3956; x_wconf 73' lang='grc' dir='ltr'>θεοπρεπῶς,</span> <span class='ocrx_word' id='word_1_608' title='bbox 516 3889 580 3937; x_wconf 89' lang='lat' dir='ltr'><strong>sunt</strong></span> <span class='ocrx_word' id='word_1_609' title='bbox 607 3883 679 3937; x_wconf 87' lang='lat' dir='ltr'><strong>enim</strong></span> <span class='ocrx_word' id='word_1_610' title='bbox 700 3885 766 3938; x_wconf 78' lang='lat' dir='ltr'><strong>anni</strong></span> <span class='ocrx_word' id='word_1_611' title='bbox 789 3885 961 3942; x_wconf 70' lang='lat' dir='ltr'><strong>aeternitatis</strong></span> <span class='ocrx_word' id='word_1_612' title='bbox 987 3878 1066 3932; x_wconf 90' lang='lat' dir='ltr'><strong>addit</strong></span> <span class='ocrx_word' id='word_1_613' title='bbox 1094 3878 1250 3949; x_wconf 90' lang='lat' dir='ltr'><strong>apostolus,</strong></span> <span class='ocrx_word' id='word_1_614' title='bbox 1274 3881 1394 3932; x_wconf 74' lang='lat' dir='ltr'><strong>mercides</strong></span> <span class='ocrx_word' id='word_1_615' title='bbox 1418 3881 1522 3933; x_wconf 81' lang='lat' dir='ltr'><strong>transit</strong></span> <span class='ocrx_word' id='word_1_616' title='bbox 1552 3888 1578 3933; x_wconf 85' lang='lat' dir='ltr'><strong>et</strong></span> <span class='ocrx_word' id='word_1_617' title='bbox 1599 3883 1824 3950; x_wconf 78' lang='lat' dir='ltr'><strong>concupiscentia</strong></span> 
     </span>
     <span class='ocr_line' id='line_1_44' title="bbox 125 3963 1821 4039; baseline 0.002 -15"><span class='ocrx_word' id='word_1_618' title='bbox 125 3969 215 4024; x_wconf 90' lang='lat' dir='ltr'><strong>omnis</strong></span> <span class='ocrx_word' id='word_1_619' title='bbox 239 3967 420 4024; x_wconf 87' lang='lat' dir='ltr'><strong>successionis</strong></span> <span class='ocrx_word' id='word_1_620' title='bbox 444 3985 556 4038; x_wconf 89' lang='lat' dir='ltr'><strong>prorsus</strong></span> <span class='ocrx_word' id='word_1_621' title='bbox 581 3977 715 4039; x_wconf 84' lang='lat' dir='ltr'><strong>expertes,</strong></span> <span class='ocrx_word' id='word_1_622' title='bbox 741 3971 811 4025; x_wconf 90' lang='lat' dir='ltr'><strong>sieut</strong></span> <span class='ocrx_word' id='word_1_623' title='bbox 836 3978 864 4027; x_wconf 90' lang='lat' dir='ltr'><strong>et</strong></span> <span class='ocrx_word' id='word_1_624' title='bbox 893 3972 959 4039; x_wconf 90' lang='lat' dir='ltr'><strong>dies,</strong></span> <span class='ocrx_word' id='word_1_625' title='bbox 987 3966 1058 4034; x_wconf 67' lang='lat' dir='ltr'><strong>ejtw·</strong></span> <span class='ocrx_word' id='word_1_626' title='bbox 1096 3963 1157 4028; x_wconf 73' lang='lat' dir='ltr'><strong>Qua</strong></span> <span class='ocrx_word' id='word_1_627' title='bbox 1176 3964 1261 4033; x_wconf 67' lang='lat' dir='ltr'><strong>igitur</strong></span> <span class='ocrx_word' id='word_1_628' title='bbox 1280 3965 1386 4019; x_wconf 69' lang='lat' dir='ltr'><strong>ratione</strong></span> <span class='ocrx_word' id='word_1_629' title='bbox 1410 3966 1509 4019; x_wconf 64' lang='lat' dir='ltr'><strong>transit</strong></span> <span class='ocrx_word' id='word_1_630' title='bbox 1533 3967 1766 4038; x_wconf 67' lang='lat' dir='ltr'><strong>concupiscentia,</strong></span> <span class='ocrx_word' id='word_1_631' title='bbox 1787 3985 1821 4022; x_wconf 74' lang='lat' dir='ltr'><strong>ea</strong></span> 
     </span>
     <span class='ocr_line' id='line_1_45' title="bbox 126 4049 1823 4125; baseline 0.001 -21"><span class='ocrx_word' id='word_1_632' title='bbox 126 4054 173 4125; x_wconf 90' lang='lat' dir='ltr'><strong>qui</strong></span> <span class='ocrx_word' id='word_1_633' title='bbox 192 4052 252 4108; x_wconf 82' lang='lat' dir='ltr'><strong>Deo</strong></span> <span class='ocrx_word' id='word_1_634' title='bbox 275 4054 436 4109; x_wconf 85' lang='lat' dir='ltr'><strong>tribuuntur</strong></span> <span class='ocrx_word' id='word_1_635' title='bbox 456 4054 528 4109; x_wconf 85' lang='lat' dir='ltr'><strong>Dan,</strong></span> <span class='ocrx_word' id='word_1_636' title='bbox 550 4060 573 4118; x_wconf 79' lang='lat'><strong>7,</strong></span> <span class='ocrx_word' id='word_1_637' title='bbox 593 4072 617 4107; x_wconf 90' lang='lat' dir='ltr'><strong>v.</strong></span> <span class='ocrx_word' id='word_1_638' title='bbox 647 4062 670 4108; x_wconf 82' lang='grc'><strong>9,</strong></span> <span class='ocrx_word' id='word_1_639' title='bbox 699 4062 765 4110; x_wconf 82' lang='lat' dir='ltr'><strong>sunt</strong></span> <span class='ocrx_word' id='word_1_640' title='bbox 792 4057 849 4111; x_wconf 71' lang='lat' dir='ltr'><strong>diet</strong></span> <span class='ocrx_word' id='word_1_641' title='bbox 872 4064 959 4112; x_wconf 68' lang='lat' dir='ltr'><strong>aeter·</strong></span> <span class='ocrx_word' id='word_1_642' title='bbox 987 4051 1069 4104; x_wconf 92' lang='lat' dir='ltr'><strong>etiam</strong></span> <span class='ocrx_word' id='word_1_643' title='bbox 1089 4051 1195 4104; x_wconf 90' lang='lat' dir='ltr'><strong>ratione</strong></span> <span class='ocrx_word' id='word_1_644' title='bbox 1216 4049 1315 4104; x_wconf 88' lang='lat' dir='ltr'><strong>transit</strong></span> <span class='ocrx_word' id='word_1_645' title='bbox 1333 4051 1393 4121; x_wconf 88' lang='lat' dir='ltr'><strong>ipse</strong></span> <span class='ocrx_word' id='word_1_646' title='bbox 1414 4052 1541 4121; x_wconf 90' lang='lat' dir='ltr'><strong>mundus,</strong></span> <span class='ocrx_word' id='word_1_647' title='bbox 1561 4053 1628 4123; x_wconf 89' lang='lat' dir='ltr'><strong>quia</strong></span> <span class='ocrx_word' id='word_1_648' title='bbox 1645 4050 1677 4107; x_wconf 77' lang='grc' dir='ltr'><strong>τὸ</strong></span> <span class='ocrx_word' id='word_1_649' title='bbox 1699 4055 1823 4106; x_wconf 80' lang='lat' dir='ltr'><strong>transire</strong></span> 
     </span>
     <span class='ocr_line' id='line_1_46' title="bbox 125 4135 1821 4214; baseline -0.001 -20"><span class='ocrx_word' id='word_1_650' title='bbox 125 4140 219 4195; x_wconf 86' lang='lat' dir='ltr'><strong>nitatis</strong></span> <span class='ocrx_word' id='word_1_651' title='bbox 246 4146 269 4194; x_wconf 92' lang='grc'><strong>2.</strong></span> <span class='ocrx_word' id='word_1_652' title='bbox 293 4138 368 4195; x_wconf 90' lang='lat' dir='ltr'><strong>Pctr.</strong></span> <span class='ocrx_word' id='word_1_653' title='bbox 395 4144 419 4207; x_wconf 86' lang='grc'>3,</span> <span class='ocrx_word' id='word_1_654' title='bbox 443 4157 468 4193; x_wconf 84' lang='lat' dir='ltr'><strong>r.</strong></span> <span class='ocrx_word' id='word_1_655' title='bbox 496 4137 638 4214; x_wconf 55' lang='lat'><strong>18:733</strong></span> <span class='ocrx_word' id='word_1_656' title='bbox 665 4141 807 4212; x_wconf 84' lang='lat' dir='ltr'><strong>significat</strong></span> <span class='ocrx_word' id='word_1_657' title='bbox 824 4145 909 4213; x_wconf 78' lang='lat' dir='ltr'><strong>plene</strong></span> <span class='ocrx_word' id='word_1_658' title='bbox 934 4153 960 4198; x_wconf 85' lang='lat' dir='ltr'><strong>et</strong></span> <span class='ocrx_word' id='word_1_659' title='bbox 987 4136 1142 4208; x_wconf 87' lang='lat' dir='ltr'><strong>aequaliter</strong></span> <span class='ocrx_word' id='word_1_660' title='bbox 1161 4135 1195 4190; x_wconf 89' lang='lat' dir='ltr'><strong>de</strong></span> <span class='ocrx_word' id='word_1_661' title='bbox 1213 4136 1316 4191; x_wconf 90' lang='lat' dir='ltr'><strong>mundo</strong></span> <span class='ocrx_word' id='word_1_662' title='bbox 1335 4144 1363 4190; x_wconf 91' lang='lat' dir='ltr'><strong>et</strong></span> <span class='ocrx_word' id='word_1_663' title='bbox 1384 4139 1608 4209; x_wconf 88' lang='lat' dir='ltr'><strong>concupiscentia</strong></span> <span class='ocrx_word' id='word_1_664' title='bbox 1634 4142 1694 4210; x_wconf 88' lang='lat' dir='ltr'><strong>ejus</strong></span> <span class='ocrx_word' id='word_1_665' title='bbox 1712 4139 1821 4210; x_wconf 88' lang='lat' dir='ltr'><strong>praedi·</strong></span> 
     </span>
     <span class='ocr_line' id='line_1_47' title="bbox 124 4223 1819 4299; baseline 0.005 -20"><span class='ocrx_word' id='word_1_666' title='bbox 124 4226 251 4280; x_wconf 81' lang='lat' dir='ltr'><strong>totaliter</strong></span> <span class='ocrx_word' id='word_1_667' title='bbox 269 4233 430 4280; x_wconf 78' lang='lat' dir='ltr'><strong>consumtus</strong></span> <span class='ocrx_word' id='word_1_668' title='bbox 448 4233 497 4279; x_wconf 86' lang='lat' dir='ltr'><strong>est.</strong></span> <span class='ocrx_word' id='word_1_669' title='bbox 535 4225 773 4290; x_wconf 86' lang='lat' dir='ltr'><strong>Quemadmodum</strong></span> <span class='ocrx_word' id='word_1_670' title='bbox 791 4229 876 4299; x_wconf 88' lang='lat' dir='ltr'><strong>igitur</strong></span> <span class='ocrx_word' id='word_1_671' title='bbox 895 4231 959 4284; x_wconf 91' lang='lat' dir='ltr'><strong>anni</strong></span> <span class='ocrx_word' id='word_1_672' title='bbox 972 4234 974 4256; x_wconf 84' lang='lat'>&#39;</span> <span class='ocrx_word' id='word_1_673' title='bbox 987 4229 1073 4288; x_wconf 68' lang='lat' dir='ltr'><strong>catur,</strong></span> <span class='ocrx_word' id='word_1_674' title='bbox 1097 4228 1125 4278; x_wconf 69' lang='grc' dir='ltr'><strong>θῐ</strong></span> <span class='ocrx_word' id='word_1_675' title='bbox 1151 4223 1210 4276; x_wconf 68' lang='lat' dir='ltr'><strong>vice</strong></span> <span class='ocrx_word' id='word_1_676' title='bbox 1236 4240 1323 4279; x_wconf 66' lang='lat' dir='ltr'><strong>versa·</strong></span> <span class='ocrx_word' id='word_1_677' title='bbox 1368 4223 1429 4287; x_wconf 68' lang='lat' dir='ltr'><strong>Qua</strong></span> <span class='ocrx_word' id='word_1_678' title='bbox 1452 4226 1558 4279; x_wconf 67' lang='lat' dir='ltr'><strong>ratione</strong></span> <span class='ocrx_word' id='word_1_679' title='bbox 1581 4225 1634 4294; x_wconf 76' lang='lat' dir='ltr'><strong>illi,</strong></span> <span class='ocrx_word' id='word_1_680' title='bbox 1657 4225 1704 4296; x_wconf 74' lang='lat' dir='ltr'><strong>qul</strong></span> <span class='ocrx_word' id='word_1_681' title='bbox 1725 4226 1819 4279; x_wconf 76' lang='lat' dir='ltr'><strong>VOluss·</strong></span> 
     </span>
     <span class='ocr_line' id='line_1_48' title="bbox 125 4308 1820 4384; baseline -0.004 -16"><span class='ocrx_word' id='word_1_682' title='bbox 125 4309 179 4367; x_wconf 89' lang='lat' dir='ltr'><strong>Dei</strong></span> <span class='ocrx_word' id='word_1_683' title='bbox 196 4326 251 4365; x_wconf 87' lang='lat' dir='ltr'><strong>non</strong></span> <span class='ocrx_word' id='word_1_684' title='bbox 271 4310 411 4376; x_wconf 84' lang='lat' dir='ltr'><strong>deficiunt,</strong></span> <span class='ocrx_word' id='word_1_685' title='bbox 428 4311 493 4366; x_wconf 87' lang='lat' dir='ltr'><strong>inde</strong></span> <span class='ocrx_word' id='word_1_686' title='bbox 511 4319 596 4383; x_wconf 86' lang='lat' dir='ltr'><strong>atque</strong></span> <span class='ocrx_word' id='word_1_687' title='bbox 613 4311 684 4380; x_wconf 91' lang='lat' dir='ltr'><strong>ideo,</strong></span> <span class='ocrx_word' id='word_1_688' title='bbox 705 4314 770 4382; x_wconf 91' lang='lat' dir='ltr'><strong>quia</strong></span> <span class='ocrx_word' id='word_1_689' title='bbox 787 4320 846 4384; x_wconf 80' lang='lat' dir='ltr'><strong>ipse</strong></span> <span class='ocrx_word' id='word_1_690' title='bbox 864 4334 960 4371; x_wconf 69' lang='lat' dir='ltr'><strong>secun.</strong></span> <span class='ocrx_word' id='word_1_691' title='bbox 986 4315 1070 4363; x_wconf 88' lang='lat' dir='ltr'><strong>tatem</strong></span> <span class='ocrx_word' id='word_1_692' title='bbox 1084 4308 1137 4362; x_wconf 91' lang='lat' dir='ltr'><strong>Dei</strong></span> <span class='ocrx_word' id='word_1_693' title='bbox 1156 4308 1270 4374; x_wconf 87' lang='lat' dir='ltr'><strong>faciunt,</strong></span> <span class='ocrx_word' id='word_1_694' title='bbox 1289 4317 1458 4376; x_wconf 77' lang='lat' dir='ltr'><strong>manentes</strong></span> <span class='ocrx_word' id='word_1_695' title='bbox 1473 4310 1712 4365; x_wconf 89' lang='lat' dir='ltr'><strong>rationemundus</strong></span> <span class='ocrx_word' id='word_1_696' title='bbox 1730 4315 1820 4363; x_wconf 89' lang='lat' dir='ltr'><strong>trans-</strong></span> 
     </span>
     <span class='ocr_line' id='line_1_49' title="bbox 125 4393 1820 4469; baseline -0.002 -18"><span class='ocrx_word' id='word_1_697' title='bbox 125 4398 191 4452; x_wconf 90' lang='lat' dir='ltr'><strong>dum</strong></span> <span class='ocrx_word' id='word_1_698' title='bbox 215 4396 364 4452; x_wconf 88' lang='lat' dir='ltr'><strong>essentiam</strong></span> <span class='ocrx_word' id='word_1_699' title='bbox 388 4397 461 4453; x_wconf 91' lang='lat' dir='ltr'><strong>idem</strong></span> <span class='ocrx_word' id='word_1_700' title='bbox 485 4415 594 4468; x_wconf 90' lang='lat' dir='ltr'><strong>semper</strong></span> <span class='ocrx_word' id='word_1_701' title='bbox 617 4404 660 4454; x_wconf 88' lang='lat' dir='ltr'><strong>est</strong></span> <span class='ocrx_word' id='word_1_702' title='bbox 685 4415 719 4454; x_wconf 88' lang='lat' dir='ltr'><strong>ac</strong></span> <span class='ocrx_word' id='word_1_703' title='bbox 740 4407 849 4469; x_wconf 78' lang='lat' dir='ltr'><strong>manet3</strong></span> <span class='ocrx_word' id='word_1_704' title='bbox 877 4401 917 4455; x_wconf 89' lang='lat' dir='ltr'><strong>sic</strong></span> <span class='ocrx_word' id='word_1_705' title='bbox 944 4419 959 4455; x_wconf 83' lang='lat' dir='ltr'><strong>e</strong></span> <span class='ocrx_word' id='word_1_706' title='bbox 986 4393 1052 4463; x_wconf 86' lang='lat' dir='ltr'><strong>ibit,</strong></span> <span class='ocrx_word' id='word_1_707' title='bbox 1076 4393 1143 4465; x_wconf 91' lang='lat' dir='ltr'><strong>quia</strong></span> <span class='ocrx_word' id='word_1_708' title='bbox 1162 4396 1304 4463; x_wconf 87' lang='lat' dir='ltr'><strong>apostolus</strong></span> <span class='ocrx_word' id='word_1_709' title='bbox 1326 4395 1422 4449; x_wconf 92' lang='lat' dir='ltr'><strong>mundi</strong></span> <span class='ocrx_word' id='word_1_710' title='bbox 1441 4396 1585 4449; x_wconf 90' lang='lat' dir='ltr'><strong>transitum</strong></span> <span class='ocrx_word' id='word_1_711' title='bbox 1608 4403 1636 4449; x_wconf 90' lang='lat' dir='ltr'><strong>et</strong></span> <span class='ocrx_word' id='word_1_712' title='bbox 1655 4396 1820 4466; x_wconf 89' lang='lat' dir='ltr'><strong>eorum‚qui</strong></span> 
     </span>
     <span class='ocr_line' id='line_1_50' title="bbox 124 4478 1819 4553; baseline 0.003 -15"><span class='ocrx_word' id='word_1_713' title='bbox 124 4499 256 4538; x_wconf 86' lang='lat' dir='ltr'><strong>converso</strong></span> <span class='ocrx_word' id='word_1_714' title='bbox 283 4483 310 4538; x_wconf 84' lang='lat' dir='ltr'><strong>vi</strong></span> <span class='ocrx_word' id='word_1_715' title='bbox 338 4483 519 4553; x_wconf 89' lang='lat' dir='ltr'><strong>oppositionis</strong></span> <span class='ocrx_word' id='word_1_716' title='bbox 547 4483 616 4538; x_wconf 89' lang='lat' dir='ltr'><strong>coeli</strong></span> <span class='ocrx_word' id='word_1_717' title='bbox 643 4484 707 4538; x_wconf 90' lang='lat' dir='ltr'><strong>ideo</strong></span> <span class='ocrx_word' id='word_1_718' title='bbox 725 4486 906 4540; x_wconf 89' lang='lat' dir='ltr'><strong>mutabuntur</strong></span> <span class='ocrx_word' id='word_1_719' title='bbox 927 4503 960 4541; x_wconf 92' lang='lat' dir='ltr'><strong>ac</strong></span> <span class='ocrx_word' id='word_1_720' title='bbox 985 4481 1156 4534; x_wconf 65' lang='lat' dir='ltr'><strong>voluntatem</strong></span> <span class='ocrx_word' id='word_1_721' title='bbox 1174 4479 1227 4533; x_wconf 68' lang='lat' dir='ltr'><strong>Dei</strong></span> <span class='ocrx_word' id='word_1_722' title='bbox 1246 4478 1362 4544; x_wconf 67' lang='lat' dir='ltr'><strong>faciunt,</strong></span> <span class='ocrx_word' id='word_1_723' title='bbox 1380 4481 1598 4551; x_wconf 65' lang='lat' dir='ltr'><strong>permanentiam</strong></span> <span class='ocrx_word' id='word_1_724' title='bbox 1623 4480 1726 4534; x_wconf 69' lang='lat' dir='ltr'><strong>directe</strong></span> <span class='ocrx_word' id='word_1_725' title='bbox 1747 4480 1819 4534; x_wconf 76' lang='lat' dir='ltr'><strong>invi·</strong></span> 
     </span>
     <span class='ocr_line' id='line_1_51' title="bbox 124 4564 1819 4640; baseline -0.002 -17"><span class='ocrx_word' id='word_1_726' title='bbox 124 4568 269 4632; x_wconf 89' lang='lat' dir='ltr'><strong>deficient,</strong></span> <span class='ocrx_word' id='word_1_727' title='bbox 296 4569 363 4640; x_wconf 89' lang='lat' dir='ltr'><strong>quia</strong></span> <span class='ocrx_word' id='word_1_728' title='bbox 385 4586 480 4625; x_wconf 88' lang='lat' dir='ltr'><strong>eorum</strong></span> <span class='ocrx_word' id='word_1_729' title='bbox 507 4571 625 4625; x_wconf 83' lang='lat' dir='ltr'><strong>essentia</strong></span> <span class='ocrx_word' id='word_1_730' title='bbox 648 4588 703 4625; x_wconf 87' lang='lat' dir='ltr'><strong>non</strong></span> <span class='ocrx_word' id='word_1_731' title='bbox 732 4578 826 4626; x_wconf 81' lang='lat' dir='ltr'><strong>manet</strong></span> <span class='ocrx_word' id='word_1_732' title='bbox 854 4572 959 4636; x_wconf 76' lang='lat' dir='ltr'><strong>eadem,</strong></span> <span class='ocrx_word' id='word_1_733' title='bbox 986 4581 1044 4619; x_wconf 89' lang='lat' dir='ltr'><strong>cem</strong></span> <span class='ocrx_word' id='word_1_734' title='bbox 1070 4564 1193 4634; x_wconf 91' lang='lat' dir='ltr'><strong>opponit.</strong></span> <span class='ocrx_word' id='word_1_735' title='bbox 1228 4564 1292 4619; x_wconf 83' lang='lat' dir='ltr'><strong>Jam</strong></span> <span class='ocrx_word' id='word_1_736' title='bbox 1317 4580 1382 4618; x_wconf 84' lang='lat' dir='ltr'><strong>vero</strong></span> <span class='ocrx_word' id='word_1_737' title='bbox 1409 4565 1633 4634; x_wconf 86' lang='lat' dir='ltr'><strong>concupiscentia</strong></span> <span class='ocrx_word' id='word_1_738' title='bbox 1655 4582 1768 4635; x_wconf 88' lang='lat' dir='ltr'><strong>prorsus</strong></span> <span class='ocrx_word' id='word_1_739' title='bbox 1786 4582 1819 4621; x_wconf 90' lang='lat' dir='ltr'><strong>ac</strong></span> 
     </span>
     <span class='ocr_line' id='line_1_52' title="bbox 123 4650 1818 4722; baseline -0.002 -12"><span class='ocrx_word' id='word_1_740' title='bbox 123 4654 174 4709; x_wconf 87' lang='lat' dir='ltr'><strong>sed</strong></span> <span class='ocrx_word' id='word_1_741' title='bbox 190 4654 355 4710; x_wconf 88' lang='lat' dir='ltr'><strong>abolebitur.</strong></span> <span class='ocrx_word' id='word_1_742' title='bbox 389 4654 465 4708; x_wconf 85' lang='lat' dir='ltr'><strong>Anni</strong></span> <span class='ocrx_word' id='word_1_743' title='bbox 483 4654 536 4708; x_wconf 91' lang='lat' dir='ltr'><strong>Dei</strong></span> <span class='ocrx_word' id='word_1_744' title='bbox 554 4673 608 4710; x_wconf 91' lang='lat' dir='ltr'><strong>non</strong></span> <span class='ocrx_word' id='word_1_745' title='bbox 629 4655 766 4722; x_wconf 87' lang='lat' dir='ltr'><strong>deficient,</strong></span> <span class='ocrx_word' id='word_1_746' title='bbox 790 4655 819 4709; x_wconf 95' lang='lat' dir='ltr'><strong>id</strong></span> <span class='ocrx_word' id='word_1_747' title='bbox 846 4662 958 4711; x_wconf 91' lang='lat' dir='ltr'><strong>estnon</strong></span> <span class='ocrx_word' id='word_1_748' title='bbox 985 4650 1107 4705; x_wconf 87' lang='lat' dir='ltr'><strong>totaliter</strong></span> <span class='ocrx_word' id='word_1_749' title='bbox 1131 4652 1233 4715; x_wconf 88' lang='lat' dir='ltr'><strong>interit,</strong></span> <span class='ocrx_word' id='word_1_750' title='bbox 1259 4667 1291 4703; x_wconf 90' lang='lat' dir='ltr'><strong>ac</strong></span> <span class='ocrx_word' id='word_1_751' title='bbox 1318 4650 1365 4720; x_wconf 91' lang='lat' dir='ltr'><strong>qui</strong></span> <span class='ocrx_word' id='word_1_752' title='bbox 1391 4650 1561 4706; x_wconf 89' lang='lat' dir='ltr'><strong>voluntatem</strong></span> <span class='ocrx_word' id='word_1_753' title='bbox 1587 4652 1639 4706; x_wconf 89' lang='lat' dir='ltr'><strong>Dei</strong></span> <span class='ocrx_word' id='word_1_754' title='bbox 1657 4650 1772 4718; x_wconf 82' lang='lat' dir='ltr'><strong>iaciunt,</strong></span> <span class='ocrx_word' id='word_1_755' title='bbox 1789 4653 1818 4706; x_wconf 91' lang='lat' dir='ltr'><strong>in</strong></span> 
     </span>
     <span class='ocr_line' id='line_1_53' title="bbox 10 4727 1817 4810; baseline 0.001 -17"><span class='ocrx_word' id='word_1_756' title='bbox 10 4727 60 4785; x_wconf 76' lang='lat'><strong>¹¹·</strong></span> <span class='ocrx_word' id='word_1_757' title='bbox 77 4753 111 4799; x_wconf 81' lang='lat' dir='ltr'><strong>os.</strong></span> <span class='ocrx_word' id='word_1_758' title='bbox 125 4740 177 4795; x_wconf 84' lang='lat' dir='ltr'><strong>erit</strong></span> <span class='ocrx_word' id='word_1_759' title='bbox 197 4748 316 4809; x_wconf 85' lang='lat' dir='ltr'><strong>tempus,</strong></span> <span class='ocrx_word' id='word_1_760' title='bbox 336 4756 391 4810; x_wconf 89' lang='lat' dir='ltr'><strong>quo</strong></span> <span class='ocrx_word' id='word_1_761' title='bbox 410 4740 463 4794; x_wconf 84' lang='lat' dir='ltr'><strong>Dei</strong></span> <span class='ocrx_word' id='word_1_762' title='bbox 487 4741 607 4797; x_wconf 84' lang='lat' dir='ltr'><strong>essentia</strong></span> <span class='ocrx_word' id='word_1_763' title='bbox 630 4742 754 4796; x_wconf 84' lang='lat' dir='ltr'><strong>varietur</strong></span> <span class='ocrx_word' id='word_1_764' title='bbox 779 4741 823 4796; x_wconf 86' lang='lat' dir='ltr'><strong>sel</strong></span> <span class='ocrx_word' id='word_1_765' title='bbox 849 4740 958 4796; x_wconf 82' lang='lat' dir='ltr'><strong>abolea-</strong></span> <span class='ocrx_word' id='word_1_766' title='bbox 985 4742 1127 4790; x_wconf 79' lang='lat' dir='ltr'><strong>aeternum</strong></span> <span class='ocrx_word' id='word_1_767' title='bbox 1146 4735 1305 4790; x_wconf 81' lang='lat' dir='ltr'><strong>manebunt.</strong></span> <span class='ocrx_word' id='word_1_768' title='bbox 1340 4735 1415 4807; x_wconf 82' lang='lat' dir='ltr'><strong>Ergo</strong></span> <span class='ocrx_word' id='word_1_769' title='bbox 1433 4736 1552 4790; x_wconf 87' lang='lat' dir='ltr'><strong>mundus</strong></span> <span class='ocrx_word' id='word_1_770' title='bbox 1564 4754 1677 4809; x_wconf 87' lang='lat' dir='ltr'><strong>prorsus</strong></span> <span class='ocrx_word' id='word_1_771' title='bbox 1696 4755 1729 4792; x_wconf 89' lang='lat' dir='ltr'><strong>ac</strong></span> <span class='ocrx_word' id='word_1_772' title='bbox 1746 4743 1817 4792; x_wconf 88' lang='lat' dir='ltr'><strong>tota·</strong></span> 
     </span>
     <span class='ocr_line' id='line_1_54' title="bbox 123 4821 1818 4898; baseline -0.001 -18"><span class='ocrx_word' id='word_1_773' title='bbox 123 4832 176 4880; x_wconf 88' lang='lat' dir='ltr'><strong>tur.</strong></span> <span class='ocrx_word' id='word_1_774' title='bbox 212 4826 287 4896; x_wconf 83' lang='lat' dir='ltr'><strong>Ergo</strong></span> <span class='ocrx_word' id='word_1_775' title='bbox 306 4826 333 4880; x_wconf 81' lang='lat' dir='ltr'><strong>vi</strong></span> <span class='ocrx_word' id='word_1_776' title='bbox 353 4825 533 4897; x_wconf 88' lang='lat' dir='ltr'><strong>oppositionis</strong></span> <span class='ocrx_word' id='word_1_777' title='bbox 560 4828 630 4882; x_wconf 92' lang='lat' dir='ltr'><strong>coeli</strong></span> <span class='ocrx_word' id='word_1_778' title='bbox 656 4828 787 4898; x_wconf 90' lang='lat' dir='ltr'><strong>peribunt</strong></span> <span class='ocrx_word' id='word_1_779' title='bbox 812 4844 845 4881; x_wconf 90' lang='lat' dir='ltr'><strong>ac</strong></span> <span class='ocrx_word' id='word_1_780' title='bbox 871 4836 957 4884; x_wconf 82' lang='lat' dir='ltr'><strong>muta-</strong></span> <span class='ocrx_word' id='word_1_781' title='bbox 984 4821 1046 4876; x_wconf 89' lang='lat' dir='ltr'><strong>liter</strong></span> <span class='ocrx_word' id='word_1_782' title='bbox 1064 4822 1196 4887; x_wconf 89' lang='lat' dir='ltr'><strong>interibit,</strong></span> <span class='ocrx_word' id='word_1_783' title='bbox 1220 4838 1271 4874; x_wconf 87' lang='lat' dir='ltr'><strong>nec</strong></span> <span class='ocrx_word' id='word_1_784' title='bbox 1297 4821 1452 4877; x_wconf 87' lang='lat' dir='ltr'><strong>substantia</strong></span> <span class='ocrx_word' id='word_1_785' title='bbox 1472 4823 1596 4891; x_wconf 89' lang='lat' dir='ltr'><strong>ejusdem</strong></span> <span class='ocrx_word' id='word_1_786' title='bbox 1621 4824 1650 4877; x_wconf 92' lang='lat' dir='ltr'><strong>in</strong></span> <span class='ocrx_word' id='word_1_787' title='bbox 1676 4830 1818 4879; x_wconf 89' lang='lat' dir='ltr'><strong>aeternum</strong></span> 
     </span>
     <span class='ocr_line' id='line_1_55' title="bbox 122 4907 1116 4984; baseline 0 -15"><span class='ocrx_word' id='word_1_788' title='bbox 122 4911 234 4981; x_wconf 85' lang='lat' dir='ltr'><strong>buntur,</strong></span> <span class='ocrx_word' id='word_1_789' title='bbox 260 4911 288 4966; x_wconf 91' lang='lat' dir='ltr'><strong>id</strong></span> <span class='ocrx_word' id='word_1_790' title='bbox 317 4919 359 4967; x_wconf 88' lang='lat' dir='ltr'><strong>est</strong></span> <span class='ocrx_word' id='word_1_791' title='bbox 378 4913 430 4968; x_wconf 91' lang='lat' dir='ltr'><strong>erit</strong></span> <span class='ocrx_word' id='word_1_792' title='bbox 450 4912 600 4984; x_wconf 88' lang='lat' dir='ltr'><strong>aliquando</strong></span> <span class='ocrx_word' id='word_1_793' title='bbox 629 4920 745 4984; x_wconf 89' lang='lat' dir='ltr'><strong>tempus,</strong></span> <span class='ocrx_word' id='word_1_794' title='bbox 765 4930 820 4984; x_wconf 87' lang='lat' dir='ltr'><strong>quo</strong></span> <span class='ocrx_word' id='word_1_795' title='bbox 839 4914 959 4969; x_wconf 88' lang='lat' dir='ltr'><strong>essentia</strong></span> <span class='ocrx_word' id='word_1_796' title='bbox 985 4907 1116 4964; x_wconf 75' lang='lat' dir='ltr'><strong>manebit·</strong></span> 
     </span>
     <span class='ocr_line' id='line_1_56' title="bbox 121 4994 1816 5069; baseline 0.001 -18"><span class='ocrx_word' id='word_1_797' title='bbox 121 4998 244 5069; x_wconf 89' lang='lat' dir='ltr'><strong>ipsorum</strong></span> <span class='ocrx_word' id='word_1_798' title='bbox 263 5005 384 5054; x_wconf 89' lang='lat' dir='ltr'><strong>mutetur</strong></span> <span class='ocrx_word' id='word_1_799' title='bbox 403 5016 436 5053; x_wconf 91' lang='lat' dir='ltr'><strong>ac</strong></span> <span class='ocrx_word' id='word_1_800' title='bbox 457 4999 606 5054; x_wconf 88' lang='lat' dir='ltr'><strong>aboleatur.</strong></span> <span class='ocrx_word' id='word_1_801' title='bbox 633 5001 698 5055; x_wconf 84' lang='lat' dir='ltr'><strong>an.</strong></span> <span class='ocrx_word' id='word_1_802' title='bbox 717 5006 759 5069; x_wconf 84' lang='lat'><strong>51,</strong></span> <span class='ocrx_word' id='word_1_803' title='bbox 777 5018 801 5056; x_wconf 85' lang='lat' dir='ltr'><strong>v.</strong></span> <span class='ocrx_word' id='word_1_804' title='bbox 816 5006 845 5055; x_wconf 84' lang='lat'><strong>6:</strong></span> <span class='ocrx_word' id='word_1_805' title='bbox 879 5002 960 5056; x_wconf 80' lang='lat' dir='ltr'><strong>Coeli</strong></span> <span class='ocrx_word' id='word_1_806' title='bbox 1054 5001 1094 5050; x_wconf 91' lang='grc'><strong>44.</strong></span> <span class='ocrx_word' id='word_1_807' title='bbox 1123 5001 1147 5051; x_wconf 87' lang='grc'><strong>4.</strong></span> <span class='ocrx_word' id='word_1_808' title='bbox 1176 4995 1253 5048; x_wconf 80' lang='lat' dir='ltr'><strong>Novi</strong></span> <span class='ocrx_word' id='word_1_809' title='bbox 1279 4994 1352 5049; x_wconf 82' lang='lat' dir='ltr'><strong>cosli</strong></span> <span class='ocrx_word' id='word_1_810' title='bbox 1377 5013 1411 5049; x_wconf 86' lang='lat' dir='ltr'><strong>ae</strong></span> <span class='ocrx_word' id='word_1_811' title='bbox 1439 5015 1527 5052; x_wconf 81' lang='lat' dir='ltr'><strong>aneas</strong></span> <span class='ocrx_word' id='word_1_812' title='bbox 1545 5006 1637 5051; x_wconf 84' lang='lat' dir='ltr'><strong>terroe</strong></span> <span class='ocrx_word' id='word_1_813' title='bbox 1654 4997 1816 5066; x_wconf 79' lang='lat' dir='ltr'><strong>promissis.</strong></span> 
     </span>
     <span class='ocr_line' id='line_1_57' title="bbox 123 5083 1817 5155; baseline -0.002 -18"><span class='ocrx_word' id='word_1_814' title='bbox 123 5084 194 5138; x_wconf 83' lang='lat' dir='ltr'><strong>sicut</strong></span> <span class='ocrx_word' id='word_1_815' title='bbox 213 5086 317 5155; x_wconf 82' lang='lat' dir='ltr'><strong>fumus</strong></span> <span class='ocrx_word' id='word_1_816' title='bbox 345 5086 542 5151; x_wconf 80' lang='lat' dir='ltr'><strong>dissolventur,</strong></span> <span class='ocrx_word' id='word_1_817' title='bbox 568 5094 646 5139; x_wconf 85' lang='lat' dir='ltr'><strong>terra</strong></span> <span class='ocrx_word' id='word_1_818' title='bbox 671 5087 742 5141; x_wconf 74' lang='lat' dir='ltr'><strong>sicat</strong></span> <span class='ocrx_word' id='word_1_819' title='bbox 769 5087 959 5142; x_wconf 81' lang='lat' dir='ltr'><strong>vestimentum</strong></span> <span class='ocrx_word' id='word_1_820' title='bbox 984 5083 1047 5136; x_wconf 87' lang='lat' dir='ltr'><strong>Esa.</strong></span> <span class='ocrx_word' id='word_1_821' title='bbox 1063 5088 1105 5151; x_wconf 84' lang='grc'>65,</span> <span class='ocrx_word' id='word_1_822' title='bbox 1122 5100 1150 5135; x_wconf 87' lang='lat' dir='ltr'><strong>v.</strong></span> <span class='ocrx_word' id='word_1_823' title='bbox 1171 5087 1214 5136; x_wconf 80' lang='lat' dir='ltr'><strong>lt:</strong></span> <span class='ocrx_word' id='word_1_824' title='bbox 1234 5083 1308 5136; x_wconf 84' lang='lat' dir='ltr'><strong>Ecce</strong></span> <span class='ocrx_word' id='word_1_825' title='bbox 1322 5099 1370 5150; x_wconf 71' lang='lat' dir='ltr'><strong>opo</strong></span> <span class='ocrx_word' id='word_1_826' title='bbox 1387 5099 1449 5136; x_wconf 86' lang='lat' dir='ltr'><strong>creo</strong></span> <span class='ocrx_word' id='word_1_827' title='bbox 1463 5084 1556 5138; x_wconf 87' lang='lat' dir='ltr'><strong>coelos</strong></span> <span class='ocrx_word' id='word_1_828' title='bbox 1569 5101 1655 5136; x_wconf 77' lang='lat' dir='ltr'><strong>nosos</strong></span> <span class='ocrx_word' id='word_1_829' title='bbox 1673 5091 1817 5136; x_wconf 79' lang='lat' dir='ltr'><strong>ettsrram</strong></span> 
     </span>
     <span class='ocr_line' id='line_1_58' title="bbox 125 5164 1816 5242; baseline 0 -20"><span class='ocrx_word' id='word_1_830' title='bbox 125 5178 288 5240; x_wconf 73' lang='lat' dir='ltr'><strong>veterascet,</strong></span> <span class='ocrx_word' id='word_1_831' title='bbox 315 5172 395 5226; x_wconf 84' lang='lat' dir='ltr'><strong>salas</strong></span> <span class='ocrx_word' id='word_1_832' title='bbox 421 5180 515 5225; x_wconf 82' lang='lat' dir='ltr'><strong>autern</strong></span> <span class='ocrx_word' id='word_1_833' title='bbox 540 5187 601 5224; x_wconf 85' lang='lat' dir='ltr'><strong>mea</strong></span> <span class='ocrx_word' id='word_1_834' title='bbox 627 5173 657 5225; x_wconf 81' lang='lat' dir='ltr'><strong>s&#39;a</strong></span> <span class='ocrx_word' id='word_1_835' title='bbox 680 5174 879 5242; x_wconf 80' lang='lat' dir='ltr'><strong>sempiternum</strong></span> <span class='ocrx_word' id='word_1_836' title='bbox 905 5175 959 5227; x_wconf 84' lang='lat' dir='ltr'><strong>erit</strong></span> <span class='ocrx_word' id='word_1_837' title='bbox 984 5164 1092 5234; x_wconf 73' lang='lat' dir='ltr'><strong>nocam,</strong></span> <span class='ocrx_word' id='word_1_838' title='bbox 1119 5176 1145 5221; x_wconf 86' lang='lat' dir='ltr'><strong>st</strong></span> <span class='ocrx_word' id='word_1_839' title='bbox 1173 5185 1229 5220; x_wconf 80' lang='lat' dir='ltr'><strong>oon</strong></span> <span class='ocrx_word' id='word_1_840' title='bbox 1258 5176 1337 5221; x_wconf 72' lang='lat' dir='ltr'><strong>eram</strong></span> <span class='ocrx_word' id='word_1_841' title='bbox 1365 5169 1396 5221; x_wconf 81' lang='lat' dir='ltr'><strong>s&#39;n</strong></span> <span class='ocrx_word' id='word_1_842' title='bbox 1421 5170 1556 5223; x_wconf 74' lang='lat' dir='ltr'><strong>rnemoeia</strong></span> <span class='ocrx_word' id='word_1_843' title='bbox 1575 5170 1680 5238; x_wconf 82' lang='lat' dir='ltr'><strong>priora</strong></span> <span class='ocrx_word' id='word_1_844' title='bbox 1707 5178 1734 5222; x_wconf 84' lang='lat' dir='ltr'><strong>st</strong></span> <span class='ocrx_word' id='word_1_845' title='bbox 1760 5186 1816 5222; x_wconf 77' lang='lat' dir='ltr'><strong>ooo</strong></span> 
     </span>
     <span class='ocr_line' id='line_1_59' title="bbox 126 5255 1819 5330; baseline -0.001 -20"><span class='ocrx_word' id='word_1_846' title='bbox 126 5264 151 5310; x_wconf 80' lang='lat' dir='ltr'><strong>tt</strong></span> <span class='ocrx_word' id='word_1_847' title='bbox 170 5257 285 5326; x_wconf 75' lang='lat' dir='ltr'><strong>justitio</strong></span> <span class='ocrx_word' id='word_1_848' title='bbox 308 5273 370 5310; x_wconf 84' lang='lat' dir='ltr'><strong>mea</strong></span> <span class='ocrx_word' id='word_1_849' title='bbox 396 5275 451 5310; x_wconf 79' lang='lat' dir='ltr'><strong>nou</strong></span> <span class='ocrx_word' id='word_1_850' title='bbox 475 5257 590 5320; x_wconf 73' lang='lat' dir='ltr'><strong>rlsftcict.</strong></span> <span class='ocrx_word' id='word_1_851' title='bbox 626 5256 745 5321; x_wconf 89' lang='lat' dir='ltr'><strong>Quidam</strong></span> <span class='ocrx_word' id='word_1_852' title='bbox 768 5277 818 5330; x_wconf 91' lang='lat' dir='ltr'><strong>per</strong></span> <span class='ocrx_word' id='word_1_853' title='bbox 842 5257 958 5313; x_wconf 88' lang='lat' dir='ltr'><strong>salutem</strong></span> <span class='ocrx_word' id='word_1_854' title='bbox 985 5257 1157 5310; x_wconf 80' lang='lat' dir='ltr'><strong>adscendent</strong></span> <span class='ocrx_word' id='word_1_855' title='bbox 1174 5270 1260 5323; x_wconf 83' lang='lat' dir='ltr'><strong>super</strong></span> <span class='ocrx_word' id='word_1_856' title='bbox 1278 5272 1369 5308; x_wconf 68' lang='lat' dir='ltr'><strong>eoae.</strong></span> <span class='ocrx_word' id='word_1_857' title='bbox 1392 5261 1432 5324; x_wconf 89' lang='grc'>66,</span> <span class='ocrx_word' id='word_1_858' title='bbox 1451 5273 1475 5309; x_wconf 86' lang='lat' dir='ltr'><strong>v.</strong></span> <span class='ocrx_word' id='word_1_859' title='bbox 1495 5261 1542 5311; x_wconf 81' lang='lat'><strong>22:</strong></span> <span class='ocrx_word' id='word_1_860' title='bbox 1564 5255 1642 5308; x_wconf 78' lang='lat' dir='ltr'><strong>Sient</strong></span> <span class='ocrx_word' id='word_1_861' title='bbox 1660 5256 1733 5309; x_wconf 85' lang='lat' dir='ltr'><strong>coeli</strong></span> <span class='ocrx_word' id='word_1_862' title='bbox 1751 5256 1819 5310; x_wconf 82' lang='lat' dir='ltr'><strong>uoci</strong></span> 
     </span>
     <span class='ocr_line' id='line_1_60' title="bbox 127 5340 1816 5418; baseline 0.001 -23"><span class='ocrx_word' id='word_1_863' title='bbox 127 5346 154 5395; x_wconf 88' lang='lat' dir='ltr'><strong>et</strong></span> <span class='ocrx_word' id='word_1_864' title='bbox 168 5340 306 5413; x_wconf 86' lang='lat' dir='ltr'><strong>justitiam</strong></span> <span class='ocrx_word' id='word_1_865' title='bbox 330 5346 530 5418; x_wconf 77' lang='grc' dir='ltr'><em>μετωνυμικῶς</em></span> <span class='ocrx_word' id='word_1_866' title='bbox 558 5341 717 5412; x_wconf 84' lang='lat' dir='ltr'><strong>intelligunt</strong></span> <span class='ocrx_word' id='word_1_867' title='bbox 741 5343 880 5397; x_wconf 83' lang='lat' dir='ltr'><strong>Christum</strong></span> <span class='ocrx_word' id='word_1_868' title='bbox 906 5345 959 5399; x_wconf 89' lang='lat' dir='ltr'><strong>sal·</strong></span> <span class='ocrx_word' id='word_1_869' title='bbox 986 5352 1012 5398; x_wconf 86' lang='lat' dir='ltr'><strong>et</strong></span> <span class='ocrx_word' id='word_1_870' title='bbox 1036 5350 1113 5396; x_wconf 84' lang='lat' dir='ltr'><strong>terra</strong></span> <span class='ocrx_word' id='word_1_871' title='bbox 1128 5360 1207 5405; x_wconf 73' lang='lat' dir='ltr'><strong>corn,</strong></span> <span class='ocrx_word' id='word_1_872' title='bbox 1233 5360 1304 5411; x_wconf 74' lang='lat' dir='ltr'><strong>quos</strong></span> <span class='ocrx_word' id='word_1_873' title='bbox 1325 5359 1374 5410; x_wconf 77' lang='lat' dir='ltr'><strong>epo</strong></span> <span class='ocrx_word' id='word_1_874' title='bbox 1400 5342 1519 5410; x_wconf 71' lang='lat' dir='ltr'><strong>sacione,</strong></span> <span class='ocrx_word' id='word_1_875' title='bbox 1543 5349 1619 5395; x_wconf 81' lang='lat' dir='ltr'><strong>stant</strong></span> <span class='ocrx_word' id='word_1_876' title='bbox 1644 5360 1740 5396; x_wconf 84' lang='lat' dir='ltr'><strong>coram</strong></span> <span class='ocrx_word' id='word_1_877' title='bbox 1765 5359 1816 5413; x_wconf 78' lang='lat' dir='ltr'><strong>sne,</strong></span> 
     </span>
     <span class='ocr_line' id='line_1_61' title="bbox 126 5425 1923 5499; baseline 0.005 -22"><span class='ocrx_word' id='word_1_878' title='bbox 126 5431 256 5494; x_wconf 84' lang='lat' dir='ltr'><strong>vaterem,</strong></span> <span class='ocrx_word' id='word_1_879' title='bbox 275 5428 323 5499; x_wconf 89' lang='lat' dir='ltr'><strong>qui</strong></span> <span class='ocrx_word' id='word_1_880' title='bbox 340 5443 357 5480; x_wconf 93' lang='lat' dir='ltr'><strong>a</strong></span> <span class='ocrx_word' id='word_1_881' title='bbox 376 5428 436 5483; x_wconf 91' lang='lat' dir='ltr'><strong>Deo</strong></span> <span class='ocrx_word' id='word_1_882' title='bbox 454 5428 533 5483; x_wconf 89' lang='lat' dir='ltr'><strong>nobis</strong></span> <span class='ocrx_word' id='word_1_883' title='bbox 553 5425 644 5481; x_wconf 88' lang='lat' dir='ltr'><strong>factus</strong></span> <span class='ocrx_word' id='word_1_884' title='bbox 664 5434 705 5481; x_wconf 89' lang='lat' dir='ltr'><strong>est</strong></span> <span class='ocrx_word' id='word_1_885' title='bbox 721 5428 833 5496; x_wconf 77' lang='lat' dir='ltr'><strong>justitia</strong></span> <span class='ocrx_word' id='word_1_886' title='bbox 856 5436 878 5485; x_wconf 92' lang='lat' dir='ltr'><strong>l.</strong></span> <span class='ocrx_word' id='word_1_887' title='bbox 898 5429 959 5486; x_wconf 81' lang='lat' dir='ltr'><strong>Cor.</strong></span> <span class='ocrx_word' id='word_1_888' title='bbox 987 5431 1055 5483; x_wconf 80' lang='lat' dir='ltr'><strong>dicit</strong></span> <span class='ocrx_word' id='word_1_889' title='bbox 1078 5431 1227 5483; x_wconf 78' lang='lat' dir='ltr'><strong>Dominus.</strong></span> <span class='ocrx_word' id='word_1_890' title='bbox 1257 5434 1281 5483; x_wconf 89' lang='grc'><strong>2.</strong></span> <span class='ocrx_word' id='word_1_891' title='bbox 1301 5428 1375 5482; x_wconf 90' lang='lat' dir='ltr'><strong>Petr.</strong></span> <span class='ocrx_word' id='word_1_892' title='bbox 1396 5434 1420 5498; x_wconf 82' lang='lat'><strong>3,</strong></span> <span class='ocrx_word' id='word_1_893' title='bbox 1438 5446 1463 5480; x_wconf 87' lang='lat' dir='ltr'><strong>v.</strong></span> <span class='ocrx_word' id='word_1_894' title='bbox 1487 5434 1530 5483; x_wconf 82' lang='lat'><strong>13:</strong></span> <span class='ocrx_word' id='word_1_895' title='bbox 1559 5429 1655 5482; x_wconf 84' lang='lat' dir='ltr'><strong>Nouos</strong></span> <span class='ocrx_word' id='word_1_896' title='bbox 1680 5429 1923 5488; x_wconf 69' lang='lat' dir='ltr'><strong>sacrosacrae.</strong></span> 
     </span>
     <span class='ocr_line' id='line_1_62' title="bbox 176 5518 1607 5567; baseline 0.003 -4"><span class='ocrx_word' id='word_1_897' title='bbox 176 5522 279 5566; x_wconf 73' lang='lat' dir='ltr'><strong>assandi</strong></span> <span class='ocrx_word' id='word_1_898' title='bbox 292 5523 341 5566; x_wconf 84' lang='lat' dir='ltr'><strong>loct.</strong></span> <span class='ocrx_word' id='word_1_899' title='bbox 366 5523 401 5564; x_wconf 82' lang='lat' dir='ltr'><strong>1x.</strong></span> <span class='ocrx_word' id='word_1_900' title='bbox 1578 5518 1607 5567; x_wconf 90' lang='lat' dir='ltr'><strong>ll</strong></span> 
     </span>
    </p>
   </div>
   <div class='ocr_carea' id='block_1_5' title="bbox 0 0 2030 6005">
    <p class='ocr_par' dir='ltr' id='par_1_5' title="bbox 0 0 2030 6005">
     <span class='ocr_line' id='line_1_63' title="bbox 0 0 2030 6005; baseline 0 0"><span class='ocrx_word' id='word_1_901' title='bbox 0 0 2030 6005; x_wconf 95' lang='lat' dir='ltr'><strong> </strong></span> 
     </span>
    </p>
   </div>
  </div>
 </body>
</html>
