4050 6014
207 182 267 240 352
395 156 398 162 ¹
856 165 1087 225 micturus
1106 166 1256 226 SEXTUS

202 328 315 383 coelesti
327 328 410 381 domo
422 325 495 379 nibil
512 327 667 395 quiequam
682 325 816 394 occurrit,
835 322 1039 394 6666666611-
1102 329 1144 379 66.
1179 321 1221 376 Ex
1238 321 1282 376 his
1300 320 1454 392 colligitur,
1470 319 1616 376 beaterum
1633 319 1770 392 ganemu
1790 323 1812 376 1.
1830 324 1910 376 recte

201 411 828 483 1166666666611,666661666161666
841 415 891 477 eat,
904 425 1040 462 6666666666
1065 408 1163 464 referri
1186 409 1321 463 6611666
1343 408 1419 461 vitae
1447 416 1581 462 66166666
1607 407 1720 460 inem
1748 405 1804 460 teti
1833 425 1909 462 6666·

203 500 339 570 paediam
357 515 392 552 66
405 515 541 552 66666666
557 498 726 566 voluptatem
740 496 829 566 parit
857 493 918 550 Nec
935 493 1039 564 simpli·
1063 495 1157 564 posito
1171 495 1338 558 eommunia,
1351 494 1528 564 nequeenim
1545 492 1598 548 erit
1608 492 1840 563 66666661661661,
1857 509 1907 547 ex·
1921 501 1982 543 xa:

201 584 272 640 citer
289 584 397 651 dieitur,
418 582 493 653 quod
509 581 601 637 tidelis
620 597 716 637 serras
732 580 858 637 666166116
876 579 971 651 gandii
991 580 1037 634 de
1064 584 1173 633 ternum
1192 586 1221 634 et
1237 578 1394 646 umbratile,
1414 578 1578 646 aedrerum,
1598 578 1737 633 internum
1756 585 1793 647 61,
1811 584 1846 633 61
1864 579 1908 634 616

201 670 268 724 1661
278 668 338 723 fieri
351 669 498 739 particeps,
516 667 566 721 sed
584 666 659 737 quod
672 665 775 722 debeat
788 667 818 718 in
833 666 910 720 iliad
921 666 1038 728 intrare,
1063 663 1176 735 loquar,
1197 664 1321 720 cordiale
1344 664 1479 735 gaudium
1505 681 1600 719 omnes
1617 664 1727 719 animae
1744 664 1906 736 1666116166,

200 754 227 808 1.
246 770 268 809 a
288 769 395 808 summe
411 754 502 824 gradu
519 752 588 807 illud
609 751 786 823 participare,
803 750 1037 823 quemadmodum
1063 751 1156 805 omnia
1170 750 1293 820 eorporis
1311 749 1435 805 membra
1443 750 1558 805 interius
1568 755 1598 804 et
1608 750 1729 806 exterius
1740 750 1908 821 planissima

200 841 303 894 intrare
322 839 351 893 in
368 837 569 909 possessionem
590 837 725 892 bonerum
743 836 855 900 (1161166,
874 835 922 907 qui
942 835 1038 906 plena·
1063 836 1239 906 perfundens.
1276 835 1389 891 Gaudia
1408 836 1493 906 hujus
1511 837 1585 891 ritas
1602 842 1668 891 annt
1682 837 1766 902 salsa
1783 839 1905 907 quadie,
1980 882 1982 887 .

199 925 270 980 61616
288 940 383 979 eorum
401 924 582 979 hereditatem
599 923 727 994 percipit
757 922 815 978 Nee
834 921 944 991 dicitur,
961 922 1039 990 qued
1063 921 1105 976 uti
1119 928 1194 976 recte
1210 922 1307 977 eadem
1320 927 1402 976 66661
1416 921 1503 989 Maro,
1522 921 1570 976 sed
1591 928 1720 978 aeternae
1739 923 1816 979 ritae
1833 939 1907 994 gan·

199 1010 335 1080 perediam
345 1010 467 1063 Domini
484 1010 584 1063 debeat
598 1010 710 1063 intrare
722 1010 752 1062 ic
764 1024 882 1074 6666666,
900 1007 950 1062 sed
961 1005 1036 1077 qued
1064 1007 1110 1062 dia
1122 1013 1187 1061 aunt
1202 1023 1268 1063 vera
1280 1006 1394 1078 gaudia.
1421 1005 1535 1062 Gaudia
1545 1006 1629 1079 hujus
1641 1008 1716 1063 ritae
1728 1013 1795 1062 aunt
1806 1024 1906 1079 super·

199 1112 295 1150 servus
313 1093 415 1150 (161661
434 1095 538 1149 1616666
559 1095 591 1149 16
609 1093 722 1149 Domini
743 1093 786 1148 aui
804 1092 953 1164 gandium,
979 1096 1036 1145 tam
1062 1092 1168 1147 ficinria
1188 1100 1216 1149 et
1236 1092 1406 1159 umbratilis,
1430 1109 1478 1147 cor
1502 1093 1595 1164 ipsum
1611 1111 1668 1149 666
1687 1094 1833 1166 attingunt
1851 1111 1906 1152 nee

200 1197 334 1252 magnum
352 1181 425 1235 enim
443 1186 485 1236 est
496 1179 610 1235 Domini
628 1179 771 1251 gaudium,
791 1177 866 1248 quod
883 1194 901 1232 6
916 1176 1037 1231 Domino
1063 1179 1207 1250 quietant3
1225 1179 1275 1233 sed
1288 1178 1373 1250 lenge
1384 1178 1493 1233 diversa
1508 1179 1578 1235 ratio
1591 1179 1645 1234 erit
1659 1180 1905 1251 gaudiiceelestia,

199 1264 386 1338 proficiscitur
399 1265 529 1335 effective,
547 1269 576 1318 et
594 1264 624 1318 in
643 1263 705 1334 ipae
722 1263 876 1333 percipitur
894 1262 1037 1330 objectiva,
1063 1265 1138 1336 quod
1155 1281 1238 1320 omne
1255 1265 1346 1320 cerdis
1363 1265 1530 1321 desiderium
1542 1264 1679 1336 adimplet
1695 1282 1729 1321 ac
1747 1266 1905 1336 perfectam

199 1359 231 1407 ut
253 1368 308 1406 666
333 1351 424 1422 666611
446 1351 476 1405 16
501 1349 613 1405 homine
640 1348 770 1405 concludi
789 1349 835 1403 rel
854 1347 891 1403 ab
911 1363 945 1403 66
962 1363 1037 1401 com·
1062 1350 1197 1405 laetitiam
1218 1350 1411 1421 complectitur
1429 1352 1663 1416 1661666666.
1680 1351 1803 1422 16116,
1823 1358 1904 1412 aaa.

198 1436 341 1508 prehendi,
361 1436 425 1491 ideo
435 1435 517 1490 hemo
533 1436 620 1490 intrat
632 1435 660 1489 in
673 1434 744 1489 illud
759 1432 1037 1504 incomprehensibile
1062 1440 1115 1490 616
1147 1440 1172 1490 2.
1192 1436 1265 1490 Fore
1276 1437 1347 1491 illud
1362 1436 1497 1508 gaudium
1514 1439 1662 1503 uinearum,
1681 1437 1904 1496 nullstristitiae

199 1523 347 1596 gaudium,
370 1538 426 1577 non
451 1529 545 1577 autem
565 1521 651 1576 intrat
667 1520 737 1575 illud
758 1519 787 1574 in
807 1519 946 1576 bominem
960 1518 1038 1574 velut
1063 1520 1173 1576 macula
1189 1522 1426 1590 contaminatum,
1446 1522 1523 1577 nulla
1547 1522 1678 1578 moeroris
1701 1524 1778 1580 nube
1795 1529 1905 1595 pertur-

199 1609 236 1663 ab
255 1607 367 1663 homine
378 1607 614 1677 comprehensum.
628 1605 751 1663 'I'homaa
770 1605 800 1659 in
815 1621 913 1659 eornm.
931 1604 972 1658 sic
991 1619 1036 1658 ex·
1062 1605 1167 1663 batum
1207 1606 1319 1662 Gaudia
1332 1607 1429 1678 *hujus
1448 1607 1522 1663 61166
1540 1625 1595 1664 666
1613 1614 1680 1663 aunt
1699 1608 1823 1677 sincera,
1851 1611 1903 1667 sed

198 1694 290 1766 ponit:
317 1693 402 1747 Intra
426 1694 457 1747 ia
480 1693 615 1762 paediam
633 1693 755 1746 Domini
772 1691 827 1754 161,
856 1691 1037 1758 16666616
1062 1688 1240 1764 ylensimapn
1266 1693 1349 1748 Prcv.
1375 1699 1420 1758 14,
1445 1710 1473 1747 6.
1491 1699 1530 1750 16.
1559 1694 1584 1748 61
1610 1694 1657 1748 cui
1684 1694 1758 1749 enim
1784 1695 1905 1752 materia

199 1783 236 1834 de
250 1797 291 1849 eo,
311 1798 366 1850 666
386 1781 498 1847 peuda,
519 1786 546 1833 et
564 1781 600 1832 de
619 1795 675 1848 qao
686 1779 794 1847 666661
804 1778 945 1833 Dominae
963 1783 1037 1843 1666,
1061 1778 1158 1848 gaudii
1178 1778 1325 1833 exhibetur
1349 1777 1387 1833 ab
1407 1795 1463 1834 uno
1483 1779 1603 1849 quedam
1622 1779 1746 1850 objecto,
1770 1781 1904 1839 tristitiae

198 1867 306 1922 66611661
325 1867 361 1920 de
378 1865 518 1930 fraitsbae
536 1865 700 1934 6611666166.
732 1865 812 1918 Tuae
830 1865 936 1932 666661
954 1862 1035 1917 tomo
1062 1865 1205 1919 materiam
1223 1865 1342 1935 percipit
1359 1882 1393 1920 ex
1404 1864 1516 1935 objecto
1533 1864 1597 1935 alio,
1618 1866 1693 1921 unde
1707 1869 1795 1936 66616
1811 1867 1901 1924 canit:

198 1961 229 2006 ut
246 1952 400 2018 Dominae,
428 1968 490 2006 eam
507 1951 621 2018 fruitur
638 1956 669 2002 61
687 1950 843 2017 Demisere,
871 1965 926 2020 que
952 1964 1034 2003 sensu

198 2037 283 2093 etiam
303 2054 387 2107 super
404 2053 528 2091 mennam
545 2035 659 2090 Domini
677 2035 759 2090 edere
778 2041 807 2090 et
823 2033 919 2090 bibere
937 2032 1034 2087 dicun·

196 2124 429 2191 166166116.
450 2125 491 2177 66.
510 2120 576 2192 quia
596 2120 670 2176 beati
689 2126 814 2188 666166,
834 2136 890 2190 qao
898 2117 1036 2173 Dominus

198 2213 241 2265 661
257 2207 365 2265 beatus.
397 2207 452 2270 Qui
470 2205 500 2260 in
516 2205 568 2260 166
580 2205 714 2276 gaudium
722 2204 838 2259 Domini
853 2205 949 2272 intrat,
965 2220 1035 2258 nun·
1062 2204 1112 2260 sed
1130 2205 1251 2261 coeleste
1268 2205 1402 2278 gaudium
1422 2206 1475 2262 erit
1491 2223 1603 2278 prorsus
1624 2225 1726 2277 puram
1752 2214 1779 2264 et
1805 2209 1901 2267 16666-

198 2310 281 2366 quam
301 2312 335 2349 ex
352 2308 385 2348 ee
405 2292 505 2346 iterum
521 2290 607 2346 exibit
624 2290 740 2361 Apocal.
760 2296 785 2359 ³,
804 2307 830 2345 v.
845 2291 897 2356 11.)
916 2288 1037 2357 161616,
1062 2291 1242 2359 terminatum,
1271 2293 1348 2348 nullo
1379 2292 1479 2347 doloris
1504 2298 1584 2347 66616
1610 2292 1703 2348 inluso
1728 2301 1900 2366 6666661666,

198 2398 224 2436 r.
241 2384 288 2436 22:
308 2379 416 2432 Iterum
433 2377 532 2431 616616
550 2393 613 2444 666,
633 2384 660 2430 61
683 2376 818 2444 enudabit
835 2393 886 2430 eor
905 2384 1036 2442 uestram,
1062 2374 1182 2431 6166161
1201 2377 1481 2433 coelestiahereditas
1501 2377 1647 2451 ἀμίαντος,
1667 2381 1902 2451 incantatum

199 2475 224 2520 st
242 2465 379 2535 paediam
395 2472 517 2518 66616666
532 2479 613 2517 aomo
632 2463 711 2517 tollet
727 2480 747 2516 a
762 2464 849 2518 66616.
875 2461 947 2530 (Erit
965 2477 1035 2533 gau·
1061 2461 1098 2516 ab
1120 2464 1246 2533 apostolo
1271 2470 1388 2519 vocatur
1411 2471 1433 2521 1.
1451 2464 1525 2519 Ρ616.
1548 2470 1571 2530 1,
1589 2483 1615 2520 6.
1633 2473 1658 2523 1.
1695 2471 1720 2537 6.
1738 2466 1812 2522 Fore
1831 2467 1902 2524 illad

199 2553 275 2607 dium
294 2568 390 2606 rerum
407 2557 435 2606 61
454 2550 606 2618 sincerum,
626 2549 692 2622 quia
712 2566 760 2605 cor
776 2549 867 2621 ipsum
886 2547 1035 2620 gaudebit;
1063 2549 1200 2618 gaudium
1227 2551 1437 2622 sempiternam,
1467 2551 1569 2605 stabile
1593 2567 1627 2606 ae
1649 2568 1794 2623 nunquam
1818 2555 1901 2610 inter·

198 2639 253 2694 erit
268 2638 352 2693 etiarn
370 2637 505 2709 gaudium
525 2652 580 2692 666
597 2635 782 2708 interruptum
801 2637 850 2692 ssd
868 2640 1034 2708 perpetuum
1061 2641 1174 2706 ruptum
1192 2635 1239 2690 661
1254 2634 1415 2706 finiendum,
1430 2635 1498 2707 quia
1519 2639 1680 2708 eausaejea
1698 2645 1741 2693 661
1758 2644 1901 2710 perpetua

198 2730 228 2779 et
248 2724 460 2795 sempiternum,
486 2724 554 2794 quia
582 2738 664 2779 nemo
688 2722 759 2778 illud
785 2722 865 2778 tollet
892 2738 910 2776 a
936 2721 1035 2786 beatis,
1061 2722 1113 2776 Est
1138 2723 1274 2792 66661666
1300 2723 1421 2776 11666166·
1445 2724 1565 2787 neceni,
1601 2723 1698 2794 utique
1724 2740 1792 2796 argo
1817 2724 1902 2781 etiam

1129 2013 1164 2021 ·-
1182 2012 1217 2023 -
1238 1983 1329 2053 Usque
1347 1985 1421 2038 adeo
1440 1982 1521 2040 66116
1542 1993 1583 2039 ert
1601 1985 1714 2039 sincera
1734 1986 1875 2057 voluptas,

1132 2068 1346 2153 sollicitamque
1365 2069 1481 2140 aliquid
1496 2071 1582 2126 laetis
1603 2070 1751 2126 intervenit
1769 2084 1803 2113 -·-
1827 2068 1894 2143 -5'

198 2812 302 2867 orietur
322 2827 357 2864 ex
383 2809 489 2865 risione
507 2807 563 2864 Dei
585 2815 615 2864 et
634 2807 751 2874 Christi,
770 2810 835 2878 Epo
857 2810 957 2863 videbo
977 2824 1035 2876 ooo,
1062 2808 1154 2879 ipsum
1169 2813 1378 2863 661661666666
1416 2806 1528 2863 Gaudia
1546 2807 1629 2878 hujus
1640 2809 1715 2865 61166
1728 2809 1827 2866 brevis
1837 2816 1901 2867 aunt

197 2907 225 2952 er
244 2897 379 2967 enudabit
395 2913 446 2949 eor
462 2903 593 2952 acetrum.
623 2895 684 2952 Hoc
700 2895 836 2967 gaudium
848 2894 1034 2965 apostolerum
1063 2900 1092 2949 61
1110 2893 1237 2966 fugacia,
1261 2894 1297 2949 de
1320 2893 1423 2963 quibua
1444 2898 1521 2948 reete
1545 2900 1697 2964 usurpatur
1720 2895 1792 2953 iilud
1814 2897 1902 2955 Bern-

198 2981 358 3037 incboatum
367 2980 422 3035 fuit
432 2987 497 3051 pest
509 2979 610 3037 Christi
620 2981 857 3048 resurrectionem,
876 2979 925 3036 sed
940 2985 1037 3050 postea
1063 2979 1158 3034 bardis
1183 2981 1267 3034 Raro
1293 2980 1380 3045 bora,
1404 2980 1495 3034 666616
1512 2998 1607 3049 moro,
1627 2997 1661 3037 ac
1680 2981 1705 3037 si
1722 2982 1768 3037 rel
1782 2982 1901 3039 maxime

200 3072 425 3122 consummatum
443 3066 473 3120 in
491 3066 580 3136 gloria
591 3066 714 3122 coelesti.
740 3066 869 3137 Lyranus
881 3066 911 3120 in
924 3079 1037 3121 comm:
1063 3065 1102 3136 pii
1121 3065 1149 3120 in
1171 3064 1223 3120 166
1242 3066 1302 3120 6116
1319 3072 1500 3138 praegnatem
1519 3066 1640 3138 aliquem
1658 3067 1788 3125 coelestia
1805 3068 1901 3142 gaudii

201 3154 267 3207 Vite
288 3153 408 3219 Christi,
426 3153 576 3222 666611ιί1
595 3153 718 3207 materia
735 3152 820 3221 bajus
839 3152 954 3221 6666111,
979 3168 1037 3206 666
1064 3151 1235 3222 percipiant,
1260 3158 1355 3208 tamen
1370 3152 1492 3208 felicitas
1510 3167 1545 3207 ac
1563 3153 1691 3224 voluptas
1713 3152 1765 3211 illa
1783 3170 1841 3211 666
1861 3159 1902 3212 est

198 3240 323 3309 66661166
350 3247 414 3293 erat
436 3254 492 3310 per
511 3247 627 3292 mortem
646 3239 824 3301 auferenda.
852 3237 918 3291 ideo
945 3238 1037 3304 iprum
1064 3238 1118 3308 piia
1136 3237 1166 3293 16
1182 3237 1236 3293 bac
1253 3238 1312 3294 rita
1329 3244 1482 3308 perpetue,
1510 3254 1575 3294 mex
1604 3239 1792 3310 subjiciuntur
1816 3247 1899 3298 terre

198 3341 306 3396 666666
329 3325 465 3393 paediam
486 3341 542 3377 aon
568 3331 683 3394 poterat
704 3325 837 3390 auferri.)
876 3329 898 3378 1.
917 3322 993 3378 Petr.
1013 3329 1037 3393 1,
1063 3323 1140 3378 ribus
1157 3329 1185 3379 61
1202 3323 1369 3395 angoribus,
1394 3324 1522 3395 adeoque
1541 3339 1576 3378 ex
1596 3324 1673 3380 coelo
1693 3324 1749 3383 sibi
1771 3327 1900 3385 ridentur

197 3429 223 3465 v.
245 3415 275 3468 8:
300 3413 338 3466 Ia
352 3412 523 3466 revelatione
546 3412 665 3475 Christi,
690 3428 784 3480 qaam,
808 3427 871 3465 eam
888 3410 1037 3465 aeneide·
1063 3409 1174 3464 detrudi
1200 3409 1231 3465 16
1255 3411 1401 3476 iasar-aum
1428 3408 1586 3474 1.Sam2‚
1607 3428 1634 3464 v.
1649 3415 1674 3466 6.
1692 3412 1742 3467 aed
1766 3414 1898 3485 gardim

197 3499 271 3559 ritis.
291 3498 427 3566 6611161116,
452 3499 483 3550 ie
504 3514 585 3566 quem
610 3515 684 3551 6666
704 3513 812 3567 quoque
827 3514 886 3551 666
912 3497 1038 3551 videnter
1063 3497 1137 3552 61166
1169 3502 1299 3552 aeternae
1326 3496 1380 3552 erit
1406 3503 1570 3567 perpetuum
1591 3503 1620 3553 et
1639 3503 1798 3568 66166666,
1825 3503 1900 3572 qaod

198 3583 329 3646 66661116,
364 3586 480 3654 (quante
515 3583 603 3653 igitur
627 3581 717 3652 magis
745 3582 826 3652 olim,
856 3599 920 3639 cum
949 3582 1038 3637 mani·
1063 3599 1117 3636 noa
1135 3582 1284 3648 auferetur
1308 3583 1345 3636 ab
1369 3582 1464 3636 electis
1488 3581 1553 3639 ioh.
1574 3588 1715 3651 16661.
1746 3594 1772 3644 1.
1796 3585 1899 3645 (laudii

197 3667 317 3723 16616166
342 3668 442 3734 fuerit,
468 3669 605 3738 adspectu
633 3666 707 3738 ejus)
732 3668 907 3722 multaticia
928 3670 1036 3738 666616
1061 3667 1146 3737 hrrjua
1160 3665 1309 3722 iontemee
1318 3666 1513 3735 principalem
1530 3685 1649 3724 6666666
1666 3669 1726 3727 iore
1743 3669 1901 3730 beatificam

199 3753 338 3824 ineffabili
355 3762 380 3807 st
399 3755 570 3821 6166616616.
599 3752 643 3820 (In
662 3751 771 3809 Graece
791 3760 834 3809 eet
853 3752 1035 3826 ἀγαλλιᾶσθε,
1064 3752 1119 3808 Dei
1145 3752 1279 3808 visionem
1305 3754 1408 3809 Psalm.
1425 3757 1467 3820 66,
1492 3771 1518 3811 r.
1539 3760 1563 3810 6.
1590 3760 1619 3808 61
1645 3761 1686 3812 16.
1730 3756 1802 3813 Cum
1827 3760 1899 3815 enim

199 3838 275 3909 quod
300 3839 411 3909 proprie
434 3838 576 3910 significat
601 3845 679 3894 metu
698 3844 726 3894 et
752 3838 954 3894 subsultatione
974 3857 1037 3895 cor·
1062 3838 1142 3894 Deua
1159 3838 1197 3892 ait
1216 3854 1353 3894 summum
1372 3845 1401 3894 et
1421 3839 1560 3894 infinitum
1578 3839 1690 3909 bonum,
1713 3859 1825 3900 summa
1842 3845 1900 3901 dul·

198 3924 275 3996 66616
292 3925 463 3980 testabimini
481 3925 616 3996 gaudium
633 3930 771 3994 restrum,
795 3925 835 3979 ita
854 3930 886 3980 ut
904 3941 1037 3996 praesens
1063 3925 1147 3994 cedo,
1164 3942 1272 3980 summa
1291 3925 1415 3980 suavitas
1435 3931 1488 3980 etc.
1508 3926 1572 3980 ideo
1597 3942 1632 3982 ex
1649 3926 1702 3982 Dei
1719 3928 1827 3987 risione
1844 3947 1898 3986 666

198 4015 319 4082 ponatur
331 4027 382 4080 pro
394 4009 490 4065 futuro
503 4016 618 4081 6666166
630 4010 771 4066 immotam
784 4011 824 4067 rei
835 4011 1035 4068 certitudinem.
1063 4015 1156 4081 petest
1175 4027 1231 4066 non
1249 4011 1315 4066 eriri
1331 4010 1475 4067 ineffabile
1495 4011 1630 4083 gaudium
1651 4019 1682 4068 61
1698 4012 1899 4085 inexplicabilia

200 4092 761 4166 (1666166616666611611661666111666,
781 4096 847 4167 quia
860 4097 1035 4168 6166666661-
1063 4096 1199 4168 66166166.
1233 4096 1264 4152 si
1286 4098 1428 4153 16616616
1450 4104 1479 4153 et
1502 4096 1631 4154 efficacia
1657 4099 1834 4158 6616666611
1849 4109 1899 4167 661,

198 4184 267 4239 tudo
287 4188 315 4238 at
330 4181 505 4237 abundantia
523 4181 615 4238 verbis
631 4182 746 4253 exprimi
763 4183 871 4254 nequit,
888 4182 961 4238 61661
976 4182 1036 4251 1666
1063 4187 1095 4237 61
1120 4199 1170 4237 666
1194 4181 1286 4238 calore
1313 4183 1396 4238 rebus
1423 4183 1602 4240 nascentibus
1625 4184 1712 4243 vitam
1738 4202 1794 4242 666
1819 4187 1900 4245 modo

198 4269 342 4325 beatitudo
366 4267 396 4323 in
416 4283 465 4323 eor
490 4267 608 4323 hominis
627 4285 683 4323 nen
703 4267 850 4324 adscendit
869 4285 902 4324 66
919 4269 1036 4340 proinde
1063 4267 1217 4338 impertiat,
1239 4268 1288 4324 aad
1307 4269 1391 4325 611666
1410 4271 1517 4326 animos
1538 4269 1693 4340 bominum,
1720 4271 1778 4329 imo
1806 4289 1899 4331 emnes

199 4355 284 4410 etiam
300 4355 329 4409 in
348 4354 474 4426 lingnam
488 4352 657 4409 adscendere
676 4354 775 4425 nequit
799 4361 820 4410 1.
840 4351 901 4409 Cor.
920 4358 945 4421 2,
964 4372 991 4410 6.
1010 4360 1036 4411 6.
1063 4360 1204 4410 creatmaa
1228 4354 1377 4411 diffusione
1401 4355 1542 4411 radiorum
1565 4356 1635 4412 lucis
1652 4373 1720 4413 6666
1737 4360 1900 4417 suavissime

199 4440 301 4495 dicitur
323 4444 542 4515 δεδοξασμένον,
570 4441 637 4512 quia
665 4455 697 4495 ex
723 4440 848 4511 corporis
873 4446 902 4496 61
927 4441 1036 4497 animae
1062 4446 1168 4496 recreet
1199 4446 1228 4496 et
1258 4440 1374 4496 mirifice
1404 4441 1537 4505 delectet3
1567 4448 1672 4512 quanto
1704 4443 1734 4498 in
1761 4443 1899 4505 infinitum

198 4525 398 4597 glorificatione
417 4527 523 4594 661166.)
549 4542 610 4596 666.
635 4532 668 4597 t,
690 4543 718 4579 6.
739 4531 784 4583 13:
810 4528 848 4581 Ia
872 4527 932 4596 loo,
958 4530 1036 4598 quaed
1063 4527 1161 4598 majori
1185 4527 1288 4598 gaudie
1304 4527 1473 4584 eredendum
1491 4534 1534 4583 est
1549 4530 1717 4599 completum
1735 4529 1771 4586 iri
1788 4539 1899 4602 pectora

198 4621 341 4667 6666666166
360 4613 428 4666 sam
446 4613 637 4682 afflictionum
658 4612 780 4678 Cirr-isti,
799 4616 935 4685 6666616,
955 4622 987 4668 at
1005 4616 1035 4670 ia
1062 4614 1186 4688 piorum,
1221 4613 1333 4686 quando
1366 4619 1517 4670 creatorem
1541 4615 1623 4680 66116,
1653 4615 1740 4671 solem
1764 4617 1899 4688 justib'ae,

199 4699 494 4767 revelationemque
513 4699 625 4766 alerias
644 4699 706 4768 ejas
727 4701 880 4768 poadeetir
896 4702 1035 4756 66661166
1062 4717 1175 4757 causam
1202 4698 1290 4754 omnis
1315 4698 1440 4755 laetitiae
1465 4716 1498 4755 ac
1521 4700 1619 4755 6616116
1636 4717 1693 4757 666
1710 4702 1793 4759 medo
1814 4702 1899 4759 oculis

200 4793 248 4854 tes,
267 4779 482 4856 ἀγαλλιώμενοι.
521 4791 544 4840 l.
561 4784 627 4840 ioh.
648 4790 670 4851 1,
689 4801 714 4838 6.
733 4791 764 4841 a:
789 4785 871 4841 Haec
887 4787 1036 4841 scribimus
1062 4786 1120 4842 suis
1137 4785 1329 4851 intuebuntur,
1347 4784 1398 4838 aed
1417 4785 1499 4840 etiam
1519 4785 1762 4856 intimejmdem
1780 4805 1899 4846 commu·

199 4871 283 4936 66116,
304 4877 335 4923 at
353 4869 490 4938 quodiam
508 4877 630 4924 ecetram
647 4872 686 4925 ait
699 4871 834 4940 pieriam
851 4870 930 4940 11666
948 4872 1036 4942 pleni·
1061 4872 1202 4927 nicatione
1221 4870 1352 4925 ducussis
1368 4871 1479 4941 penitus
1502 4880 1678 4943 peecatorum
1696 4875 1822 4932 tenebris
1842 4877 1899 4947 ple·

199 4956 267 5012 tudo
280 4955 376 5026 gaudii
393 4955 424 5009 in
441 4954 497 5025 piis
515 4955 652 5011 duntaxat
668 4956 767 5027 incipit
784 4956 813 5011 in
831 4955 884 5011 166
901 4956 968 5026 rita,
987 4958 1036 5012 sed
1062 4958 1175 5014 nissime
1194 4956 1378 5027 perfruentur.
1417 4957 1614 5013 Secundorice
1637 4966 1665 5013 61
1681 4959 1775 5015 minoe
1788 4961 1899 5031 prioci-

200 5042 229 5096 in
246 5041 342 5096 futura
359 5039 620 5106 consummabitur).
651 5041 742 5111 116161.
761 5041 829 5096 Jud.
841 5058 871 5098 6.
889 5047 937 5099 24:
955 5045 1036 5097 Deae
1057 5043 1144 5113 pelea
1160 5060 1265 5097 666666
1288 5049 1355 5098 6661
1377 5043 1485 5116 reliqua
1508 5045 1584 5100 ritae
1602 5050 1733 5101 aeternae
1751 5046 1827 5103 bena
1842 5054 1897 5103 tent

195 5134 297 5196 potesse
305 5133 347 5180 661
358 5144 409 5180 666
422 5143 588 5182 conservare
600 5144 619 5180 6
629 5128 755 5196 peccetis
765 5136 790 5181 el
797 5135 919 5183 61616666
929 5129 959 5182 in
970 5146 1035 5183 eoa·
1061 5129 1171 5185 interna
1196 5145 1280 5199 quam
1299 5135 1426 5199 externa,
1451 5136 1509 5186 tam
1531 5130 1654 5202 corperis
1677 5148 1762 5202 quam
1781 5134 1898 5204 6616666,

199 5220 294 5281 aperta
308 5212 421 5280 plot-iae
430 5230 499 5268 6666
507 5213 742 5267 incontaminatos
749 5216 779 5269 is
786 5210 957 5285 616611ιᾶ66,
973 5231 1034 5268 6666
1060 5220 1118 5269 tam
1136 5214 1276 5285 privativa
1297 5231 1381 5286 qnam
1397 5217 1526 5288 positiva,
1547 5216 1643 5273 electis
1662 5218 1691 5272 16
1708 5218 1768 5273 6116
1785 5227 1899 5277 aeterna

199 5298 393 5352 6666166666.
412 5300 499 5368 11666.
520 5304 561 5368 16,
580 5305 650 5353 616
678 5297 863 5353 Gaudeamus
879 5306 907 5352 61
920 5299 1034 5354 waube-
1060 5299 1211 5372 aliquando
1235 5301 1411 5358 6661666616.
1446 5301 1619 5360 Gaudabunt
1644 5303 1727 5359 electi
1750 5323 1840 5375 supro
1868 5321 1898 5361 ae

199 5385 582 5455 66666666616616661,
598 5384 812 5455 qaieeeaerant
827 5385 1033 5455 nuptiaeApai.
1060 5386 1095 5442 de
1113 5387 1168 5444 Dei
1185 5387 1298 5457 6161666,
1319 5389 1397 5443 iota-e
1417 5406 1447 5444 se
1467 5388 1502 5444 de
1521 5390 1630 5445 animae
1648 5396 1677 5448 61
1695 5392 1819 5462 66666616
1837 5391 1897 5464 gle-
