4050 6014
80 364 87 371 ¹
187 340 244 399 156
829 337 1057 398 TRAUPATUS
1077 339 1243 398 TERTIUS

182 489 284 543 tionem
304 491 415 558 meant,
441 502 574 561 tanquam
593 494 724 548 videlicet
740 497 825 564 prior
842 499 938 562 staura
954 512 1018 565 per·
1045 497 1099 550 erit
1114 505 1140 549 et
1151 497 1389 551 immarcessibile.
1418 496 1496 550 ldsm
1516 495 1609 551 homil.
1621 496 1690 551 bed
1703 496 1881 552 Theodorum

182 581 228 628 cat
246 590 302 644 per
319 577 513 631 universorum
530 580 572 631 ad
594 579 779 634 illustriorem
796 590 898 635 statum
921 583 1017 636 immu·
1045 582 1128 648 dicit,
1151 583 1211 638 iore
1229 585 1371 651 quandam
1393 579 1550 653 ἀναλογίαν
1567 598 1717 654 corporum
1737 591 1763 638 et
1782 591 1882 637 cetera

182 660 322 717 tutionem.
358 662 435 717 Nam
454 662 536 718 nulla
554 665 741 719 contrarietas
759 676 799 720 est
817 669 847 721 in
858 668 1018 737 scripturis
1044 687 1107 721 rum
1127 687 1182 738 per
1205 669 1447 722 immortalitatem
1475 677 1501 721 et
1525 669 1662 736 pieriam,
1690 678 1721 722 ut
1749 662 1899 739 quemad·'

182 741 294 800 divinit.
330 749 472 803 Praeterit
491 756 563 804 enim
575 755 673 821 fiqura
692 753 778 821 hujus
797 755 897 808 mundi
919 762 944 806 et
962 772 1017 808 non
1044 756 1157 808 modum
1177 755 1237 809 illis
1251 763 1372 827 propter
1390 763 1516 809 nostrum
1529 763 1675 823 peccatum
1695 755 1836 809 seruitutis
1855 763 1881 807 et

181 834 307 888 mandris.
333 832 456 906 cyrillus
465 835 734 909 Hierosolymitanus
745 841 850 896 catech.
868 845 912 895 tb:
933 841 1017 895 Orea-
1043 843 1231 911 corruptionis
1245 843 1345 910 juqum
1359 841 1504 894 inductum
1521 843 1595 911 fuit5
1613 842 1656 894 ita
1670 841 1750 895 nobis
1762 859 1781 894 a
1794 849 1881 895 morte

180 928 225 976 tur
242 921 288 976 bic
302 926 423 977 mundus
443 942 544 978 rursus
559 926 742 980 renovabitur
758 932 809 980 etc.
830 934 860 979 ut
880 943 936 979 non
955 943 1014 979 ma·
1042 927 1172 980 liberatis
1190 927 1244 980 illa
1265 943 1375 996 quoque
1398 943 1418 979 a
1431 927 1634 994 ,corruptionis
1657 927 1787 980 molestia
1812 926 1881 980 libe·

181 1014 246 1062 neas
265 1009 439 1063 admiranda
457 1010 527 1064 baec
546 1012 646 1064 domus
659 1012 749 1080 plena
762 1011 919 1079 iniquitate
947 1012 1017 1064 Per·
1042 1015 1138 1066 rancia
1156 1019 1183 1065 et
1201 1015 1242 1066 all
1256 1013 1406 1082 pristinum
1424 1013 1603 1080 splenslorem
1629 1013 1793 1066 reducenda
1816 1012 1880 1064 sint.

180 1093 312 1148 transibit
327 1095 374 1147 bic
400 1098 531 1162 mandris,
554 1104 586 1149 ut
606 1097 757 1166 pulchrior
779 1099 947 1150 restituatur
965 1102 1016 1151 etc.
1045 1098 1165 1169 cyrillus
1185 1099 1392 1153 Alexandrinus
1408 1098 1438 1152 iu
1459 1113 1557 1154 comm.
1576 1097 1639 1151 Eis
1659 1103 1708 1154 bt:
1737 1097 1880 1152 Innovati-

181 1180 249 1234 an
276 1180 420 1234 tristemur
450 1188 584 1251 tanquam
616 1183 675 1236 soli
702 1183 863 1247 morientes,
898 1201 960 1236 cum
992 1191 1017 1236 et
1044 1202 1121 1238 onem
1140 1185 1405 1255 reparationemque
1426 1186 1467 1237 aot
1479 1183 1622 1237 meliorem
1633 1191 1736 1237 statum
1750 1185 1880 1252 apposite

181 1269 260 1319 astra
284 1265 458 1331 moriantur,
488 1269 668 1337 fortasseque
692 1286 792 1322 rursus
815 1269 1016 1323 mobebuntur.
1043 1272 1117 1325 diust
1134 1279 1251 1325 mortem
1269 1272 1475 1324 elementorum.
1510 1269 1614 1338 Itaque
1639 1269 1706 1332 sore
1726 1269 1881 1337 praedicit,

181 1350 367 1421 Oomplicabit
393 1355 485 1408 coelos
513 1356 668 1422 Dominus,
694 1373 750 1409 non
774 1363 805 1409 ut
830 1357 938 1427 perdat
964 1373 1018 1421 eos,
1043 1359 1276 1426 quenadmodum
1296 1374 1446 1426 carporum
1459 1357 1653 1427 bumanorum,
1672 1355 1880 1409 renovationem

180 1439 232 1490 sed
246 1445 276 1491 ut
294 1456 393 1492 rursrts
412 1441 542 1494 meliores
560 1441 627 1495 illos
641 1442 744 1495 meitet
771 1443 858 1504 Audi,
878 1443 1016 1511 qstomodo
1043 1460 1137 1497 rerum
1156 1451 1330 1510 arsamum,
1355 1443 1439 1511 quasi
1462 1460 1480 1495 a
1498 1443 1617 1495 mortuis
1641 1443 1879 1495 resurrectionem.

176 1522 309 1590 peribunt
328 1525 412 1594 coeli,
434 1527 554 1580 mutabis
573 1544 620 1581 eos
645 1535 676 1581 ut
699 1528 899 1581 vestimentum.
937 1527 1018 1581 Sicut
1044 1528 1171 1585 Salonius
1188 1529 1218 1583 in
1226 1527 1429 1583 Ecclesiasten:
1449 1529 1562 1583 Caelum
1581 1536 1606 1582 et
1623 1534 1702 1582 terra
1722 1528 1894 1589 transibunt¹

176 1610 303 1676 perditio
324 1611 445 1666 bominis
464 1613 584 1681 dicitur,
605 1622 637 1667 ut
662 1621 756 1666 tamen
778 1613 947 1667 resurrectio
972 1630 1016 1666 sn·
1039 1632 1093 1684 per
1117 1616 1339 1669 meliorationem
1363 1616 1416 1668 scd
1440 1632 1497 1669 non
1521 1631 1576 1682 per
1601 1615 1784 1682 ablationem,
1811 1616 1879 1683 quia

179 1702 326 1764 spectetur,
355 1698 441 1751 sicet
462 1699 601 1753 coelorum
620 1699 852 1754 resurrectionem
875 1707 1014 1769 suspecta·
1042 1702 1107 1770 ipns
1120 1702 1231 1770 judicii
1244 1709 1373 1769 purpata
1391 1701 1625 1770 meliorabuntur,
1645 1702 1778 1769 quoniam
1797 1718 1879 1756 reno-

180 1798 246 1836 mus.
273 1781 460 1854 Hieronymus
480 1786 508 1839 in
527 1802 550 1840 c.
566 1792 608 1844 bl.
630 1785 707 1840 Ena:
726 1787 857 1840 Perditis
875 1786 1015 1840 coelorum
1041 1788 1192 1856 rabuntur,
1225 1789 1276 1842 sed
1305 1805 1361 1840 non
1386 1789 1503 1856 penitm
1531 1788 1719 1840 decimantur.
1758 1788 1878 1840 Tantum

180 1884 234 1921 non
252 1868 396 1922 interitum
413 1881 504 1939 sonat,
522 1873 574 1926 sed
593 1873 773 1925 mutationem
791 1873 821 1924 in
843 1872 942 1925 melius
962 1878 1013 1925 etc.
1042 1876 1144 1944 quippe
1162 1873 1275 1928 ardebit
1294 1891 1405 1927 surmm
1424 1882 1451 1926 et
1470 1879 1551 1926 terra
1574 1874 1719 1940 deorsum,
1746 1881 1878 1942 quantum

181 1952 216 2006 Si
232 1953 338 2008 caelum
356 1964 382 2009 ct
402 1964 477 2009 terra
494 1957 626 2024 peribunt
646 1966 730 2026 atque
747 1967 931 2025 veterascent,
959 1975 1015 2026 quc
1041 1959 1152 2012 malitia
1176 1959 1317 2013 bominum
1343 1960 1427 2013 simvl
1454 1967 1480 2012 et
1504 1961 1669 2013 daemonum
1700 1959 1881 2028 coinquinari

176 2023 375 2110 'consequentia
394 2043 566 2096 institutores
591 2043 652 2112 ejus
676 2045 748 2095 sicut
772 2044 828 2096 ista
853 2044 1014 2112 morientur,
1037 2047 1138 2113 potuit.
1164 2044 1328 2100 Gennadius
1347 2044 1528 2099 Massiliensis
1549 2043 1596 2098 lib.
1618 2044 1654 2098 de
1671 2043 1767 2098 eccles¹
1785 2044 1878 2116 dogm.

178 2143 240 2179 cum
257 2129 368 2180 animas
387 2144 445 2182 esse
460 2136 616 2199 perpetuas
635 2138 660 2183 et
680 2137 875 2183 resurrectura
892 2147 1013 2199 corpora
1041 2147 1064 2184 c.
1085 2136 1133 2187 69:
1158 2132 1315 2201 Elementa,
1334 2133 1367 2184 id
1386 2139 1427 2186 est
1443 2131 1550 2185 ccelrrm
1568 2137 1595 2183 et
1613 2138 1726 2195 terram,
1745 2148 1802 2184 non
1819 2147 1878 2184 cre·

177 2213 356 2267 noverimus!
386 2215 433 2267 En
450 2231 505 2282 quo
522 2216 703 2286 perspicuum
722 2223 769 2278 est,
789 2215 896 2294 coelum
914 2224 941 2269 et
960 2223 1014 2269 ter·
1041 2219 1141 2272 damus
1159 2217 1299 2270 molendo
1325 2234 1376 2287 per
1393 2218 1499 2285 ipnem,
1525 2216 1577 2268 secl
1594 2215 1623 2267 in
1641 2216 1741 2269 melius
1759 2233 1878 2270 commu·

179 2314 243 2351 ram
255 2315 312 2351 non
326 2300 433 2368 perere,
452 2302 505 2353 sed
522 2301 552 2353 in
570 2301 670 2354 mouns
690 2302 864 2357 commutari.
882 2301 912 2354 in
930 2318 953 2355 c.
972 2305 1013 2356 65.
1039 2305 1137 2367 tanda,
1155 2304 1278 2372 liquram
1297 2319 1404 2372 quoque
1423 2303 1531 2370 mundi,
1550 2303 1584 2356 id
1601 2310 1641 2354 est
1652 2303 1803 2369 imaqinem
1814 2303 1876 2355 sub·

178 2381 256 2439 liae-t
287 2386 334 2439 En
352 2385 413 2438 loco
431 2386 537 2443 Psalm.
560 2389 622 2450 102,
642 2405 666 2438 v.
686 2389 728 2443 21'.
750 2387 824 2440 coeli
840 2389 913 2440 sicut
933 2389 1014 2441 oesti-
1038 2391 1167 2458 stantiae,
1181 2391 1375 2443 transituram.
1403 2387 1531 2442 Andreas
1542 2385 1768 2442 Caesariensisiu
1779 2405 1876 2444 comm,

178 2477 299 2524 mentm
316 2479 498 2541 mterascent,
524 2475 676 2542 perspicus
700 2477 926 2540 demonstratur,
947 2490 1014 2544 per·
1039 2492 1061 2532 c.
1080 2480 1104 2530 6.
1124 2478 1225 2545 Apes:
1266 2475 1380 2530 Caelum
1403 2475 1516 2528 recessit
1543 2475 1614 2527 rictu
1634 2474 1707 2528 liber
1725 2475 1876 2528 involutus.

93 2552 94 2557 ’
179 2556 312 2612 ditium
337 2564 362 2610 et
384 2558 524 2612 interitum
544 2577 601 2614 non
623 2561 803 2615 abolitionem
834 2561 865 2613 in
894 2561 1012 2614 nibilum
1038 2561 1097 2614 Per
1113 2561 1164 2614 boc
1180 2562 1367 2630 siqnificatvr,
1385 2562 1492 2615 coelum
1509 2578 1565 2614 non
1581 2560 1738 2614 subiturum
1752 2560 1877 2628 aliquem

177 2644 230 2697 sed
247 2645 487 2699 commutationem
506 2664 606 2700 sonore
628 2649 658 2700 in
676 2646 785 2703 melius.
821 2649 919 2716 Neque
939 2647 1012 2700 enim
1038 2648 1180 2700 interitum
1199 2656 1248 2700 aut
1266 2648 1445 2701 abolitionem
1465 2648 1517 2700 sed
1532 2653 1639 2699 tantum
1668 2648 1813 2714 quandam
1835 2647 1876 2700 in-

177 2727 261 2792 iilud,
277 2732 357 2799 quod
372 2731 431 2784 alio
449 2731 481 2784 in
496 2731 559 2786 loca
576 2733 711 2803 scriptum
729 2741 786 2786 cst:
817 2734 899 2786 Luna
914 2734 1011 2802 fulqe·
1036 2733 1204 2786 volutionem
1225 2741 1250 2786 et
1270 2734 1312 2785 ael
1319 2732 1463 2786 meliorem
1477 2739 1578 2785 statum
1597 2733 1783 2785 mutationem.
1808 2731 1876 2786 Gre-

177 2814 217 2868 bit
232 2823 264 2868 ut
282 2816 340 2881 sol,
366 2826 393 2870 et
409 2818 453 2872 sol
471 2818 630 2887 septuplum
647 2819 740 2873 lumen
758 2819 894 2887 accipiet,
914 2820 1011 2873 interi·
1036 2819 1131 2890 gorius
1152 2819 1271 2890 Magnus
1295 2817 1343 2872 lib.
1365 2824 1404 2874 17.
1432 2818 1577 2873 moralium
1601 2834 1625 2872 c.
1645 2823 1660 2872 7
1671 2836 1678 2869 :
1714 2817 1828 2873 Cbslum
1850 2827 1876 2870 et

177 2907 234 2954 tum
256 2902 399 2972 siqnificat
424 2901 612 2973 pristinorum
636 2906 688 2959 secl
712 2907 954 2958 commutationem
980 2907 1010 2958 in
1035 2914 1115 2959 terra
1130 2921 1186 2974 per
1205 2922 1274 2969 eam,
1293 2923 1378 2975 quam
1397 2921 1470 2957 nunc
1490 2905 1599 2971 babent,
1616 2903 1769 2972 imaqinem
1781 2911 1872 2957 mans·

177 2987 283 3042 melius.
309 2988 393 3050 Quot
408 2997 440 3044 ut
455 2993 548 3059 possit
568 2992 699 3061 intelliqi,
715 3001 828 3046 nostrae
839 2992 1009 3047 conditionis
1036 2999 1109 3059 eunt,
1134 2992 1186 3044 sed
1202 2998 1295 3044 tamen
1313 3007 1369 3060 per
1388 2990 1538 3044 essentiam
1561 2990 1621 3043 sins
1639 2991 1700 3057 fine
1725 2990 1876 3043 mtbsmunt

173 3089 313 3142 ponamus
337 3077 472 3146 enempla.
516 3078 623 3141 Infans
650 3079 722 3132 enim
748 3097 809 3132 eum
836 3080 866 3132 in
889 3095 1009 3147 prtcrnm
1035 3082 1086 3130 eta.
1132 3075 1247 3131 Caelum
1274 3085 1300 3130 et
1324 3085 1405 3130 terra
1436 3093 1493 3128 non
1521 3075 1583 3130 alia
1617 3077 1767 3129 condenda
1803 3085 1875 3138 sunt,

177 3161 294 3214 moverit
312 3169 338 3214 ct
357 3179 432 3231 puer
449 3164 480 3216 in
493 3164 626 3232 juvenem
646 3172 672 3217 et
691 3164 808 3234 juvenis
825 3165 856 3217 in
874 3166 966 3218 virum
983 3170 1010 3217 et
1034 3164 1086 3216 sed
1102 3163 1171 3216 baec
1191 3163 1257 3231 ipsa
1282 3164 1455 3216 renovanda.
1494 3162 1609 3216 Caelum
1635 3162 1723 3228 ipitur
1751 3169 1776 3214 et
1795 3167 1876 3214 terra

175 3246 219 3301 vir
239 3248 379 3317 insenem,
399 3267 646 3321 nequaquampsr
660 3253 789 3320 sinqulas
803 3259 908 3306 aetates
923 3251 1009 3320 perit.
1034 3249 1139 3301 transit
1159 3255 1185 3300 et
1202 3248 1269 3311 erit,
1294 3248 1362 3316 quia
1384 3255 1410 3300 et
1434 3249 1470 3300 ab
1499 3263 1546 3316 ca,
1578 3263 1663 3316 quam
1687 3264 1760 3300 nunc
1784 3247 1875 3313 babet,

175 3333 256 3389 Idem
272 3336 345 3389 enim
365 3345 414 3406 cst,
433 3338 483 3406 qui
497 3339 582 3407 prius
599 3339 667 3407 fuit,
687 3340 740 3393 scel
754 3339 897 3407 paulatim
910 3338 1009 3391 immu·
1035 3336 1129 3404 specie
1144 3349 1200 3403 per
1219 3334 1313 3402 iqnem
1331 3334 1450 3401 terpitur
1470 3341 1496 3387 ct
1520 3342 1612 3387 tamen
1633 3333 1665 3384 in
1688 3350 1741 3386 sua
1765 3348 1874 3402 semper

174 3427 251 3474 tatur
270 3429 296 3474 et
312 3423 401 3477 aetati
415 3424 558 3492 pristinae
576 3424 694 3495 periisse
714 3425 828 3478 dicitur.
867 3424 951 3486 Quod
967 3424 1009 3477 in·
1037 3428 1140 3474 natma
1158 3429 1294 3474 sumatur.
1320 3418 1476 3475 Cononitae
1493 3419 1522 3473 in
1536 3418 1631 3473 seculo
1644 3417 1762 3488 septimo
1778 3420 1876 3472 mundi

71 3516 114 3557 xx.
126 3516 160 3558 ba.
174 3505 302 3575 telliqens
321 3516 349 3561 ct
366 3509 477 3562 Paulus
495 3509 641 3578 apostolus
660 3510 842 3577 loquebatur:
869 3509 1011 3563 Praeterit
1037 3508 1206 3560 creationem
1226 3506 1338 3574 quidem
1354 3507 1508 3558 secundum
1529 3505 1676 3558 materiam
1697 3510 1722 3557 et
1738 3506 1872 3571 formam,

118 3616 126 3630 ·
175 3592 246 3646 enim
260 3595 360 3662 fiqura
378 3595 463 3664 bajus
480 3596 587 3650 mundi.
623 3593 849 3663 Consideremus,
877 3596 948 3664 quid
966 3595 1009 3649 ‹ii-
1037 3591 1179 3646 interitum
1214 3598 1306 3644 autem
1341 3592 1495 3645 secundum
1531 3592 1658 3655 formam
1697 3590 1873 3644 solummodo

175 3677 262 3748 serit,
282 3680 375 3747 fiqura
388 3682 545 3749 praeterit,
568 3698 624 3734 non
642 3682 807 3736 substantia.
844 3683 907 3735 Hoc
935 3683 1010 3734 idem
1036 3678 1235 3735 concedebant„
1262 3677 1412 3733 Centurise
1431 3675 1688 3748 Magdeburgsnses
1707 3680 1732 3732 t.
1750 3674 1803 3730 col.
1816 3680 1873 3732 124,

174 3765 318 3834 siqnifisat
335 3776 362 3820 st
380 3769 498 3821 Petrus:
517 3771 617 3822 Novas
637 3769 730 3822 coelos
746 3777 772 3823 st
792 3786 892 3822 novam
905 3777 1009 3822 temam
1036 3765 1159 3820 Isidorus
1177 3763 1354 3834 Hispalensis
1381 3762 1429 3818 lib.
1456 3763 1491 3817 de
1509 3763 1597 3817 doctr.
1620 3768 1649 3816 et
1668 3761 1723 3815 fide
1746 3776 1805 3830 esp.
1826 3765 1874 3817 bb:

174 3851 336 3908 videbimus.
362 3856 428 3907 Non
449 3855 529 3922 disat
551 3854 626 3906 alios
645 3855 738 3908 coelos
759 3862 786 3907 ct
804 3854 1010 3908 aliamterram
1036 3852 1199 3914 Elementa,
1226 3851 1316 3905 idest
1336 3851 1489 3905 coctumst
1507 3857 1626 3915 terram,
1652 3866 1708 3901 uon
1727 3848 1874 3901 credamus

174 3939 344 4004 videbimus,
370 3942 423 3993 scd
441 3949 546 3994 veteres
566 3949 593 3994 et
611 3942 740 4008 antiquos
765 3940 795 3992 in
814 3940 914 3994 melius
939 3958 1010 3993 com·
1037 3939 1178 3993 abolenrla
1198 3955 1255 4005 per
1277 3937 1387 4006 iquem,
1411 3938 1465 3990 sed
1488 3935 1518 3988 in
1544 3934 1643 3988 melius
1668 3936 1874 3998 commutando,

175 4033 303 4079 mutatos.
328 4026 502 4098 Augustinus
521 4027 568 4082 lib.
586 4033 626 4082 20.
647 4027 682 4081 de
697 4026 749 4081 civ.
768 4025 821 4079 Dei
835 4043 859 4079 c.
880 4033 922 4082 tl:
942 4028 1010 4079 Pcr-
1036 4028 1157 4093 fiqrrram
1178 4032 1271 4078 autem
1291 4024 1401 4085 mnndi,
1430 4023 1464 4075 ist
1490 4028 1530 4075 est
1553 4021 1704 4088 imaqincm
1730 4036 1787 4072 non
1810 4020 1872 4071 sub·

175 4107 250 4166 acto'
261 4113 376 4181 judicio
408 4114 516 4166 sissinet
545 4114 596 4167 boc
627 4113 734 4165 coelum
765 4120 791 4164 et
821 4112 891 4165 baec
923 4121 1010 4181 terra,
1036 4113 1183 4177 stantiam,
1210 4111 1401 4163 transituram.
1439 4107 1568 4164 Julianus
1594 4105 1748 4161 Toletanus
1773 4103 1822 4159 lib.
1847 4110 1872 4159 3.

175 4200 289 4267 wado
309 4199 427 4268 incipiet
445 4217 505 4253 esse
520 4200 627 4253 coelum
652 4216 752 4252 novum
778 4206 802 4249 et
826 4206 902 4251 terra
928 4216 1008 4252 inova.
1035 4201 1178 4268 pragnesi.
1204 4212 1228 4249 c.
1249 4200 1296 4249 46:
1324 4193 1484 4248 Mutationis
1505 4211 1599 4246 rerum
1628 4210 1684 4245 non
1712 4191 1873 4245 omnimodo

176 4285 334 4339 Mutationc
360 4303 479 4353 namque
504 4302 598 4338 rerum
625 4303 682 4337 non
708 4284 867 4337 omnimodo
896 4285 1010 4338 interitu
1037 4284 1152 4336 interitu
1169 4282 1300 4336 transibit
1318 4280 1364 4333 bic
1381 4281 1502 4332 mundus
1520 4285 1573 4333 etc.
1609 4278 1689 4333 Beda
1706 4278 1735 4332 in
1754 4283 1779 4334 2.
1796 4276 1872 4331 Patr.

172 4371 304 4424 transibit
313 4371 359 4424 bic
368 4373 496 4436 mundus,
514 4373 588 4424 unde
600 4370 780 4438 etapostolus
794 4368 850 4422 ait:
867 4371 1010 4423 Praeterit
1036 4375 1066 4426 3:
1095 4369 1206 4423 Ocelum
1235 4374 1261 4420 et
1283 4375 1363 4420 terra
1386 4373 1530 4418 consumta
1550 4382 1605 4434 per
1626 4365 1718 4432 iqnem
1743 4383 1807 4418 moa
1825 4365 1872 4418 ab·

77 4507 80 4512 .
171 4456 268 4525 tipura
288 4457 373 4525 bujus
390 4459 572 4524 mundinae
589 4464 703 4512 nmero.
740 4472 763 4509 c.
785 4461 827 4511 16:
861 4455 922 4510 llla
946 4474 1009 4511 con-
1035 4462 1113 4508 eunte
1137 4455 1201 4523 ique
1227 4454 1380 4517 qratiorem
1403 4459 1541 4505 resument
1566 4453 1693 4519 speciem.
1728 4452 1977 4509 Praeteritum.

168 4543 344 4612 tlaqratione
375 4544 521 4596 mundana
552 4543 748 4596 elementorum
781 4543 1008 4611 corruptibilium
1036 4542 1108 4594 enim
1132 4541 1225 4607 yiqura
1245 4540 1330 4607 bajus
1350 4538 1463 4603 mundi,
1490 4555 1546 4590 non
1562 4537 1735 4605 substantia,
1758 4539 1831 4593 sicut
1850 4549 1876 4593 et

131 4660 136 4669 ·
174 4630 339 4698 qualitates,
369 4647 440 4698 quoe
462 4631 627 4700 corporibus
652 4637 755 4684 nostris
779 4630 1009 4697 corruptibilibus
1035 4626 1130 4680 carnis
1148 4633 1261 4678 nostrae
1279 4641 1336 4677 non
1353 4623 1509 4677 substantia
1524 4623 1616 4693 perit,
1641 4625 1694 4677 sed
1711 4626 1807 4693 siqua
1826 4627 1875 4678 im·

173 4716 368 4784 conqrstebant,
389 4717 518 4769 ardendo
534 4717 646 4785 penitus
663 4717 823 4783 interibunt,
842 4724 924 4785 atque
945 4716 1009 4783 ipsa
1035 4713 1196 4778 minabitur,
1218 4712 1332 4778 quando
1353 4711 1430 4778 quod
1446 4710 1600 4761 seminatur
1624 4726 1726 4777 corpus
1742 4711 1876 4777 animale,

174 4802 331 4856 substantia
349 4819 399 4855 eas
417 4803 568 4870 qualuates
594 4802 716 4864 babebit,
744 4820 816 4871 qrsae
842 4802 1009 4869 corporibus
1035 4805 1160 4865 resurqet
1178 4796 1339 4867 spirituale.
1376 4795 1566 4849 Damascenus
1584 4793 1632 4851 lib.
1655 4801 1679 4850 2.
1698 4794 1808 4851 orthod.
1826 4796 1874 4854 fid.

173 4887 378 4942 immortalibus
395 4889 521 4942 mirabili
536 4891 689 4943 mutatione
706 4889 885 4955 conveniant,
909 4896 939 4940 ut
955 4888 1008 4939 sci·
1034 4901 1056 4937 c.
1067 4888 1091 4938 b.
1101 4881 1245 4936 vinealia:
1266 4880 1299 4936 οὐ
1312 4884 1456 4943 παντελῶς
1481 4879 1727 4956 ἆφανισθὴσονιαι
1746 4886 1775 4938 oi
1786 4879 1872 4954 niqu-

173 4973 238 5027 licet
256 4978 377 5028 mundus
394 4975 424 5028 in
444 4976 543 5029 melius
559 4976 708 5028 innovatus
728 4982 794 5042 apte
817 4976 1006 5026 accontmodc·
1033 4976 1092 5035 vot,
1116 4988 1172 5023 riou
1187 4971 1300 5038 penitus
1318 4970 1517 5040 disparebunt,
1540 4986 1605 5022 nam
1622 4978 1793 5023 veterascent
1811 4971 1871 5038 qui-

173 5065 221 5112 tur
249 5060 406 5115 bominibus
435 5062 519 5114 etiam
549 5078 635 5114 carne
668 5059 698 5111 in
729 5059 828 5112 melius
860 5059 1007 5112 innovatis.
1035 5057 1097 5109 dem
1116 5064 1142 5109 et
1160 5062 1230 5109 vellet
1253 5056 1371 5110 amictus
1399 5056 1574 5111 involventur
1597 5063 1623 5109 et
1647 5054 1871 5124 immutabuntur,

174 5161 234 5214 cap.
253 5150 299 5201 tt:
322 5146 401 5201 Coeli
419 5147 617 5215 intelliquntur
632 5144 758 5212 perituri
775 5144 863 5197 salvis
881 5145 943 5197 illis
962 5162 1007 5197 su·
1034 5150 1060 5194 et
1079 5143 1133 5195 erit
1161 5143 1267 5196 coelum
1292 5161 1391 5196 novum
1422 5153 1448 5197 et
1476 5152 1553 5196 terra
1581 5159 1663 5196 nova.
1698 5142 1872 5214 Nicephorus

173 5232 333 5300 perioribus
352 5242 379 5286 st
395 5234 425 5285 in
442 5250 495 5286 sua
513 5231 673 5297 inteqritatc
692 5228 875 5297 manentibus,
894 5232 922 5283 in
941 5248 1008 5299 quo·
1033 5226 1082 5283 lib.
1103 5233 1143 5284 18.
1163 5228 1225 5282 hist.
1247 5230 1314 5287 eccl.
1333 5245 1356 5283 c.
1376 5235 1416 5284 st.
1435 5226 1593 5284 iohannem
1611 5227 1798 5300 Philoponum
1816 5229 1871 5287 hoc

174 5334 238 5371 rum
256 5320 431 5382 firmamento
448 5325 512 5369 sunt
529 5318 629 5368 sidera
648 5315 805 5369 constituta.
841 5314 1006 5386 chrysosto-
1035 5316 1146 5372 nomine
1164 5322 1256 5384 taxat,
1283 5318 1361 5384 quod
1379 5316 1511 5369 statuerit
1532 5315 1796 5370 consummationem
1814 5317 1871 5372 sive

174 5419 235 5458 utus
254 5404 348 5460 homil.
370 5409 409 5460 tv.
428 5403 464 5456 ed
482 5403 576 5472 popul.
595 5401 741 5456 Antiana:
770 5401 838 5456 Cum
850 5420 1008 5458 resurrecc-
1034 5403 1177 5455 interitum
1206 5401 1328 5456 visibilis
1354 5401 1439 5469 bujvs
1469 5401 1569 5455 mundi
1597 5418 1632 5455 ac
1664 5420 1777 5456 rursum
1806 5405 1874 5458 novi

173 5490 262 5544 rimus
283 5498 309 5542 st
332 5491 498 5558 iricomuptc
521 5488 702 5543 annuerimus
728 5506 862 5558 corpora,
889 5497 953 5543 tunc
982 5497 1008 5542 et
1034 5489 1133 5542 mundi
1148 5487 1318 5540 creationem
1339 5486 1475 5551 curram,
1500 5493 1529 5541 et
1553 5486 1618 5543 huic
1635 5487 1787 5559 Philoponi
1809 5508 1870 5547 sen-

173 5576 247 5632 cosli
262 5593 365 5646 carpta
385 5582 411 5630 st
428 5581 523 5631 ιινταο
542 5580 570 5629 ct
586 5573 687 5631 mundi
704 5575 791 5630 tatius
813 5575 1008 5645 incorruptiva
1034 5573 1140 5631 tentiae
1159 5572 1392 5644 opponitdagtua
1404 5571 1535 5638 cononis,
1554 5572 1603 5644 qui
1614 5575 1714 5629 mundi
1726 5576 1871 5632 intsrt'tum
