4050 6014
253 361 313 418 232
900 346 1128 404 TRAC'I'ATUS
1147 345 1315 414 QUINTUS

253 525 356 578 poenas
373 523 437 561 snas
456 507 622 575 persolvent,
641 505 735 559 itidem
758 504 786 558 in
806 505 945 559 creatione
965 512 1007 558 est
1026 522 1087 574 pro·
1114 503 1238 573 ejusdem
1268 504 1384 570 veritas,
1416 519 1557 572 egressum
1588 502 1660 557 enirn
1686 519 1720 557 ex
1745 518 1794 557 ore
1811 500 1873 569 ejus
1892 508 1955 556 erat

253 595 373 648 ductum.
411 593 453 644 Ad
473 592 544 645 hane
569 590 669 644 inferni
697 590 863 644 creationem
887 591 945 644 sive
970 592 1087 644 structu·
1114 590 1236 657 verbum,
1266 607 1429 658 qnaeranne
1457 590 1503 642 die
1530 605 1562 642 aa
1590 591 1644 642 hae
1663 590 1767 643 artare
1785 590 1954 651 comederis,

253 697 310 734 ram
331 678 532 733 accommodari
559 685 650 747 posset
680 694 730 747 per
761 678 900 747 quandam
932 675 1088 748 ἀναλογίαν
1115 683 1201 728 morte
1222 675 1366 738 mes-ierim·
1385 693 1470 727 carcaa
1487 670 1889 748 eatemoracnpoaarapauasi
1911 675 1953 729 iti-

252 766 355 819 dictnm
384 764 575 835 propheticum
605 763 667 819 Esa.
686 770 727 829 lt,
754 781 777 818 v.
798 769 826 817 7:
860 764 922 832 Ego
952 761 1176 841 Donss'nnsldsm
1204 768 1246 815 cst
1274 766 1417 815 creaturae
1443 760 1585 814 rationalis
1608 759 1644 814 ad
1673 759 1863 815 obedientiam
1890 759 1954 815 Deo

136 868 178 909 xx.
195 868 238 908 rsa.
253 860 279 904 et
298 869 353 905 non
370 859 409 904 est
423 851 504 916 alter,
524 851 654 910 sarsinas
670 850 767 916 harem,
789 849 815 902 id
836 857 878 903 est
895 851 1002 904 coelum
1020 847 1087 903 luci·
1100 847 1102 914 l
1114 848 1230 902 creatori
1249 847 1397 902 obstrictae
1416 846 1564 916 apostasia,
1591 847 1613 899 si
1631 846 1704 901 eninr
1722 845 1829 916 absque
1851 863 1888 900 ea
1912 863 1953 902 es·

252 938 326 1002 dum,
346 955 381 990 ao
401 935 541 1002 tenebrae,
567 935 594 988 id
615 940 657 988 est
675 935 879 990 tenebricosum
905 941 933 989 et
957 934 1088 1006 caligino-
1100 928 1102 1012 l
1114 939 1163 1001 set,
1185 950 1235 988 nec
1254 933 1377 988 infernus
1399 939 1481 1001 esset,
1497 949 1531 987 ac
1551 933 1667 1002 proinde
1684 932 1856 1002 apostasiam
1875 932 1953 988 illam

253 1040 314 1078 eum
332 1023 475 1078 infernum.
509 1021 746 1087 Quemadmodum
766 1021 838 1075 enim
854 1038 900 1074 rex
920 1022 1021 1093 aliquis
1034 1029 1087 1075 ter·
1111 1021 1270 1088 propriam,
1295 1022 1486 1089 armamentum
1506 1027 1532 1072 et
1550 1019 1740 1073 imnseds'atam
1758 1018 1859 1072 inferni
1886 1035 1953 1074 cau-

254 1127 335 1164 renns
358 1110 385 1162 in
406 1108 484 1178 regia
508 1122 558 1161 sua
583 1124 637 1160 uon
662 1107 750 1160 solum
776 1108 893 1161 exstruit
917 1108 1089 1177 amplissima
1113 1122 1172 1158 sam
1192 1105 1317 1158 diximus.
1355 1105 1410 1160 Sed
1429 1112 1526 1159 eontra
1544 1104 1616 1160 hane
1634 1104 1813 1159 assertionem
1833 1104 1951 1160 trinob-

254 1203 283 1251 et
302 1194 473 1249 lucidissima
491 1191 604 1262 palatia,
625 1193 653 1245 in
674 1208 745 1261 quae
763 1191 888 1259 hospites
901 1199 928 1246 et
941 1192 1088 1246 filiossuos
1115 1192 1184 1245 verti
1208 1196 1332 1259 possunt.
1370 1197 1392 1246 l.
1426 1191 1459 1244 Si
1490 1193 1568 1244 Dens
1598 1192 1635 1244 ab
1664 1199 1777 1245 aeterno
1810 1191 1957 1259 infernum

253 1280 417 1345 introducit,
442 1278 490 1332 sed
510 1278 592 1331 etiam
611 1284 712 1331 tetrum
740 1283 768 1331 ct
790 1277 931 1331 horridum
953 1278 1312 1344 carcerempraeparavs't,
1334 1294 1421 1330 carna
1435 1278 1496 1345 ejas
1513 1279 1646 1347 propria,
1675 1279 1839 1345 adaequata
1857 1286 1886 1331 et
1905 1278 1956 1331 s'm·

253 1368 282 1421 in
301 1365 407 1436 cryptis
426 1371 516 1418 terrae
536 1364 662 1426 exstruit,
687 1362 714 1417 in
739 1379 820 1433 quern
839 1379 933 1417 servos
949 1369 977 1416 et
994 1340 1239 1429 subdi-'mediata
1258 1380 1313 1416 non
1331 1370 1423 1431 potest
1449 1380 1506 1416 esse
1530 1371 1680 1416 creaturae
1703 1364 1859 1418 rationalis
1886 1380 1963 1431 eapro-v

254 1459 297 1507 tos
315 1450 505 1505 inobedientes
526 1449 689 1512 concludat3
708 1448 749 1502 sic
766 1448 894 1502 coelestis
915 1465 962 1502 rex
977 1466 1088 1504 nonso·
1114 1449 1216 1514 stasia,
1252 1465 1286 1501 ea
1315 1449 1386 1501 enim
1416 1449 1446 1501 s'n
1470 1457 1593 1516 tempore
1620 1449 1743 1525 contips't.
1790 1448 1953 1517 Responde-

254 1540 309 1593 lum
328 1537 528 1590 lucidissimum
545 1552 577 1589 ac
597 1534 849 1604 splendidissimum
871 1534 941 1588 coeli
954 1535 1089 1604 palatium
1116 1550 1188 1586 mus:
1228 1534 1285 1588 Deo
1304 1541 1399 1601 utpote
1419 1534 1551 1588 omniscio
1566 1536 1625 1603 jam
1645 1534 1710 1588 inde
1727 1533 1763 1587 ab
1782 1535 1882 1589 ultima
1905 1551 2007 1592 eeu.

176 1657 178 1661 ι
255 1623 459 1688 exaedificavit,
488 1623 515 1675 in
536 1621 609 1692 quod
631 1621 745 1675 dilectos
763 1638 828 1674 suos
847 1620 918 1674 tilios
938 1619 1088 1691 aliquando
1115 1620 1243 1674 temitate
1261 1620 1393 1688 constitit,
1421 1620 1563 1674 diabolum
1584 1627 1611 1672 et
1632 1620 1768 1675 hominem
1788 1622 1816 1675 in
1835 1628 1954 1690 peccata

254 1710 384 1780 recipiet,
416 1707 565 1762 sedetiam
582 1706 764 1776 caliginosum
785 1707 919 1760 exstruxit
943 1706 1088 1773 infernum,
1115 1705 1306 1774 prolapsuros,
1330 1705 1392 1758 ideo
1422 1705 1505 1759 etiam
1531 1722 1580 1773 pro
1599 1707 1851 1777 transgressoribus
1870 1706 1954 1761 inier-

257 1797 284 1849 in
306 1812 388 1866 quern
407 1794 539 1865 fugitivos
560 1800 587 1847 ct
607 1791 795 1848 inobedientes
813 1808 905 1846 servos
924 1793 1088 1863 praecipites
1115 1807 1180 1844 num
1207 1790 1396 1859 praeparavit,
1425 1790 1440 1844 i.
1468 1807 1491 1844 e.
1518 1789 1658 1845 decretum
1687 1792 1890 1861 reprobationis
1917 1794 1952 1847 de

256 1881 343 1935 dabit.
379 1879 453 1944 Quin
472 1877 629 1947 etquidem
648 1894 680 1929 eo
700 1893 787 1946 usque
806 1878 1033 1947 progrediuntur,
1059 1885 1089 1931 ut
1115 1876 1279 1929 damnandis
1298 1876 1405 1946 angelis
1429 1876 1506 1930 malis
1531 1883 1563 1941 ct,
1581 1875 1738 1930 hominibus
1762 1877 1790 1931 in
1817 1877 1951 1947 impoeni-

257 1967 343 2029 diem,
367 1981 422 2036 qno
440 1964 564 2017 infernus
582 1967 691 2017 oreatus
705 1968 756 2025 est,
782 1962 965 2016 determinare
988 1965 1088 2020 ausint.
1115 1961 1202 2015 tentia
1218 1968 1246 2014 et
1266 1961 1458 2015 incredulitate
1475 1962 1512 2016 ad
1529 1961 1613 2017 finem
1640 1979 1727 2033 usque
1750 1965 1951 2031 perseveranti·

256 2051 380 2105 Robla'ni
396 2067 428 2104 ex
448 2049 538 2104 verbis
559 2047 623 2102 lisa.
636 2051 677 2111 30,
698 2064 723 2103 v.
739 2052 780 2101 3³.
797 2057 976 2117 praeparata
997 2058 1036 2101 est
1054 2051 1089 2101 ab
1115 2047 1167 2101 bus
1185 2048 1220 2099 ab
1238 2053 1350 2101 aeterno
1368 2047 1442 2101 fecit.
1479 2047 1507 2101 Si
1532 2053 1561 2101 et
1589 2046 1681 2117 angeli
1709 2054 1738 2102 et
1765 2048 1892 2103 hemines
1925 2051 1952 2104 in

254 2139 317 2191 heri
334 2137 484 2207 colligunt,
507 2151 649 2188 carcerem
668 2135 875 2199 damnatorum,
901 2133 935 2189 de
953 2153 1009 2204 quo
1028 2153 1088 2206 pro·
1115 2141 1260 2187 concreata
1289 2150 1340 2187 sua
1376 2134 1536 2203 integritate
1568 2134 1765 2203 perstitissent,
1800 2135 1829 2190 id
1860 2136 1952 2207 ipsum

255 2225 339 2293 pheta
360 2222 398 2276 ibi
416 2221 546 2292 loquitur,
564 2228 689 2274 creatam
701 2219 798 2287 fnisse
812 2221 859 2272 elie
873 2223 1002 2289 seeundo,
1021 2223 1089 2290 prtia
1114 2220 1198 2273 etiam
1218 2219 1277 2274 Deo
1296 2237 1352 2273 nou
1368 2220 1465 2274 fuisset
1492 2220 1631 2291 ignotum,
1658 2221 1774 2290 proinde
1799 2223 1885 2278 etiarn
1912 2224 1952 2278 in·

255 2311 317 2363 diss
339 2307 394 2361 illa
419 2315 525 2360 manen
552 2306 647 2359 habnit
672 2305 748 2373 heri,
777 2306 810 2358 id
837 2313 878 2358 eat
904 2324 988 2360 anans
1015 2310 1090 2361 diem
1115 2305 1223 2359 fernum
1241 2322 1296 2359 uon
1313 2312 1513 2375 praeparasset.
1534 2312 1557 2361 2.
1579 2307 1675 2359 Posito
1693 2315 1845 2361 creatas-ae
1864 2310 1952 2362 ratio·

254 2395 393 2465 priorem·
413 2393 461 2446 sed
480 2391 551 2446 scire
568 2390 696 2454 debeant,
716 2390 777 2444 heri
796 2391 824 2444 in
838 2390 988 2461 Scripturis
1005 2393 1090 2447 sacris
1116 2392 1192 2445 natis
1211 2396 1358 2460 apostasia
1375 2410 1431 2444 non
1450 2393 1565 2460 panitur
1592 2393 1689 2446 statim
1712 2393 1857 2462 infernas,
1885 2397 1952 2464 qnia

256 2479 399 2535 indefinite
418 2494 467 2548 pro
487 2483 610 2547 tempore
629 2475 809 2530 antecedente
829 2476 911 2530 ctiam
933 2478 1091 2548 longissime
1113 2477 1203 2544 primi
1216 2486 1349 2544 parentes
1366 2486 1431 2545 post
1448 2478 1622 2531 commissam
1642 2485 1789 2547 peccatam
1814 2497 1872 2535 aon
1897 2489 1952 2534 sta·

256 2565 385 2631 distante,
415 2563 540 2632 adeoque
558 2578 608 2631 pro
629 2560 691 2631 ipsa
708 2560 872 2615 aeternitate
891 2562 990 2632 accipi,
1018 2564 1091 2618 sicut
1115 2563 1165 2615 tim
1192 2564 1300 2615 dats-nsi
1328 2564 1446 2625 fuerant
1477 2563 1507 2614 in
1539 2563 1691 2621 infernam.
1727 2563 1951 2633 Respondemus:

256 2667 322 2704 oras
347 2665 397 2719 pro
425 2653 483 2702 toto
511 2646 605 2701 futuro
635 2652 771 2716 tempora,
797 2647 974 2718 quantumvis
999 2648 1091 2702 adhuc
1117 2648 1206 2718 posits
1223 2664 1308 2702 causa
1326 2648 1447 2718 propria,
1477 2647 1634 2718 adaequata
1652 2658 1678 2703 et
1696 2648 1858 2704 immediata
1875 2651 1951 2720 poni·

256 2737 338 2808 lenge
362 2735 495 2802 distante,
520 2738 679 2802 usurpatur.
715 2733 835 2796 Quidam
858 2740 951 2788 tamen
978 2753 1010 2789 ex
1029 2734 1090 2788 rab·
1117 2741 1161 2788 tur
1181 2734 1311 2801 effectus,
1336 2734 1443 2788 scilicet
1460 2736 1486 2786 si
1504 2752 1559 2786 non
1578 2734 1759 2804 impediatur.
1798 2736 1883 2790 Primi
1904 2754 1951 2807 pa·

257 2822 329 2876 binis
356 2822 402 2874 die
426 2820 543 2888 septime
566 2819 712 2883 infernum
737 2828 861 2873 creatam
887 2837 945 2874 asso
964 2820 1089 2875 fabulan-
1118 2830 1208 2875 rentes
1227 2828 1289 2890 post
1308 2822 1415 2889 lapsum
1432 2836 1522 2891 aeque
1539 2838 1572 2875 ac
1591 2821 1655 2874 mali
1683 2823 1775 2891 angeli
1804 2823 1900 2877 statim
1925 2824 1951 2877 in

257 2914 316 2972 tur,
355 2906 514 2960 existimant
545 2904 632 2970 enim,
667 2910 769 2958 terram
796 2906 905 2975 proprie
933 2905 1035 2961 habere
1060 2925 1090 2962 os
1117 2906 1254 2960 infernum
1271 2907 1389 2960 fuissent
1409 2906 1531 2976 prolapsi
1557 2913 1585 2960 et
1609 2924 1748 2976 nunqnam
1773 2924 1805 2962 ex
1829 2925 1862 2963 eo
1886 2909 1952 2964 libe·

257 2993 462 3058 absconditum,
486 2991 552 3062 quia
570 2990 650 3045 Num.
672 2996 711 3055 16,
729 3008 755 3044 v.
778 2996 817 3046 30.
842 2991 943 3046 dicitur
962 3001 1040 3045 terra
1060 3012 1090 3047 a·
1118 2993 1182 3056 rati,
1208 2992 1260 3048 nisi
1281 2991 1358 3045 Deus
1378 3009 1411 3047 ex
1429 2991 1562 3047 ineffabili
1581 2993 1769 3048 misericordia
1791 2993 1865 3048 hanc
1889 3012 1951 3049 esu·

253 3081 351 3150 pernit
371 3096 411 3145 or,
429 3077 553 3147 illudque
572 3084 698 3129 meatum
717 3093 775 3129 esse
794 3079 912 3144 sapitisne
925 3079 971 3131 dis
983 3082 1090 3149 meandi,
1118 3095 1164 3132 sae
1185 3078 1310 3146 propriae
1328 3083 1357 3132 et
1374 3078 1547 3147 adaequatae
1567 3076 1719 3132 efficaciam
1740 3078 1952 3136 cohibuissetae

257 3172 326 3236 puta
343 3163 460 3218 sabbato
478 3162 514 3216 ad
541 3162 607 3215 solis
629 3178 765 3216 occasum.
802 3164 947 3227 Pontificis'
965 3164 999 3218 de
1024 3170 1090 3220 tem·
1117 3165 1219 3234 primos
1240 3170 1367 3233 parentes
1389 3171 1502 3233 propter
1520 3163 1744 3218 intercessionem
1760 3164 1827 3219 Filii
1844 3173 1872 3221 et
1891 3183 1951 3238 pre

258 3269 331 3322 pore,
351 3267 405 3320 quo
423 3248 547 3302 infernus
565 3253 683 3311 creatus,
704 3247 799 3302 itidem
812 3249 957 3303 sententiis
976 3251 1090 3307 variant.
1117 3250 1227 3303 missam
1251 3246 1350 3319 tireno
1368 3249 1583 3320 persolutionem
1602 3249 1629 3301 in
1645 3249 1763 3317 gratiam
1788 3250 1888 3306 iterum
1912 3269 1951 3307 re·

259 3336 417 3391 [rudovicus
437 3334 542 3389 Melina
566 3334 676 3402 statuit,
704 3335 786 3386 tertio
814 3335 860 3387 rlr'e
885 3343 1008 3388 neutum
1033 3355 1090 3390 esse
1117 3337 1241 3406 cepisset.
1278 3335 1389 3389 Diaboli
1417 3335 1542 3404 quamvis
1565 3335 1593 3388 in
1621 3351 1758 3391 carcerem
1788 3338 1951 3395 infernalem

258 3426 408 3487 inferratam,
429 3422 496 3492 quia
513 3420 593 3475 tertio
615 3420 659 3474 die
677 3427 750 3474 terra
768 3421 822 3474 fuit
840 3426 946 3485 ornata,
968 3422 1090 3478 infernus
1118 3422 1238 3476 nondum
1259 3421 1314 3475 sint
1333 3438 1364 3475 eo
1383 3421 1464 3475 modo
1485 3421 1616 3487 conclusi,
1642 3428 1673 3476 nt
1691 3422 1785 3477 nullus
1804 3442 1837 3479 ex
1855 3442 1889 3478 eo
1906 3443 1950 3496 pa-

257 3516 350 3564 antem
368 3513 409 3561 est
428 3506 455 3559 in
476 3513 570 3560 centro
590 3511 688 3560 terrae.
725 3506 868 3561 Cornelius
893 3524 910 3561 a
931 3507 1038 3578 Lepide
1063 3509 1090 3563 in
1118 3514 1175 3562 teat
1194 3522 1335 3578 regressus
1354 3510 1420 3576 (quo
1436 3508 1516 3560 modo
1535 3506 1563 3559 in
1581 3507 1627 3560 die
1642 3507 1743 3577 Judicii
1763 3510 1875 3564 demum
1890 3512 1951 3566 huic

258 3610 355 3649 comm.
374 3610 435 3661 cap.
463 3598 483 3646 l.
504 3590 606 3646 Genea.
628 3592 786 3659 primodie
809 3591 947 3646 infernum
967 3600 1090 3648 creatum
1117 3593 1220 3646 carceri
1239 3591 1490 3660 mancipabuntur),
1518 3598 1611 3646 tamen
1631 3609 1711 3647 suum
1730 3610 1823 3648 secum
1846 3613 1952 3669 semper

258 3694 318 3733 esse
339 3677 495 3731 arbitratur.
532 3676 602 3729 Cum
621 3676 693 3729 enim
716 3676 808 3746 angeli
827 3676 882 3730 sint
906 3684 935 3731 et
959 3679 1088 3735 instanta-
1117 3676 1313 3731 circumferunt
1338 3676 1475 3730 infernum
1499 3683 1527 3730 et
1550 3694 1568 3730 a
1591 3676 1661 3731 facie
1682 3677 1735 3732 Dei
1762 3696 1792 3734 se
1816 3681 1846 3735 in
1864 3668 1951 3738 aeter·

258 3780 325 3817 neos
341 3762 462 3816 habeant
480 3767 568 3827 actus,
586 3760 697 3815 omnino
716 3760 863 3815 verisimile
883 3769 938 3827 est,
965 3781 1011 3817 eos
1036 3767 1089 3834 pri·
1116 3780 1181 3816 num
1208 3763 1333 3833 abjectos
1361 3779 1422 3817 esse
1448 3768 1589 3817 noverunt
1635 3770 1658 3819 a.
1686 3765 1881 3821 Incredals'tas
1913 3777 1951 3823 est

258 3866 302 3903 mo
330 3848 374 3901 die
401 3864 455 3900 non
484 3846 531 3900 din
560 3853 623 3916 post
653 3847 818 3900 creationem
846 3864 924 3902 suam
951 3866 1090 3919 peccasse,
1115 3849 1259 3918 formalis,
1273 3849 1395 3920 propria
1415 3857 1440 3902 et
1459 3850 1622 3916 adaequante
1642 3851 1835 3904 demorationis
1857 3871 1950 3918 caasa,

259 3934 376 4004 ideoque
401 3934 494 3987 statim
518 3951 533 3985 e
557 3933 633 3986 coelo
658 3933 686 3985 in
707 3932 844 3986 infernum
868 3933 994 3988 detrusos
1021 3954 1089 4005 esse,
1117 3935 1170 3988 itta
1191 3951 1258 4003 erpo
1280 3935 1375 4003 potins
1401 3935 1502 3994 fnisset
1521 3934 1712 4002 assignanda,
1736 3953 1820 4004 pesam
1844 3950 1951 3994 creata

259 4036 341 4090 quem
361 4020 435 4073 Deus
452 4020 545 4072 statim
566 4024 627 4088 post
645 4024 788 4087 peccatum
812 4035 906 4073 eorum
931 4023 1010 4090 quasi
1033 4041 1089 4077 aar·
1117 4038 1168 4073 rae
1185 4020 1338 4073 rationalis
1356 4039 1374 4073 a
1393 4022 1456 4073 Deo
1475 4020 1630 4089 apostasia.
1666 4022 1892 4092 Respondemus:
1923 4027 1949 4082 Si

258 4122 347 4160 cerem
368 4112 396 4159 et
416 4105 542 4160 aculeum
560 4122 622 4158 cum
642 4121 692 4158 sno
710 4104 774 4174 igne
793 4111 820 4157 ct
846 4104 952 4159 sulfure
980 4109 1019 4161 eis
1042 4127 1090 4179 ap·
1117 4109 1147 4159 s'n
1166 4107 1256 4174 speeie
1280 4106 1315 4159 de
1337 4105 1478 4159 hominum
1504 4107 1680 4163 damnatione
1706 4119 1769 4179 post
1792 4112 1898 4167 editum
1919 4114 1951 4168 de

259 4192 369 4262 paravit
386 4192 413 4244 in
435 4196 530 4245 centro
548 4197 642 4244 terrae.
680 4189 734 4244 Sed
758 4190 823 4259 quia
845 4190 1007 4260 hypothesis
1036 4194 1091 4262 illa,
1117 4193 1220 4247 semine
1237 4193 1359 4245 mulieris
1377 4192 1527 4245 contritura
1545 4200 1630 4262 caput
1656 4196 1791 4264 serpentis
1811 4198 1950 4254 decretum

259 4279 335 4347 qnod
352 4278 483 4341 infernas
503 4277 587 4329 sitin
606 4284 701 4328 centro
722 4282 823 4339 terrae,
840 4276 930 4330 adhuc
950 4278 1035 4333 dubia
1050 4288 1091 4334 est
1118 4284 1278 4349 quaeratur,
1306 4279 1366 4347 ejus
1387 4294 1472 4331 causa
1489 4285 1563 4331 recte
1583 4280 1715 4334 statuitur
1740 4283 1838 4345 finales
1864 4287 1950 4338 incr-e-

259 4370 286 4416 at
304 4362 370 4432 quia
389 4362 416 4414 in
437 4361 588 4429 Seripturis
607 4359 686 4414 nobis
711 4379 766 4413 non
793 4367 835 4415 est
864 4363 1029 4433 revelatum,
1055 4383 1090 4420 an
1119 4364 1238 4425 clalitas,
1265 4363 1314 4416 sed
1332 4363 1398 4433 qnia
1415 4364 1446 4415 in
1464 4379 1565 4429 genere
1584 4364 1618 4418 de
1634 4382 1719 4419 causa
1735 4367 1851 4436 infami,
1880 4387 1950 4441 quae

259 4444 317 4501 πού
344 4446 411 4500 illud
440 4446 553 4512 inferni,
588 4446 615 4498 in
646 4463 700 4515 quo
728 4446 849 4499 damnati
880 4464 942 4500 eum
972 4450 1090 4505 diabolis
1117 4451 1200 4504 etiam
1221 4451 1250 4502 in
1270 4447 1377 4520 angelis
1395 4448 1475 4501 malis
1495 4456 1523 4503 et
1540 4450 1634 4518 primis
1653 4451 1809 4508 hominibus
1836 4457 1865 4509 in
1891 4474 1949 4523 pec·

258 4532 433 4586 sustinebunt
452 4548 569 4602 poenas,
588 4531 623 4584 sit
640 4537 763 4585 creatum
781 4531 824 4584 vel
843 4531 1007 4602 increatum,
1033 4553 1090 4591 cor·
1117 4541 1209 4590 catum
1229 4534 1364 4605 prolapsis
1384 4534 1473 4587 locum
1491 4534 1601 4602 habent,
1622 4537 1761 4606 agendum
1790 4539 1860 4606 fuit,
1889 4541 1949 4597 ideo

259 4634 371 4687 porcum
393 4618 436 4670 vel
453 4617 657 4687 incorporeum,
682 4618 754 4670 intra
771 4617 815 4669 vel
833 4624 910 4670 extra
928 4616 1001 4673 hunc
1028 4621 1090 4675 visi·
1118 4621 1284 4692 apostasiam
1303 4625 1446 4674 creaturae
1463 4620 1606 4674 rationalis
1618 4638 1667 4689 pro
1683 4623 1840 4696 adaequata
1859 4633 1888 4681 et
1901 4628 1948 4682 im·

257 4702 340 4756 bilem
368 4703 508 4767 mundum,
539 4703 601 4757 ideo
629 4706 752 4772 praestat
781 4702 816 4756 de
844 4703 972 4759 evasione
999 4708 1090 4776 potius
1118 4708 1240 4762 mediata
1267 4706 1362 4760 mortis
1386 4711 1514 4760 aeternae
1539 4723 1624 4762 causa
1647 4708 1822 4765 adduximus.
1858 4713 1950 4783 Hujus

256 4806 338 4858 quem
360 4790 395 4843 de
415 4788 553 4843 creatione
571 4788 671 4842 inferni
688 4804 747 4841 esse
766 4787 911 4844 solicitum.
1030 4851 1034 4858 ,
1117 4792 1273 4863 apostasiae
1290 4792 1404 4861 species,
1425 4792 1479 4846 imo
1495 4799 1525 4849 ut
1542 4793 1582 4848 sic
1601 4794 1705 4863 loquar,
1723 4797 1813 4865 ipsum
1828 4799 1951 4861 formale

124 4880 247 4971 &sumtu-
296 4880 336 4930 33.
372 4873 480 4928 Causae
498 4876 583 4944 igitur
608 4873 707 4927 inferni
736 4873 789 4925 hoc
815 4873 911 4929 ordine
939 4864 1091 4933 enumerari
1117 4885 1159 4933 est
1178 4876 1366 4939 incredulitas,
1385 4877 1437 4930 nisi
1455 4879 1528 4932 enim
1547 4879 1633 4934 aDei
1652 4880 1737 4935 verbo
1757 4900 1805 4952 per
1824 4883 1949 4940 incredu-

136 4942 245 5034 soffia?
259 4967 383 5029 pessunt.
422 4960 517 5014 Causa
531 4974 696 5028 promerens
719 4963 761 5011 eet
784 4964 927 5014 creaturae
952 4962 1091 5018 rationalis
1118 4964 1225 5018 litatem
1245 4968 1372 5015 creatura
1397 4963 1539 5018 rationalis
1563 4981 1623 5018 sese
1648 4973 1800 5034 averteret,
1826 4969 1911 5024 etiam
1935 4988 1952 5026 a

140 5038 237 5127 Ἓξ·
258 5047 409 5116 apostasia,
433 5045 569 5117 adquam
589 5043 846 5114 diabolnspropria
874 5054 972 5114 sponte
995 5048 1090 5105 aDeo
1117 5050 1178 5104 Deo
1195 5055 1318 5103 creatore
1336 5065 1442 5103 summo
1470 5059 1498 5105 et
1515 5051 1596 5105 unico
1618 5051 1688 5106 bono
1713 5071 1767 5108 non
1791 5054 1951 5115 discederet.

142 5149 242 5179 sensam·
257 5131 389 5186 deficiens
407 5131 544 5187 hominem
564 5129 789 5201 persuasionibus
807 5131 863 5184 suis
881 5132 1006 5202 induxit3
1026 5152 1090 5188 cars·
1102 5180 1105 5199 ,
1118 5136 1159 5190 Ex
1177 5134 1279 5206 quibus
1296 5135 1423 5189 omnibus
1443 5137 1597 5206 porismatis
1621 5138 1681 5193 loco
1698 5140 1870 5211 colligimus,
1890 5143 1952 5199 hor·

255 5236 290 5271 sa
302 5219 426 5286 puniens
448 5236 482 5271 ac
501 5217 649 5270 cananeas
658 5215 711 5269 Dei
731 5216 779 5282 ira,
799 5218 878 5286 crrjus
896 5218 989 5289 ignem
1008 5220 1090 5276 homo
1102 5212 1105 5245 ¹
1117 5221 1224 5275 ribilem
1249 5228 1276 5274 et
1303 5222 1490 5291 blasphemam
1515 5239 1576 5277 esse
1603 5223 1828 5281 Celsinianorum
1852 5228 1951 5283 doctri·

258 5305 381 5374 peccatis
400 5305 457 5358 suis
476 5302 613 5364 accendit,
639 5310 670 5355 ut
688 5302 863 5372 postmodum
882 5303 956 5373 ignis
975 5304 1032 5360 irae
1050 5308 1090 5361 di·
1116 5323 1193 5374 nam,
1217 5322 1272 5376 qua
1289 5306 1415 5378 tingunt,
1443 5310 1535 5362 Deam
1553 5327 1663 5364 creasse
1685 5313 1795 5379 primos
1818 5313 1953 5383 homines,

258 5389 340 5443 vinae
358 5389 537 5443 succenderet
554 5389 647 5458 ignem
668 5388 783 5455 inferni;
816 5405 903 5441 causa
921 5389 1039 5446 interser
1057 5412 1091 5446 aa
1117 5394 1342 5455 attraherentur,
1367 5393 1393 5447 h.
1413 5411 1435 5449 e.
1462 5402 1493 5447 at
1518 5394 1603 5464 lapsa
1627 5397 1679 5450 illo
1700 5399 1755 5450 sibi
1779 5406 1804 5451 et
1826 5401 1953 5456 omnine

259 5479 459 5549 προηγουμένη
479 5474 563 5543 hujus
585 5472 765 5544 gravissimae
788 5488 895 5543 poenae
913 5480 956 5528 est
979 5475 1092 5533 immota
1113 5479 1238 5551 porteris
1256 5487 1400 5533 aeternam
1419 5487 1533 5532 mortem
1550 5481 1731 5548 mannent,
1759 5484 1852 5537 Daren
1873 5487 1954 5541 abso·

258 5556 312 5612 Dei
339 5557 457 5627 justitia,
486 5558 532 5612 cui
560 5563 670 5628 oportet
698 5557 841 5626 satisfieri,
878 5563 907 5612 et
937 5557 1091 5618 infallibilis
1120 5566 1178 5621 lato
1196 5566 1320 5635 modam
1338 5565 1406 5619 odio
1426 5565 1577 5619 maniam
1588 5567 1702 5622 mamaea·
1711 5569 1825 5636 peruris
1839 5579 1954 5640 passam
