4050 6014
133 212 136 218 ’
224 231 282 290 111
487 213 494 226 ·
871 201 1107 275 meursius
1124 203 1306 303 1111111115

220 377 291 431 leber
305 378 452 432 involutus
479 375 589 431 creatio
603 375 675 432 coeli
688 391 739 447 par
752 375 949 444 expansionem
962 375 1056 429 tuber-
1082 376 1239 429 substantie
1255 372 1439 444 permanebit,
1458 370 1530 425 sicut
1542 370 1622 425 bomo
1633 375 1740 425 mutato
1752 367 1917 424 semineus

219 463 319 518 naculi
335 480 384 518 seu
403 463 526 519 cortinae
544 462 683 533 descripta
707 459 808 516 Psalm.
831 466 886 530 101,
906 478 931 518 v.
954 466 994 518 26.
1014 466 1056 516 551
1083 462 1158 515 idem
1186 468 1285 515 manet,
1325 459 1432 514 Blasius
1457 458 1492 513 de
1518 456 1608 530 Viega
1631 457 1660 512 in
1685 456 1776 526 Apoe.
1801 472 1829 526 p.
1851 458 1916 512 813:

219 550 306 622 ipsius
332 549 503 604 substantiae
522 548 592 603 coeli
618 548 774 619 productio,
805 563 871 620 crgo
901 548 985 602 ctiam
1009 547 1055 602 de·
1083 549 1148 601 Non
1174 548 1247 600 dieii
1271 546 1367 613 repius
1391 553 1482 612 vates,
1506 544 1640 597 coelestia
1663 559 1786 612 corpora
1806 542 1918 595 omnino

220 635 335 692 structio
354 651 387 690 ac
407 635 533 690 interitus
551 634 621 690 coeli
646 650 697 705 per
724 633 965 703 complicationem
990 634 1057 686 libri
1081 634 1225 700 peritura,
1250 635 1302 686 sed
1320 633 1380 686 alio
1397 632 1478 700 lonpe
1499 630 1635 684 nobiliori
1655 637 1681 683 et
1701 628 1920 698 praestantiori,

219 722 375 792 descriptus
396 727 438 776 est
459 721 545 793 ipsius
566 719 739 775 substantiae
752 719 823 775 coeli
842 717 965 775 abolitio.
992 718 1055 774 Esa.
1082 729 1139 773 tum
1160 722 1257 788 quoad
1274 719 1370 787 lacem,
1389 725 1448 771 tum
1468 719 1564 786 quoad
1583 724 1685 769 11515111
1703 716 1866 769 uestimento
1876 715 1918 767 in·

220 813 261 874 34,
279 827 304 862 1.
323 814 351 863 41
388 808 486 862 Omnis
503 809 608 861 militia
628 808 770 862 coelorum
788 807 898 875 defluet,
918 806 990 858 sicut
1009 807 1054 858 de·
1082 807 1215 872 sinenda,
1244 804 1418 876 exploratum
1445 811 1537 856 autem
1564 808 1619 869 est,
1646 801 1736 854 sotim
1763 799 1921 854 outimenti

214 894 281 963 fluit
297 894 401 961 solium
419 896 455 947 de
472 895 554 949 uinea
574 903 600 947 et
620 897 655 947 sle
674 896 744 961 ficu,
772 893 847 966 quod
869 890 995 947 Christus
1016 892 1056 945 sic
1083 893 1259 946 mutationem
1278 909 1333 944 non
1353 893 1394 943 ad
1410 893 1502 959 ipsam
1519 890 1660 943 internam
1677 889 1809 957 corporis
1826 895 1916 940 muto·

219 980 329 1034 videtur
347 995 485 1050 exponere
502 978 600 1033 Matth.
622 984 664 1047 24,
683 997 709 1033 v.
732 985 778 1035 29:
799 977 906 1032 Stellae
924 978 960 1029 cle
978 975 1055 1030 coelo
1083 979 1184 1033 tionem
1205 979 1355 1047 pertinere.
1397 975 1623 1046 Respondemus:
1654 972 1796 1044 Propheta
1825 973 1920 1044 regius

220 1067 329 1134 cadent,
357 1073 384 1121 et
402 1064 545 1120 lohannes
561 1065 615 1119 huc
632 1064 743 1119 videtur
763 1064 900 1134 respicere
922 1065 1009 1132 Apoc.
1030 1066 1055 1128 6,
1083 1081 1138 1118 555
1156 1063 1245 1118 155515
1263 1069 1292 1117 51
1311 1062 1486 1133 splendorem
1505 1062 1655 1129 coelorum,
1673 1061 1721 1115 sed
1736 1060 1812 1130 ipsos
1826 1060 1920 1115 coelos

219 1169 245 1204 v.
269 1155 314 1206 13:
349 1149 458 1205 Stellae
476 1151 550 1204 coeli
568 1150 728 1204 ceciderunt
746 1165 831 1218 saper
849 1156 965 1216 terram,
984 1148 1056 1200 sicut
1082 1152 1170 1204 instar
1183 1150 1339 1205 vestimenti
1359 1149 1505 1204 mutandos
1525 1165 1584 1202 5555
1603 1148 1709 1207 asserit.
1750 1147 1860 1210 Omnes,
1880 1146 1919 1199 in·

219 1239 289 1302 115115
310 1237 409 1291 emittit
428 1254 541 1306 pressos
558 1254 637 1304 suos,
658 1255 719 1290 eum
737 1254 755 1288 o
773 1254 874 1302 mapno
898 1241 977 1289 cento
1001 1251 1055 1288 mo·
1083 1237 1159 1307 quit,
1184 1238 1255 1290 51551
1273 1237 1462 1291 assumentum
1480 1243 1651 1289 veterascent
1669 1243 1694 1288 et
1711 1236 1785 1287 515111
1810 1240 1920 1302 operto-

219 1330 306 1378 netur.
349 1322 588 1387 Quemadmodum
612 1322 712 1377 folium
738 1321 773 1376 ab
802 1321 902 1376 arbore
926 1320 1056 1374 decidens
1082 1323 1155 1376 rium
1182 1323 1302 1375 mutabis
1327 1339 1381 1391 eos,
1410 1329 1436 1374 et
1454 1322 1643 1376 mutabuntur.
1678 1318 1918 1384 Quemadmodum

221 1426 277 1465 non
296 1414 420 1463 mutatur
446 1408 474 1462 in
499 1414 602 1464 statum
628 1409 770 1463 meliorem
795 1424 827 1462 ac
854 1405 1056 1477 perfectiorem,
1083 1424 1149 1478 ergo
1168 1408 1251 1464 homo
1269 1414 1349 1462 vetus
1368 1407 1562 1461 vestimentum
1584 1405 1682 1476 abjicit
1699 1412 1727 1459 et
1753 1421 1856 1460 novum
1880 1403 1921 1457 in·

220 1511 271 1550 nec
290 1495 454 1566 qualitatum
472 1494 608 1548 duntaxat
625 1493 815 1548 alterationem
836 1493 929 1562 sentit,
947 1492 995 1547 5511
1015 1509 1057 1547 55·
1084 1494 1157 1564 11511;
1176 1495 1215 1549 515
1230 1494 1306 1549 Deus
1325 1495 1419 1549 coelos
1436 1492 1641 1564 adspectabiles
1656 1492 1733 1546 velut
1747 1500 1921 1546 veterascens

220 1579 341 1635 eundum
362 1579 544 1634 substantiam
563 1579 761 1650 corrumpitur3
779 1579 819 1633 sic
836 1579 915 1645 coeli,
935 1578 1001 1650 quia
1020 1579 1056 1630 ad
1082 1581 1276 1637 vestimentum
1294 1580 1413 1634 mutabit
1432 1597 1465 1635 55
1486 1596 1572 1636 55155
1591 1579 1685 1634 coelos
1705 1578 1815 1633 condat.
1845 1575 1920 1631 Tho·

222 1682 324 1723 morem
342 1666 472 1722 foliorum
497 1665 656 1721 cadentium
681 1664 802 1720 defluere
827 1665 971 1732 dicuntur,
1001 1679 1056 1718 non
1083 1685 1142 1722 mas
1162 1668 1191 1721 in
1210 1683 1307 1723 comm.
1330 1666 1417 1723 Hebr.
1440 1672 1470 1722 1:
1503 1666 1582 1720 Sicut
1598 1667 1787 1719 uestimentum
1803 1663 1921 1717 5555511·-

220 1753 257 1809 ad
274 1760 377 1810 statum
397 1752 592 1824 perfectiorem
610 1751 712 1806 elevari
729 1751 779 1806 sed
798 1750 985 1805 essentialiter
998 1767 1057 1806 cor·
1083 1761 1130 1807 tur
1147 1756 1188 1806 aci
1205 1771 1292 1822 1151115,
1310 1763 1436 1808 cessante
1454 1771 1519 1808 uero
1536 1772 1591 1806 11511
1609 1753 1758 1822 deponitur
1763 1771 1775 1818 ,·
1800 1751 1921 1804 51551115

220 1839 311 1911 rumpi
340 1838 541 1910 intelliguntur.
586 1838 705 1904 Quando
734 1839 842 1894 coelum
876 1837 963 1891 instar
994 1836 1058 1890 libri
1083 1840 1172 1900 fuerit
1190 1841 1344 1909 completae
1363 1840 1511 1894 electorum
1532 1855 1671 1906 numerus,
1688 1837 1842 1891 mutabitur
1860 1851 1919 1890 coe·

220 1925 440 1997 complicabitur,
468 1925 565 1979 stellae
584 1923 714 1980 foliorum
733 1924 822 1978 instar
840 1923 877 1978 ab
894 1921 993 1977 arbore
1013 1938 1056 1975 ea·
1083 1926 1140 1978 lum
1159 1926 1243 1994 quusi
1259 1925 1462 2001 vestimentum,
1489 1925 1557 1994 quia
1579 1925 1645 1993 jam
1671 1923 1794 1992 amplius
1818 1921 1862 1974 ad
1877 1936 1920 1973 re·

219 2011 344 2066 15511551
363 2009 495 2067 defluent
530 2010 606 2082 Ergo
631 2026 687 2065 non
714 2008 865 2063 manebunt
892 2008 989 2063 stellae
1012 2006 1057 2060 fir·
1084 2030 1145 2065 rum
1174 2012 1382 2081 penerationem
1411 2019 1438 2064 et
1466 2011 1674 2080 corruptionem
1706 2026 1763 2062 non
1795 2008 1920 2062 inseruit.

219 2103 358 2154 memento
380 2095 489 2166 infixae,
507 2098 580 2153 51551
600 2097 773 2152 characteres
791 2096 933 2150 literarum
944 2102 1058 2149 manent
1083 2100 1111 2152 3.
1136 2097 1330 2151 Vestimentum
1342 2105 1436 2166 potest
1454 2097 1567 2165 mutari,
1581 2105 1611 2149 ut
1629 2103 1720 2150 tamen
1736 2114 1792 2149 non
1806 2094 1921 2166 penitus

220 2187 248 2240 iu
269 2184 342 2240 libro
361 2184 537 2256 complicato.
573 2183 638 2238 Era.
658 2190 699 2251 51,
716 2202 740 2238 v.
761 2189 791 2239 b:
822 2182 901 2237 Coeli
917 2184 989 2235 sicut
1004 2182 1056 2246 fu·
1084 2184 1238 2253 abjiciatur
1255 2192 1306 2237 out
1324 2184 1539 2251 conscindatur,
1563 2183 1662 2236 sedin
1686 2183 1816 2245 futurum
1840 2197 1920 2233 usum

220 2289 280 2325 mus
301 2270 438 2333 1151151551,
463 2269 569 2323 Firmus
589 2286 643 2324 uon
657 2269 809 2325 secundum
824 2269 973 2340 qualitates
986 2267 1055 2320 dun·
1084 2278 1255 2337 reservatum,
1280 2271 1352 2322 sieut
1371 2269 1506 2337 contingit
1531 2269 1560 2321 in
1587 2269 1704 2322 cestibus
1728 2267 1813 2322 hiemi
1836 2267 1921 2335 aptis,

220 2362 297 2411 taxat
313 2363 451 2418 mutatur,
477 2355 565 2410 multo
587 2356 676 2410 minus
695 2356 723 2410 in
742 2355 935 2426 perfectiorem
953 2358 1055 2407 statum
1084 2374 1155 2424 quos
1172 2357 1248 2410 ueris
1274 2362 1396 2424 tempore
1418 2356 1577 2425 seponimus
1599 2363 1626 2409 et
1649 2363 1782 2409 venturae
1808 2353 1922 2406 brumae

221 2441 368 2506 extollitur,
383 2441 433 2494 sed
453 2458 470 2494 a
488 2448 571 2496 vento
591 2441 751 2512 dissipatur,
777 2438 1055 2495 55151155155511-
1082 2459 1265 2497 reservamus.
1302 2442 1432 2512 Lyranus
1451 2440 1479 2495 iu
1498 2458 1521 2498 5.
1544 2447 1564 2496 l.
1583 2441 1683 2496 Hebr.:
1702 2441 1782 2495 Sicut
1798 2450 1921 2495 cessante

220 2529 265 2597 sit,
282 2544 333 2582 sua
348 2534 446 2597 sponte
463 2529 612 2592 evanescit,
631 2528 705 2582 unde
724 2544 765 2594 ea,
789 2543 861 2599 quae
877 2525 953 2581 facili
972 2542 1056 2598 nego·
1082 2529 1194 2596 fripore
1214 2536 1337 2582 mutatur
1354 2527 1446 2594 vestie,
1465 2543 1537 2595 quoe
1555 2534 1618 2580 erat
1637 2533 1735 2581 contra
1753 2528 1852 2596 frique
1875 2545 1920 2581 ne·

220 2616 268 2682 tio,
294 2613 424 2669 citissime
443 2618 471 2669 et
488 2613 611 2668 totaliter
628 2613 776 2681 intereunt,
799 2611 875 2668 fumo
895 2610 1056 2682 5515115155-
1083 2615 1218 2679 cessaria,
1235 2633 1290 2669 non
1309 2614 1421 2684 quidem
1440 2621 1505 2666 tunc
1524 2621 1649 2667 mutatio
1667 2614 1708 2667 sio
1726 2615 1819 2678 uestis,
1844 2617 1922 2682 quod

219 2707 273 2756 tur.
308 2699 410 2758 Psalm.
432 2703 490 2768 102,
508 2715 534 2755 v.
554 2706 584 2755 4:
613 2701 789 2764 Defecerant
813 2701 875 2753 dies
904 2701 961 2752 mei
984 2699 1056 2752 515111
1083 2691 1295 2769 corrumpatur,
1312 2701 1364 2752 sed
1386 2699 1454 2767 quia
1474 2699 1570 2767 frique
1593 2707 1701 2769 cessat,·
1730 2700 1771 2753 sio
1795 2700 1871 2754 coeli
1895 2707 1920 2753 et

213 2788 324 2852 famus,
344 2786 421 2855 quod
438 2803 465 2840 v.
485 2790 525 2841 12.
545 2786 703 2855 exponitur,
722 2787 889 2854 defecerunt
909 2786 981 2838 sicut
996 2803 1055 2838 um·
1084 2787 1219 2841 elementa
1240 2786 1373 2839 elimentur
1392 2786 1506 2852 mactari,
1525 2786 1593 2855 quio
1613 2793 1703 2839 motus
1721 2786 1796 2841 coeli
1812 2786 1920 2840 etalte-

221 2873 279 2927 bra.
307 2871 370 2942 Sap.
385 2878 410 2936 5,
428 2889 454 2926 v.
470 2877 516 2927 15:
539 2871 610 2940 Spes
629 2871 713 2939 impii
729 2879 864 2939 tanquam
882 2871 988 2939 fumus,
1008 2870 1058 2940 qui
1083 2874 1159 2926 ratio
1180 2873 1385 2941 elementorum,
1406 2887 1478 2940 111155
1490 2880 1554 2925 sunt
1565 2880 1687 2942 propter
1704 2873 1921 2940 qenes-ationem,

221 2977 239 3010 a
257 2965 337 3012 uento
353 2957 475 3027 diffamas
493 2964 541 3009 est.
581 2962 601 3011 1.
622 2956 685 3012 Cor.
707 2963 776 3024 ’1,1.
797 2961 845 3013 311
876 2957 994 3011 Schema
1008 2957 1057 3010 bu·
1083 2968 1210 3013 manente
1230 2967 1323 3012 1515511
1339 2958 1497 3011 substantia
1517 2959 1670 3011 cessabunt.
1694 2958 1921 3028 Respondemus:

220 3045 268 3111 jus
286 3044 385 3097 mundi
399 3043 547 3112 praeterit.
575 3041 653 3098 Sicut
670 3041 750 3096 finita
763 3043 907 3098 comoedia
919 3044 1018 3097 aulaea
1029 3052 1057 3098 et
1084 3043 1320 3117 Psalmographus
1346 3061 1402 3099 non
1430 3043 1505 3098 nude
1532 3059 1566 3097 ac
1592 3043 1754 3115 simpliciter
1778 3044 1920 3100 interitum

221 3145 293 3201 quae
311 3127 418 3185 comico
437 3127 512 3182 actui
538 3127 733 3197 inservierunt,
757 3145 773 3182 5
796 3128 887 3184 medio
912 3127 1056 3197 tolluntur,
1084 3133 1223 3188 coelorum
1252 3138 1395 3201 comparat
1425 3130 1574 3185 mutationi
1602 3132 1844 3197 vestimentorum,
1872 3132 1921 3187 scd

219 3221 251 3270 ut
270 3214 398 3286 nuspiam
424 3213 543 3284 amplius
570 3213 657 3269 oeulis
683 3215 850 3269 intuentium
874 3214 929 3270 sint
956 3213 1055 3280 obvia;
1084 3219 1310 3274 vestimentorum
1322 3218 1550 3272 veterascentium
1559 3234 1593 3270 ae
1602 3225 1738 3272 uetustate
1748 3220 1920 3282 annuorum,

219 3302 259 3357 sie
277 3301 394 3357 decurso
412 3300 495 3370 hujus
514 3300 588 3354 vitae
614 3299 705 3370 spatio
734 3301 841 3357 coelum
865 3307 893 3355 et
916 3309 991 3357 terra
1016 3303 1056 3356 in·
1084 3320 1156 3376 quae
1172 3304 1212 3359 ita
1231 3309 1381 3370 mutantur,
1398 3308 1430 3356 ut
1444 3303 1612 3374 abjiciantur
1624 3308 1653 3358 51
1665 3320 1760 3359 comm
1773 3303 1835 3360 loeo
1848 3319 1921 3360 nova

115 3406 158 3450 11
172 3406 206 3447 oo.
219 3394 277 3444 star
294 3386 440 3458 cujusdam
462 3386 566 3452 aulaei,
594 3386 669 3455 quod
688 3384 771 3456 hujus
791 3387 877 3442 seculi
896 3389 1057 3444 comoediae
1083 3396 1267 3445 assumantur.
1303 3387 1543 3453 Quemadmodum
1560 3407 1634 3444 nova
1650 3406 1684 3444 55
1704 3391 1853 3446 5151515115
1876 3405 1921 3445 re·

221 3473 358 3542 inserviit,
382 3471 507 3526 emedio
521 3471 635 3526 tolletur
654 3487 705 3527 uec
723 3472 842 3543 amplius
861 3474 1056 3544 conspicietur.
1084 3478 1133 3531 stis
1150 3481 1266 3532 vocatur
1284 3492 1340 3531 non
1358 3476 1414 3544 illa,
1439 3492 1511 3547 quae
1531 3482 1681 3531 renovatur
1701 3493 1734 3531 ae
1752 3477 1798 3532 cui
1818 3477 1921 3532 1551515

255 3566 296 3617 42.
332 3559 482 3629 Excipiunt
506 3565 528 3615 1.
548 3559 651 3614 Psalm.
674 3564 729 3627 102,
749 3577 774 3616 v,
796 3566 837 3616 21.
866 3563 1005 3631 usrsrpari
1020 3564 1056 3615 de
1083 3563 1219 3628 assuitur,
1247 3562 1296 3617 5511
1322 3578 1393 3632 quae
1417 3578 1450 3616 511
1474 3578 1547 3618 novo
1577 3580 1668 3633 panno
1694 3562 1854 3633 conficitur,
1881 3563 1921 3617 515

220 3648 334 3702 interitu
352 3648 493 3700 coelorum
519 3648 631 3700 uerbum
664 3633 747 3721 libii,
775 3650 853 3716 quod
878 3649 1056 3702 mutationem
1084 3649 1148 3703 novi
1165 3648 1236 3703 cccli
1254 3647 1392 3714 dicuntur,
1414 3664 1470 3704 non
1488 3649 1536 3718 qui
1556 3655 1732 3718 renovantur,
1750 3650 1798 3705 sed
1818 3649 1866 3720 qui
1885 3648 1921 3703 de

221 3735 375 3798 damasus,
400 3749 456 3784 non
482 3739 575 3786 autem
604 3732 785 3786 abolitionem
811 3734 961 3801 significat.
1002 3734 1056 3789 Re·
1083 3750 1156 3790 novo
1175 3738 1311 3789 creantur.
1336 3733 1407 3789 Gen.
1429 3742 1471 3804 45,
1492 3753 1516 3790 v.
1537 3740 1579 3791 22.
1603 3735 1726 3804 151111,
1745 3740 1921 3793 v.12.et19.

221 3817 401 3890 spondemus:
420 3816 479 3872 Imo
497 3818 612 3873 verbum
633 3818 686 3873 hoc
701 3835 756 3874 non
769 3826 877 3874 tantum
891 3821 1056 3892 qualitatum
1085 3825 1108 3875 2.
1129 3820 1239 3892 Regum
1259 3827 1282 3888 5,
1307 3839 1332 3879 1.
1351 3829 1374 3877 5.
1399 3826 1439 3877 21.
1463 3828 1491 3876 51
1516 3827 1557 3879 11.
1585 3808 1680 3899 cubuc}
1695 3805 1813 3896 nibbn,
1832 3831 1921 3877 muta·

222 3903 401 3960 mutationem
421 3903 887 3972 55151511551551555151155551,
911 3907 1056 3963 sedetiam
1084 3908 1173 3961 tiones
1198 3910 1326 3976 uestium,
1351 3908 1380 3962 id
1407 3913 1449 3964 est
1475 3909 1641 3964 mutatoriae
1664 3916 1754 3964 155155
1781 3910 1922 3976 dicuntur,

221 3989 389 4062 quaudoque
412 3989 452 4044 rei
475 3989 616 4044 interitum
639 4007 672 4044 55
693 3991 876 4060 perditionem
904 4001 997 4058 notat,
1026 4000 1058 4049 ut
1084 4012 1139 4049 non
1158 4011 1230 4065 quae
1246 4011 1279 4049 ex
1297 3996 1414 4050 vetustis
1438 4001 1582 4066 purgatae,
1607 4002 1765 4061 renovatae,
1788 4004 1922 4053 consutae

220 4075 359 4147 significet
377 4074 451 4129 idem
471 4076 544 4147 quod
561 4078 720 4146 praeteriit,
744 4079 858 4131 transiit
878 4086 906 4134 et
925 4080 954 4134 iu
972 4080 1057 4151 signi-
1084 4088 1137 4136 eto.
1157 4080 1205 4134 5511
1223 4097 1295 4151 quae
1314 4097 1427 4151 prorsus
1448 4097 1537 4136 novae
1557 4087 1585 4135 et
1605 4099 1623 4136 5
1642 4082 1783 4152 prioribus
1809 4099 1922 4154 prorsus

221 4161 349 4216 1155115511
365 4161 457 4216 551115
475 4162 597 4226 sustulit,
624 4162 750 4231 removit,
777 4167 913 4234 corrupit.
950 4165 1012 4220 Esa,
1032 4172 1056 4236 2,
1084 4166 1216 4221 diversae.
1252 4165 1370 4231 Quando
1396 4167 1788 4235 (155554111111151151,
1814 4169 1973 4240 1555111111·
1992 4160 2017 4202 ⁶¹

221 4267 245 4305 v.
267 4253 306 4305 18.
331 4249 414 4302 idola
439 4248 633 4319 mutabuntur,
660 4248 745 4320 Terg.
772 4251 880 4324 imin
905 4254 1057 4319 cessabunt,
1086 4261 1207 4306 mutasse
1227 4261 1316 4306 cesten
1335 4269 1429 4309 coram
1449 4253 1597 4309 Pharaone
1615 4256 1764 4323 sistendas,
1785 4263 1844 4310 tum
1866 4271 1922 4312 uon

221 4335 362 4406 peribant,
391 4351 425 4387 55
450 4341 528 4389 terra
552 4335 694 4389 tollentur.
730 4335 793 4392 an.
816 4343 857 4406 24,
877 4357 901 4392 v.
924 4345 1058 4397 51111115-
1085 4345 1254 4406 5515511555,
1281 4340 1356 4409 quod
1376 4340 1439 4394 illas
1459 4340 1548 4410 ipsas,
1575 4341 1675 4411 quibus
1693 4343 1722 4397 in
1748 4343 1921 4398 551551515-

222 4427 288 4474 runt
304 4427 450 4484 statutum,
476 4419 561 4491 Terg.
584 4405 697 4497 1511211,
717 4423 905 4478 aboleverunt.
934 4425 1014 4479 Cant.
1033 4432 1058 4497 2,
1085 4425 1254 4489 1151555151,
1277 4426 1441 4496 purgaverit
1462 4443 1496 4480 ac
1519 4428 1743 4497 interpolaverit,
1770 4428 1819 4483 sed
1846 4429 1920 4500 quod

222 4525 247 4560 v.
269 4512 307 4562 11.
335 4506 423 4560 imber
439 4509 568 4577 transiit,
592 4508 648 4560 sibi
670 4510 740 4562 abiit
760 4517 811 4565 etc.
848 4511 974 4583 Utraque
992 4528 1058 4569 vero
1085 4510 1201 4581 abjectis
1218 4527 1331 4580 prorsus
1349 4511 1490 4566 veteribus
1509 4511 1633 4567 vestibus
1650 4531 1737 4569 novas
1764 4521 1829 4575 eta
1847 4516 1919 4585 prio-

222 4590 388 4662 significatio
405 4591 452 4645 hio
475 4590 560 4648 habet
580 4593 686 4664 locum,
714 4595 788 4667 quod
812 4597 882 4652 coeli
906 4599 1057 4653 secundum
1084 4595 1161 4650 ribus
1180 4597 1303 4652 diversas
1318 4597 1448 4653 induerit.
1485 4597 1725 4663 Quemadmodum
1749 4600 1862 4671 quando
1886 4601 1920 4655 115

223 4676 371 4751 qualitates
389 4678 443 4732 sint
461 4680 595 4746 mutandi,
614 4680 745 4736 videlicet
764 4690 828 4738 ante
849 4683 921 4738 diem
942 4685 1057 4740 novissi·
1084 4684 1255 4739 vestimentis
1273 4684 1460 4738 lsrablitarum
1485 4685 1513 4739 in
1534 4684 1642 4740 deserto
1666 4687 1854 4742 oberrantium
1882 4687 1920 4741 di-

223 4782 310 4833 mum,
335 4771 364 4819 et
381 4764 456 4836 quod
474 4766 598 4820 totaliter
617 4766 673 4821 sint
695 4768 848 4838 interituri,
874 4771 1004 4825 videlicet
1029 4772 1057 4825 in
1084 4771 1169 4840 citur,
1193 4768 1267 4842 quod
1288 4777 1390 4841 115140
1409 4770 1470 4824 11155
1497 4772 1729 4843 peregrinationis
1752 4791 1841 4831 annos
1864 4793 1920 4829 non

223 4850 268 4905 die
283 4850 448 4914 novissimo,
476 4859 507 4905 ut
532 4852 674 4924 colligitur
698 4870 733 4907 ex
759 4855 854 4910 addita
880 4857 1058 4911 similitudine
1084 4857 1296 4910 inveteraverunt
1314 4856 1396 4912 Dent.
1416 4862 1442 4919 8,
1460 4875 1484 4914 v.
1503 4865 1527 4913 4.
1547 4875 1607 4927 cap.
1627 4864 1715 4928 29,1.
1738 4867 1760 4916 5.
1784 4867 1921 4916 1551555-

222 4935 392 5006 vestimenti,
416 4936 491 5007 quod
508 4939 598 5007 primo
618 4939 730 5010 quidem
755 4946 894 4996 vetustate
920 4942 1057 5004 atteritur,
1084 4959 1131 4997 sus
1150 4948 1199 5005 est,
1220 4942 1294 5011 quod
1314 4941 1435 5010 ipsorum
1455 4943 1595 5014 quidditas
1614 4946 1746 5000 manserit
1764 4948 1857 5017 salva,
1882 4949 1921 5003 ita

222 5028 321 5094 postea
348 5037 414 5078 vero
444 5023 527 5093 plane
558 5024 739 5094 disrumpitur
767 5044 800 5081 55
832 5028 934 5083 interit
977 5028 1059 5082 Adde
1085 5044 1262 5096 econverso,
1280 5029 1391 5099 quando
1409 5031 1604 5086 vestimentum
1623 5031 1737 5102 aliquod
1753 5033 1857 5089 dicitur
1873 5050 1919 5090 ve·

223 5109 298 5182 quod
316 5109 346 5163 in
362 5110 432 5165 loeis
450 5109 589 5181 parallelis
606 5111 674 5165 haec
700 5113 839 5168 coelorum
865 5115 982 5169 mutatio
1008 5131 1059 5184 per
1084 5123 1233 5179 terasoere,
1254 5119 1322 5168 tunc
1341 5115 1525 5187 quidditatem
1546 5135 1624 5172 suam
1641 5134 1697 5173 non
1718 5119 1840 5189 amplius
1864 5137 1920 5175 sar-

222 5195 311 5265 ipsam
330 5204 380 5251 τοῦ
399 5212 459 5252 esse
477 5196 640 5252 desitiousm
656 5205 685 5253 et
703 5198 854 5256 abitionem
877 5200 1057 5255 describatur.
1085 5208 1142 5256 tam
1160 5206 1261 5255 tectam
1279 5200 1381 5256 retinet
1397 5219 1448 5258 nee
1469 5205 1618 5258 destructis
1638 5205 1821 5276 qualitatibus
1839 5207 1918 5263 vitio-

224 5287 247 5337 2.
272 5281 467 5336 Vestimentum
495 5282 580 5350 coeli,
609 5284 642 5335 id
664 5291 705 5337 est
727 5286 862 5354 splendor
888 5295 914 5339 et
939 5248 1122 5381 claritas'sis
1140 5287 1167 5340 in
1188 5292 1292 5340 statum
1309 5287 1501 5357 perfectiorem
1519 5297 1650 5358 mutatur,
1669 5291 1719 5346 sed
1735 5293 1920 5349 essentialiter

222 5369 327 5436 11151155,
351 5368 452 5423 Ρ55115.
477 5373 533 5436 104,
553 5387 578 5422 1.
599 5375 623 5425 2.
642 5372 808 5439 mutabitur,
835 5375 902 5442 quia
921 5372 969 5424 lua
987 5372 1058 5427 solis
1083 5387 1134 5443 per
1153 5373 1323 5428 attritionem
1342 5378 1537 5448 5511551ρὶ151,
1563 5384 1592 5432 51
1607 5384 1638 5433 51
1656 5378 1746 5434 Pobta
1764 5379 1854 5449 canit,
1877 5398 1920 5435 ae·

222 5454 280 5508 erit
302 5455 432 5524 septuplo
455 5456 564 5523 major,
595 5457 657 5511 an
676 5463 718 5525 30,
743 5476 770 5512 v.
789 5461 830 5514 26.
854 5458 967 5512 iuterim
991 5460 1056 5527 apsa
1070 5420 1166 5516 15111115
1190 5464 1361 5516 eonsumitur
1385 5483 1444 5522 usu.
1480 5465 1544 5520 bam
1569 5482 1634 5522 vero
1651 5464 1745 5521 David
1771 5474 1799 5524 et
1823 5466 1921 5523 Esaias
