4050 6014
597 179 649 234 DE
665 177 835 237 ianuario
852 177 926 238 SEU
943 177 1074 236 MORTE
1093 177 1284 238 AETERNA.
1726 190 1786 250 aba

95 337 294 389 damnatarum
320 333 409 402 objici
425 351 524 404 posse,
547 337 626 405 meod
651 353 707 391 non
729 337 885 404 perdurent
903 334 933 388 in
954 349 1025 402 quac
1043 342 1085 388 est
1101 333 1131 388 in
1149 335 1243 390 medic
1254 334 1394 407 paradisi
1409 337 1492 405 Apoc
1506 340 1531 404 2,
1549 353 1576 392 s.
1591 342 1616 393 1.
1632 335 1680 390 ubi
1697 341 1791 393 111111

95 429 247 474 adernam.
291 419 331 474 Ut
358 437 421 488 ergo
439 437 555 491 corpora
576 422 604 476 in
628 420 694 493 igne
711 421 868 493 torquenda
888 419 927 473 di·
954 435 1035 474 nemo
1059 419 1094 473 de
1113 419 1174 474 sinn
1193 436 1341 490 corporeo,
1366 421 1497 476 accubitu
1513 422 1633 489 carnali,
1658 423 1789 493 paradiso

94 506 159 560 rina
184 505 286 561 virtute
309 508 338 561 in
362 511 504 562 aeternum
522 514 737 578 conservantur,
761 508 801 562 ita
819 521 929 579 quoque
955 503 1077 560 terrestri
1098 511 1127 559 et
1150 504 1247 560 arbore
1271 505 1345 562 ritae
1370 506 1505 561 materiali
1530 507 1645 578 cogitat.
1693 510 1717 573 1)
1746 509 1791 562 us

93 593 167 664 ignis
196 592 305 647 divinae
337 593 462 663 justitiae
494 593 684 648 vindicatricis
717 593 927 648 instrumentum
952 598 1068 658 patrum
1092 590 1211 646 calcrsla.
1247 590 1410 647 Ambrosius
1433 591 1482 647 lib.
1499 598 1522 647 1.
1548 591 1577 648 11
1594 593 1701 648 Lucam
1727 610 1788 664 cap.

93 678 190 734 eadem
219 679 321 732 virtute
350 685 515 749 perseverat.
560 679 589 735 si
617 679 678 751 quis
704 681 830 751 excipere
854 677 928 743 velit,
957 681 996 731 14.
1014 675 1060 742 ait,
1080 678 1241 747 ipnemcsse
1259 695 1313 731 non
1324 680 1507 748 flammarum
1521 680 1722 749 corporalium,
1739 682 1792 735 sed

93 782 197 833 carpus
216 766 367 818 humanum
389 782 447 819 esse
466 767 550 834 hujus
569 765 740 820 conditionis
755 783 848 836 capae
871 784 928 818 nou
955 778 1034 829 quem
1057 771 1173 830 generat
1197 764 1336 816 moestitia
1365 765 1538 819 delictorum.
1577 763 1789 836 chrysostomus

88 867 144 922 per
161 867 201 918 se,
219 852 272 903 sed
287 867 341 919 per
361 852 484 906 animam
503 860 528 905 et
549 853 579 905 in
599 869 730 922 persona,
755 853 844 905 aliam
862 868 927 906 vcra
954 847 1033 916 epist.
1056 855 1079 903 5.
1100 848 1136 901 ad
1149 847 1334 918 ¹Theodorum
1352 849 1475 920 lapsum:
1499 851 1567 905 arm
1587 853 1678 921 ignem
1696 853 1791 915 audit,

93 953 153 992 esse
170 938 311 990 rationem
330 938 421 1007 ἐμπίῃ
442 939 602 1008 responderi
616 944 715 1009 potest,
734 938 856 993 diuinam
874 939 927 992 vir·
954 951 987 987 ne
1004 933 1169 1003 arbitreris,
1195 951 1253 988 csse
1272 936 1390 988 similem
1409 936 1473 990 huic
1492 937 1559 1004 igni.
1586 935 1679 991 homil.
1701 943 1742 992 44.
1761 937 1789 991 in

92 1028 179 1077 tutem
197 1023 335 1093 supplere,
356 1024 430 1095 quod
449 1023 568 1080 naturali
589 1024 660 1096 ignis
677 1024 839 1096 proprietati
851 1024 926 1078 vide·
954 1017 1051 1074 Matth.
1082 1036 1143 1090 cap.
1174 1025 1219 1077 12:
1255 1021 1293 1074 In
1315 1022 1405 1091 fluuio
1433 1023 1506 1090 ipuis
1534 1023 1688 1086 infernalis
1716 1023 1793 1091 ignei

92 1114 138 1162 tur
163 1108 267 1166 deesse.
312 1111 338 1173 1)
364 1112 410 1164 Eu
430 1111 561 1166 absurdo.
603 1111 632 1166 Si
658 1111 729 1182 ignis
757 1127 856 1165 nomen
882 1126 927 1164 ac·
948 1105 1053 1174 fluctus
1079 1107 1211 1159 montium
1236 1105 1327 1160 instar
1351 1108 1510 1176 aduentum
1537 1109 1615 1178 iunci
1640 1108 1704 1162 dico
1735 1127 1790 1162 non

91 1194 249 1265 cipiendnm
262 1195 380 1266 proprie,
393 1212 564 1268 consequens
583 1197 675 1263 fuerit,
686 1197 767 1251 etiarn
782 1196 837 1250 alia
849 1212 926 1266 prae-
954 1192 1037 1261 brep'us
1056 1193 1140 1262 ignis,
1164 1195 1216 1247 sed
1235 1194 1308 1260 ignis
1332 1202 1406 1248 certe
1425 1195 1514 1251 multa
1531 1211 1615 1264 quam
1632 1195 1677 1248 hic
1699 1195 1790 1248 horri-

92 1279 201 1347 dicata,
232 1298 303 1352 quae
327 1281 434 1337 inferno
458 1284 632 1352 tribuuntur,
664 1299 724 1338 esse
746 1280 858 1353 proprie
883 1299 927 1336 ac·
955 1279 1064 1333 bilibris
1087 1285 1139 1334 etc.
1180 1280 1288 1342 Quodsi
1316 1281 1458 1336 sensibilis
1484 1282 1535 1335 iste
1564 1298 1599 1336 ac
1632 1281 1790 1335 materialis

92 1364 230 1436 cipienda.
267 1365 397 1421 Infernas
423 1368 508 1439 igitur
528 1368 638 1440 proprie
663 1369 714 1423 erit
741 1369 826 1422 uallis
854 1367 929 1422 circa
955 1382 1009 1433 eos,
1024 1367 1074 1434 qui
1092 1374 1170 1421 eutra
1188 1367 1335 1432 fornacem
1354 1375 1444 1436 crant,
1463 1368 1618 1437 absorpsit,
1644 1369 1715 1436 quid
1740 1367 1789 1423 ille

92 1450 331 1522 Hierosolymam,
359 1453 424 1524 quia
452 1460 567 1509 vocatur
594 1454 705 1526 tophet,
736 1453 852 1509 materia
867 1455 927 1524 eJus
954 1451 1196 1520 renascereris,
1215 1452 1312 1520 quiin
1330 1469 1391 1506 eum
1411 1453 1586 1507 inciderint!
1614 1453 1790 1524 Augustinus

90 1537 201 1608 proprie
225 1539 300 1593 dicta
323 1540 403 1609 lipnu
429 1546 527 1605 erunt,
558 1540 642 1596 flatus
667 1540 792 1596 dehovac
818 1538 928 1610 proprie
955 1536 1001 1591 lib.
1024 1542 1063 1593 12.
1089 1537 1124 1593 de
1149 1536 1251 1593 Genesi
1275 1538 1311 1592 ad
1333 1538 1440 1593 literam
1464 1555 1523 1608 cap.
1545 1544 1586 1595 21.
1605 1539 1640 1594 de
1659 1539 1789 1609 paradiso

91 1622 143 1678 crit
155 1633 265 1678 terrens
274 1625 404 1695 sulfuris,
418 1643 533 1693 vermes,
547 1627 594 1697 qui
606 1643 661 1681 non
672 1627 834 1688 moriuntur,
850 1634 928 1680 erunt
955 1623 1100 1693 disputans
1118 1623 1167 1686 ait,
1186 1625 1260 1694 loca,
1277 1625 1375 1693 quibus
1387 1626 1499 1679 animae
1514 1626 1679 1694 corporibus
1692 1634 1789 1680 1111111

91 1710 202 1779 proprie
227 1710 293 1766 dicti
320 1729 431 1767 sermm
471 1712 500 1768 si
523 1713 596 1785 ignis
615 1712 757 1767 infernalis
773 1717 815 1766 est
832 1727 928 1780 corpo·
954 1712 1121 1779 afficiuntur
1145 1728 1194 1764 seu
1213 1712 1278 1763 bene
1296 1729 1346 1764 scu
1364 1711 1451 1780 male,
1474 1730 1530 1765 non
1548 1728 1606 1765 csse
1624 1713 1789 1780 corporalia

90 1810 162 1860 rcus,
187 1803 281 1866 posset
303 1799 386 1853 etiam
404 1816 479 1871 aqna
498 1801 671 1870 refrigerium
692 1799 830 1853 damnatis
851 1813 929 1866 prae·
955 1797 1007 1848 scd
1024 1796 1198 1866 spiritualia,
1222 1814 1293 1864 quae
1313 1815 1371 1850 unu
1390 1814 1452 1850 curn
1470 1799 1559 1851 uariis
1578 1813 1672 1851 rerum
1690 1815 1789 1868 corpo-

90 1885 164 1936 11111
190 1899 223 1937 ac
248 1883 320 1955 ignis
353 1884 427 1939 illius
456 1885 582 1939 ardorem
611 1885 795 1957 exstinguere.
839 1883 925 1954 Atqui
955 1881 1061 1934 ratium
1088 1883 1321 1936 similitudinibus
1352 1891 1408 1935 tam
1434 1884 1518 1938 laetis
1546 1901 1630 1953 quam
1662 1885 1789 1939 tristibus

89 1977 236 2039 postquam
259 1971 343 2025 semel
366 1972 440 2038 ipnis
464 1972 617 2036 infernalis
635 1988 768 2026 accensure
787 1979 840 2034 est,
865 1987 922 2022 non
956 1968 1058 2021 animis
1078 1970 1274 2033 defunctorum
1295 1977 1552 2038 repraesentantur,
1571 1988 1628 2025 non
1649 1988 1727 2025 secus
1745 1979 1788 2025 al·

90 2057 285 2126 restinguitur,
305 2059 333 2111 si
351 2066 436 2113 totum
455 2074 533 2111 marc
551 2059 686 2128 influeret,
705 2064 737 2111 nt
755 2055 921 2111 Anahelmns
957 2072 1009 2124 que
1029 2055 1082 2117 leis,
1103 2055 1201 2124 quibus
1216 2063 1266 2109 aut
1285 2056 1315 2108 in
1334 2073 1429 2110 somno
1448 2057 1603 2111 constitutis
1622 2065 1672 2112 aut
1691 2076 1710 2111 a
1728 2075 1789 2112 sen·

90 2142 119 2196 in
134 2142 285 2198 elucidario
299 2150 374 2198 recte
388 2144 516 2213 loquitur.
549 2144 738 2215 Respondent,
759 2159 817 2197 esse
831 2144 927 2211 dispa-
955 2140 1032 2193 sibus
1049 2141 1199 2194 subtractis
1219 2143 1300 2195 modo
1322 2159 1422 2209 praees
1446 2149 1568 2197 terrores
1593 2151 1618 2197 et
1637 2145 1789 2215 cruciatus,

92 2245 151 2282 rem
168 2231 316 2299 rationem,
334 2247 386 2298 per
405 2232 497 2298 ignem
514 2232 587 2285 enim
605 2233 669 2295 sere
686 2231 787 2300 ubique
806 2230 835 2282 in
852 2228 927 2283 Scri·
955 2227 1037 2280 modo
1056 2226 1148 2280 laetae
1166 2244 1212 2278 rer
1227 2227 1396 2281 exhibentur.
1418 2225 1511 2292 (Hunc
1529 2227 1681 2301 Augustini
1698 2227 1786 2284 locum

88 2302 183 2385 pdsris
195 2332 303 2385 poenas
316 2317 472 2378 infernales
484 2317 616 2384 describi,
641 2317 746 2386 111οά11
757 2316 840 2369 etiam
854 2315 928 2385 ipnis
954 2310 1074 2367 Thomas
1094 2320 1118 2370 4.
1137 2318 1206 2366 sent.
1229 2312 1292 2367 dist.
1309 2319 1351 2370 44.
1369 2313 1409 2366 sic
1428 2314 1575 2384 expendit:
1596 2315 1712 2371 Dictum
1729 2315 1788 2368 Aa·

91 2419 188 2456 nornen
205 2403 392 2473 metaphorice
415 2404 599 2473 acciperetur,
622 2403 752 2473 nuspiam
773 2403 927 2472 §eruptura
953 2400 1059 2465 pustini
1072 2408 1163 2468 potest
1176 2400 1227 2453 hoc
1243 2402 1326 2454 modo
1339 2401 1440 2470 accipi,
1458 2409 1489 2455 ut
1502 2419 1560 2470 pra
1578 2410 1656 2457 tanto
1675 2403 1789 2456 dicatur

90 2490 208 2558 proprie
225 2496 251 2542 et
265 2489 414 2558 perspicue
433 2492 468 2542 de
484 2490 584 2558 poenis
597 2490 788 2560 infernalibus
802 2489 926 2556 loquere·
954 2486 1032 2540 locus
1049 2485 1114 2553 ille,
1143 2488 1183 2540 ad
1207 2503 1286 2555 quem
1310 2488 1422 2541 animae
1450 2489 1632 2552 deferuntur.
1656 2505 1713 2543 nan
1730 2504 1789 2542 esse

28 2581 77 2623 2⁵0·
92 2583 145 2629 tur.
179 2577 206 2642 4)
226 2578 271 2629 Eu
286 2583 458 2643 comparato.
491 2577 571 2629 Talis
581 2577 639 2642 fuit
654 2577 926 2645 illaflamma,quae
952 2588 1119 2644 corporeus,
1142 2573 1210 2641 quia
1234 2573 1329 2626 anima
1355 2573 1385 2627 in
1409 2589 1441 2627 eo
1459 2574 1648 2643 corporaliter
1669 2591 1725 2628 non
1744 2591 1788 2628 ee·

90 2661 182 2716 divitis
195 2663 314 2716 animam
327 2661 395 2717 Luc.
414 2667 453 2730 16,
467 2681 494 2716 v.
508 2667 549 2718 24.
562 2662 703 2731 cruciavit,
726 2663 823 2731 casales
840 2659 925 2724 oculi,
952 2660 1035 2725 sistit,
1052 2675 1105 2727 per
1124 2659 1236 2711 modum
1255 2659 1372 2725 scilicet,
1391 2677 1445 2729 quo
1465 2676 1590 2728 corpora
1608 2662 1743 2714 recurunt
1759 2661 1789 2713 in

90 2766 159 2816 quos
184 2749 287 2802 leuauit
311 2757 337 2802 et
353 2750 494 2802 Lazarum
511 2750 600 2814 uidit3
625 2749 718 2818 qualis
738 2750 849 2814 lingua,
878 2747 926 2801 cui
952 2744 1021 2811 loco,
1042 2746 1093 2798 sed
1112 2744 1171 2798 alia
1190 2748 1274 2800 modo
1291 2746 1448 2818 spirituali,
1469 2749 1542 2801 sicut
1561 2734 1656 2813 angeli
1676 2747 1706 2799 in
1724 2747 1787 2801 loco

90 2836 232 2890 humorem
243 2836 372 2905 eaipreum
384 2836 557 2889 desiderauit
571 2835 705 2904 infundi,-
715 2835 809 2904 quulis
818 2833 925 2903 digitus
950 2837 1015 2884 suut
1020 2831 1086 2896 ;sed
1092 2830 1338 2902 huiccxplicationi
1345 2849 1400 2886 non
1406 2832 1524 2888 multum
1534 2832 1787 2904 fidenssubjungit,

90 2923 210 2989 Macri,
235 2925 270 2977 de
293 2939 347 2991 quc
370 2923 403 2976 id
428 2923 484 2976 sibi
498 2923 564 2987 fieri
573 2923 741 2992 postulauit,
766 2922 816 2974 ubi
833 2929 923 2975 tumen
955 2916 1004 2971 Vel
1025 2919 1183 2985 dicendum,
1203 2921 1280 2988 quod
1299 2920 1474 2989 Augustinus
1500 2920 1625 2989 loquitur
1642 2919 1787 2990 opinanda

91 3017 172 3062 erant
189 3004 249 3062 eine
264 3009 428 3078 corporibus
440 3009 552 3062 animae
566 3008 742 3079 Augustinus
760 3007 809 3064 lib.
828 3012 870 3062 21.
889 3006 924 3061 de
951 3011 977 3056 et
996 3021 1050 3057 non
1068 3005 1291 3074 determinanda,
1311 3004 1384 3058 sicut
1400 3007 1568 3076 frequenter
1584 3007 1658 3070 facil
1678 3006 1785 3060 inillis

90 3093 164 3149 civit.
191 3093 244 3149 Dei
266 3110 328 3162 cap.
354 3099 394 3150 10.
419 3093 613 3164 Respondent,
639 3094 825 3160 Auprutinum
844 3093 923 3145 dubi·
950 3091 1054 3159 libris.)
1084 3091 1132 3147 lib.
1162 3091 1196 3146 dc
1220 3093 1322 3163 cognit.
1345 3109 1427 3148 verae
1452 3092 1526 3147 vitae
1545 3108 1606 3163 cap.
1625 3098 1666 3148 40.
1694 3093 1785 3146 locum

90 3190 171 3248 tasse,
196 3199 233 3233 an
252 3181 366 3246 damma
383 3181 447 3244 illa,
473 3199 528 3250 qua
549 3182 645 3234 anima
665 3180 792 3248 epulonis
814 3179 923 3232 crucia·
951 3177 1060 3245 inferni
1070 3176 1195 3232 nominat
1207 3180 1411 3247 incorporeum,
1430 3178 1585 3233 substantia
1600 3178 1785 3250 spiritualem,
1798 3192 1842 3236 xx.
1856 3189 1903 3236 111.
1952 3243 1956 3266 Ι

90 3268 186 3334 batur,
209 3284 345 3336 corporea
370 3267 460 3333 fucrit
484 3285 533 3320 nec
559 3284 607 3334 ue,
626 3267 737 3320 interim
755 3265 922 3320 1111111111-
950 3262 1068 3332 corpori
1080 3264 1210 3328 similem,
1228 3265 1310 3332 cujus
1322 3282 1418 3334 paena
1431 3265 1468 3317 sit
1481 3272 1558 3317 tanto
1573 3263 1785 3328 intolerabilior,

90 3361 177 3421 tasse,
196 3355 286 3420 ipnem
304 3354 400 3420 illum,
424 3371 478 3422 quo
499 3371 620 3423 corpora
645 3355 842 3406 damnatorum
858 3358 923 3422 post
950 3357 1054 3419 quanto
1075 3349 1196 3419 spiritus
1222 3367 1340 3420 corpore
1364 3350 1503 3404 subtilior.
1526 3349 1545 3405 1.
1569 3354 1606 3406 12.
1627 3350 1662 3404 de
1683 3347 1787 3404 Genesi

91 3441 322 3494 resurrectionem
344 3442 500 3496 crucianda
520 3447 593 3501 sunt,
611 3441 676 3503 fore
696 3456 870 3509 corporeum,
893 3447 923 3491 ut
950 3436 986 3490 ad
1004 3434 1111 3490 literam
1129 3453 1153 3490 c.
1175 3440 1220 3492 ³2:
1255 3437 1310 3490 Est
1328 3453 1394 3506 ergo
1409 3454 1533 3505 prorsus
1550 3437 1707 3495 inferorum
1724 3436 1786 3489 sub

91 3535 198 3581 constat
219 3527 449 3596 susspicantibus.
486 3525 617 3581 Nicolaus
636 3525 776 3580 Triretius
800 3525 827 3578 in
847 3523 923 3578 echo·
949 3522 1065 3592 stantia,
1082 3525 1134 3576 sed
1152 3540 1212 3576 eam
1233 3524 1412 3592 marchualem
1432 3540 1491 3578 esse
1510 3523 1643 3578 arbitror.
1681 3522 1786 3596 Grego-

91 3613 134 3667 liis
152 3612 225 3667 illiue
245 3612 299 3667 loci
318 3611 476 3681 respondet,
497 3612 683 3682 Augustarum
701 3630 756 3666 nan
769 3611 923 3681 protulisse
950 3610 1007 3664 rins
1027 3607 1075 3662 lib.
1099 3613 1138 3664 15.
1156 3608 1298 3663 moralium
1316 3625 1378 3680 cap.
1399 3615 1443 3666 14:
1471 3610 1552 3682 Ignis
1573 3628 1737 3681 corporeus,
1757 3616 1787 3665 ut

90 3700 144 3754 illa
161 3699 255 3768 uerba,
271 3706 302 3752 ut
320 3707 468 3765 assereret,
488 3699 580 3770 ignem
598 3699 771 3762 inferniucn
788 3715 846 3751 esse
864 3714 923 3751 cor·
951 3712 1009 3749 esse
1029 3695 1103 3764 ignes
1123 3696 1231 3765 1111111,
1255 3697 1400 3765 corporeis
1424 3698 1534 3766 indiget
1560 3697 1710 3766 fomentis,
1739 3695 1790 3766 qui

87 3802 214 3855 porcum,
226 3787 278 3839 sed
292 3793 321 3838 ut
337 3787 502 3849 ostenderet,
520 3784 701 3838 assertionem
714 3801 795 3837 suam
808 3786 843 3836 de
860 3783 924 3853 igue
953 3800 1014 3837 cum
1028 3799 1139 3837 necesse
1155 3790 1203 3845 est,
1220 3790 1251 3835 ut
1267 3791 1399 3851 seruetur,
1416 3801 1468 3852 per
1479 3792 1614 3855 congesta
1632 3784 1787 3855 119111111-

91 3888 226 3940 corporee
253 3888 308 3924 non
332 3887 416 3940 posse
442 3870 608 3938 confirmari
635 3870 758 3940 exemplo
781 3871 877 3922 divitis
895 3869 924 3921 in
952 3869 998 3923 cul
1018 3869 1103 3924 dubio
1123 3869 1253 3940 nutritur,
1273 3888 1322 3924 nec
1338 3872 1415 3925 ualet
1440 3870 1497 3924 nisi
1517 3887 1664 3925 succensus
1684 3888 1743 3924 esse
1762 3878 1789 3926 et

85 3959 203 4026 flamma
222 3957 349 4010 ardentis
371 3962 423 4011 etc.
462 3956 490 4028 5)
510 3958 557 4011 Er
574 3958 710 4026 opposito.
742 3955 776 4010 In
795 3953 925 4026 paradiso
952 3956 1011 4009 nisi
1031 3958 1142 4022 refotus
1166 3957 1321 4014 subsistere.
1366 3958 1405 4011 At
1429 3966 1528 4012 cantra
1545 3958 1686 4027 gehennae
1705 3958 1788 4027 ignis,

91 4049 133 4098 est
155 4043 201 4097 lux
219 4043 369 4112 spiritualis
393 4048 422 4098 ct
445 4044 597 4115 analogica.
644 4043 718 4114 Ergo
739 4041 925 4096 1111111111-
953 4059 1014 4096 curn
1031 4043 1213 4112 incorporeas
1235 4051 1261 4097 et
1285 4043 1362 4099 inse
1382 4044 1482 4099 musas
1502 4045 1636 4114 reprobos
1654 4061 1788 4113 corpora·

90 4127 169 4183 ferno
195 4129 259 4182 talis
283 4128 364 4200 ignis.
410 4130 576 4183 Discubitus
609 4146 671 4182 cum
690 4128 868 4196 patriarchis
898 4134 927 4182 et
952 4128 1018 4183 liter
1038 4137 1150 4198 exurat,
1178 4146 1228 4183 nec
1252 4130 1348 4184 studia
1374 4132 1496 4185 humano
1520 4131 1713 4194 succenditur,
1738 4145 1788 4183 nec

90 4215 198 4285 reliqua
221 4215 300 4286 regni
326 4215 452 4270 coelestis
478 4215 582 4285 gaudia
606 4230 660 4269 non
680 4222 746 4269 eunt
763 4214 926 4286 corporalia,
953 4214 1040 4285 lipnis
1064 4216 1203 4281 nutritur,
1230 4218 1282 4270 sed
1306 4225 1416 4271 meatus
1439 4218 1524 4271 semel
1546 4219 1633 4271 durat
1657 4215 1787 4268 inexstin-

91 4318 176 4372 quare
189 4301 270 4356 etium
286 4307 467 4356 tartarearum
482 4318 632 4372 poenarum
649 4317 703 4355 non
717 4309 782 4356 surrt
796 4317 926 4371 corporea
953 4300 1066 4368 quibilis
1092 4308 1118 4354 ct
1141 4302 1319 4355 succensione
1345 4320 1401 4357 non
1425 4303 1533 4369 indipet
1556 4309 1582 4354 st
1607 4303 1713 4355 ardore
1732 4317 1787 4354 nan

90 4387 279 4442 instrumenta.
323 4388 518 4459 Respondent,
536 4404 595 4442 esse
620 4388 765 4457 disparem
782 4389 925 4443 rationem.
953 4395 1040 4444 caret.
1071 4385 1173 4442 Confer
1187 4386 1292 4442 Bedam
1306 4387 1352 4443 lib.
1368 4395 1389 4444 1.
1403 4387 1432 4441 11
1447 4386 1553 4441 Lucam
1563 4403 1623 4456 cap.
1640 4391 1663 4441 3.
1685 4386 1787 4440 Dama·

91 4474 429 4528 Luscoelestisciuitatis
449 4473 573 4527 nouerit
593 4490 778 4542 corporeaac
794 4474 926 4526 materia·
953 4489 1053 4527 scenus
1076 4472 1125 4526 lib.
1148 4479 1172 4530 4.
1199 4472 1269 4527 orth.
1294 4471 1340 4526 fia.
1365 4488 1425 4543 cap.
1450 4475 1496 4527 28:
1523 4467 1787 4546 napudobu'arrus'b

91 4560 137 4629 ls's,
163 4562 231 4629 quia
253 4563 332 4614 Deus
357 4561 418 4629 ipse
443 4562 496 4615 crit
520 4561 581 4630 ejus
605 4560 654 4613 lua
672 4560 761 4630 Apoc.
780 4563 822 4627 21,
840 4576 866 4611 v.
885 4563 926 4613 23.
953 4556 1141 4628 diripuissent
1155 4563 1183 4613 ol
1195 4561 1328 4633 δαίμονες
1341 4555 1486 4612 udror'sui
1500 4553 1678 4630 ὁᾶνθρωπος
1692 4555 1787 4624 αὐτοῦ,

91 4649 143 4702 sed
160 4647 190 4699 in
210 4648 324 4713 inferno
342 4650 424 4700 Deus
442 4666 498 4702 nan
517 4646 658 4717 supplebit
678 4645 801 4714 alicujus
816 4645 860 4697 rei
879 4646 925 4697 de·
953 4641 1073 4716 iiyouub
1084 4645 1270 4717 ’Λντίχριστος
1286 4649 1333 4699 sul
1357 4648 1386 4697 oi
1398 4640 1505 4711 ἀσεβεῖς
1521 4649 1568 4698 uui
1581 4646 1609 4697 ol
1627 4643 1788 4718 ἁμαρτωλοὶ

89 4735 203 4799 fectum.
233 4737 258 4800 6)
271 4735 317 4788 En
330 4751 436 4788 canone
448 4734 613 4800 theologico.
639 4731 781 4802 Scriptura
790 4731 825 4784 de
834 4730 925 4785 verbis
953 4736 992 4793 εἰς
1010 4728 1041 4785 τὸ
1059 4733 1117 4800 πῦρ
1135 4729 1167 4786 rb
1194 4728 1323 4797 nta'reor,
1354 4728 1406 4802 οὐχ
1437 4727 1545 4797 ὑλικὸν,
1573 4726 1635 4787 οἷον
1661 4728 1692 4784 τὸ
1721 4728 1785 4802 παρ’

92 4819 178 4875 futuri
198 4821 284 4874 seculi
302 4819 425 4890 loquitur
443 4819 535 4874 verbis
554 4819 637 4889 hujus
656 4816 742 4872 seculi
761 4823 788 4873 11
804 4834 854 4888 per
866 4833 925 4872 cor·
953 4813 1028 4889 ἡμῖν,
1055 4814 1110 4872 ἀλλ’
1141 4812 1201 4871 οἷον
1227 4817 1313 4884 εἰδείη
1334 4814 1348 4867 ὁ
1369 4815 1442 4878 θεὸς.
1482 4816 1605 4870 Priorem
1631 4816 1787 4886 opinionem

92 4908 200 4977 poralia
219 4906 351 4960 describit
369 4905 533 4976 spiritualia,
552 4907 618 4976 quia
637 4920 687 4959 nos
707 4922 762 4958 non
781 4919 926 4975 possumus
953 4900 1090 4957 Pontificii
1113 4902 1238 4975 plerique
1256 4917 1350 4957 omnes
1371 4909 1526 4970 sectantur,
1546 4901 1639 4957 sixtus
1659 4902 1787 4958 Senensis

93 4993 247 5064 spiritualia
271 5009 370 5064 capere
396 4992 450 5046 nisi
469 4991 635 5046 adumbrata
656 4991 778 5063 imagine
798 5006 925 5061 corpora·
952 4989 970 5042 1.
993 4995 1015 5044 5.
1034 4988 1160 5044 biblioth.
1178 4995 1270 5043 annot
1292 4994 1347 5045 141.
1361 4988 1545 5044 Β11111111111
1563 4989 1610 5043 lib.
1625 4993 1649 5045 2.
1669 4990 1704 5046 de
1721 5006 1786 5059 pur·

92 5080 169 5137 lium.
209 5079 255 5135 Sic
274 5080 381 5149 piorum
403 5080 511 5133 animae
531 5079 661 5133 dicuntur
681 5079 716 5132 ab
735 5078 845 5146 angelis
857 5096 927 5147 por·
952 5083 1010 5147 gat.
1027 5093 1088 5146 cap.
1109 5081 1149 5132 11.
1183 5075 1309 5130 Bccanus
1324 5076 1353 5130 in
1368 5076 1488 5148 append.
1506 5081 1616 5130 tractat.
1628 5076 1663 5129 de
1678 5082 1787 5146 purgat.

93 5168 152 5220 tari
168 5167 198 5219 in
215 5167 307 5219 sinum
326 5167 460 5219 Abrahae
478 5166 543 5219 Luc.
564 5171 603 5231 16,
627 5182 652 5219 r.
671 5170 713 5221 22.
736 5165 810 5220 beati
831 5163 925 5219 dicun·
954 5161 1059 5217 Calain.
1085 5179 1145 5234 cap.
1163 5168 1186 5220 8.
1212 5166 1317 5232 quaest.
1342 5167 1366 5218 4.
1411 5161 1562 5217 Batradius
1585 5160 1632 5215 lib.
1655 5166 1694 5218 10.
1713 5178 1787 5216 cons·

93 5258 139 5307 tur
156 5269 219 5307 cum
237 5251 410 5317 Abraham0‚
434 5250 514 5305 Isaac
539 5257 567 5305 ct
589 5251 697 5305 bacobo
719 5251 880 5305 accubituri
896 5251 926 5303 in
953 5249 1574 5320 111111111111111111.4111611.
1608 5246 1787 5302 Maidonatus

93 5356 179 5410 repub
193 5341 335 5396 coelorum
348 5337 446 5392 Mattls.
460 5343 483 5406 8,
496 5355 522 5392 r.
538 5342 577 5392 11.
590 5338 785 5402 transferendi
796 5337 826 5390 in
836 5354 927 5406 para·
951 5335 1019 5394 Luc.
1044 5340 1085 5391 111.
1118 5333 1264 5390 Lorichius
1288 5333 1317 5388 in
1339 5334 1460 5389 11111111.
1487 5333 1570 5390 theol.
1590 5349 1653 5387 nov.
1671 5333 1699 5388 in
1720 5350 1787 5390 roca

94 5428 185 5482 disum
196 5427 270 5483 'Luc
294 5431 335 5492 21,
353 5443 378 5480 v.
395 5430 437 5479 43.
456 5424 658 5477 manducaturi
676 5425 711 5477 de
725 5424 827 5478 arbore
840 5424 924 5489 citae,
950 5421 1078 5477 Infernas
1090 5440 1164 5478 nunu
1175 5428 1200 5478 4.
1216 5420 1361 5492 Thyraeus
1372 5421 1407 5476 de
1418 5419 1538 5492 gloriosa
1550 5419 1653 5475 Christi
1667 5420 1785 5491 apparit.
