<?xml version="1.0" encoding="UTF-8"?>
<!DOCTYPE html PUBLIC "-//W3C//DTD XHTML 1.0 Transitional//EN"
    "http://www.w3.org/TR/xhtml1/DTD/xhtml1-transitional.dtd">
<html xmlns="http://www.w3.org/1999/xhtml" xml:lang="en" lang="en">
 <head>
  <title>
</title>
<meta http-equiv="Content-Type" content="text/html;charset=utf-8" />
  <meta name='ocr-system' content='tesseract 3.04.00' />
  <meta name='ocr-capabilities' content='ocr_page ocr_carea ocr_par ocr_line ocrx_word'/>
</head>
<body>
  <div class='ocr_page' id='page_1' title='image "./locitheologicic02gerhgoog/locitheologicic02gerhgoog_0032.png"; bbox 0 0 4050 6014; ppageno 0'>
   <div class='ocr_carea' id='block_1_1' title="bbox 552 278 1813 352">
    <p class='ocr_par' dir='ltr' id='par_1_1' title="bbox 552 278 1813 352">
     <span class='ocr_line' id='line_1_1' title="bbox 552 278 1813 352; baseline -0.003 -8"><span class='ocrx_word' id='word_1_1' title='bbox 552 284 632 352; x_wconf 77' lang='lat' dir='ltr'>Qua</span> <span class='ocrx_word' id='word_1_2' title='bbox 649 282 703 341; x_wconf 75' lang='lat' dir='ltr'>DE</span> <span class='ocrx_word' id='word_1_3' title='bbox 719 284 815 342; x_wconf 76' lang='lat' dir='ltr'>VITA</span> <span class='ocrx_word' id='word_1_4' title='bbox 833 282 886 342; x_wconf 86' lang='lat' dir='ltr'>JO.</span> <span class='ocrx_word' id='word_1_5' title='bbox 904 282 1357 345; x_wconf 74' lang='grc'><strong>66688661668661618.</strong></span> <span class='ocrx_word' id='word_1_6' title='bbox 1643 310 1647 315; x_wconf 96' lang='lat'>·</span> <span class='ocrx_word' id='word_1_7' title='bbox 1706 278 1813 342; x_wconf 70' lang='lat' dir='ltr'>xxm</span> 
     </span>
    </p>
   </div>
   <div class='ocr_carea' id='block_1_2' title="bbox 114 439 1816 1041">
    <p class='ocr_par' dir='ltr' id='par_1_2' title="bbox 114 439 1816 1041">
     <span class='ocr_line' id='line_1_2' title="bbox 114 439 1814 531; baseline -0.002 -22"><span class='ocrx_word' id='word_1_8' title='bbox 114 445 266 509; x_wconf 86' lang='lat' dir='ltr'>daturum</span> <span class='ocrx_word' id='word_1_9' title='bbox 281 462 317 508; x_wconf 85' lang='lat' dir='ltr'>se</span> <span class='ocrx_word' id='word_1_10' title='bbox 330 442 415 508; x_wconf 87' lang='lat' dir='ltr'>lilius</span> <span class='ocrx_word' id='word_1_11' title='bbox 426 443 633 531; x_wconf 69' lang='lat' dir='ltr'><strong>promiserat,</strong></span> <span class='ocrx_word' id='word_1_12' title='bbox 650 442 842 509; x_wconf 76' lang='lat' dir='ltr'>observante</span> <span class='ocrx_word' id='word_1_13' title='bbox 857 439 1062 527; x_wconf 82' lang='lat' dir='ltr'>Fischerc*),</span> <span class='ocrx_word' id='word_1_14' title='bbox 1095 441 1152 505; x_wconf 91' lang='lat' dir='ltr'>sed</span> <span class='ocrx_word' id='word_1_15' title='bbox 1176 455 1278 507; x_wconf 90' lang='lat' dir='ltr'>morte</span> <span class='ocrx_word' id='word_1_16' title='bbox 1296 439 1685 530; x_wconf 84' lang='lat' dir='ltr'>praematuraimpeditns</span> <span class='ocrx_word' id='word_1_17' title='bbox 1697 453 1814 508; x_wconf 89' lang='lat' dir='ltr'>conata</span> 
     </span>
     <span class='ocr_line' id='line_1_3' title="bbox 114 542 1814 633; baseline -0.002 -22"><span class='ocrx_word' id='word_1_18' title='bbox 114 545 250 632; x_wconf 85' lang='lat' dir='ltr'>exsequi</span> <span class='ocrx_word' id='word_1_19' title='bbox 269 546 355 610; x_wconf 88' lang='lat' dir='ltr'>hand</span> <span class='ocrx_word' id='word_1_20' title='bbox 379 547 493 633; x_wconf 91' lang='lat' dir='ltr'>potuit.</span> <span class='ocrx_word' id='word_1_21' title='bbox 545 545 703 632; x_wconf 89' lang='lat' dir='ltr'>Supplere</span> <span class='ocrx_word' id='word_1_22' title='bbox 739 565 868 630; x_wconf 90' lang='lat' dir='ltr'>quoque</span> <span class='ocrx_word' id='word_1_23' title='bbox 904 543 1029 609; x_wconf 89' lang='lat' dir='ltr'>huncce</span> <span class='ocrx_word' id='word_1_24' title='bbox 1057 542 1219 609; x_wconf 85' lang='lat' dir='ltr'>Gerhardi</span> <span class='ocrx_word' id='word_1_25' title='bbox 1252 542 1393 610; x_wconf 88' lang='lat' dir='ltr'>laborem</span> <span class='ocrx_word' id='word_1_26' title='bbox 1420 545 1521 611; x_wconf 88' lang='lat' dir='ltr'>voluit</span> <span class='ocrx_word' id='word_1_27' title='bbox 1547 543 1599 612; x_wconf 81' lang='lat' dir='ltr'>io.</span> <span class='ocrx_word' id='word_1_28' title='bbox 1629 543 1814 609; x_wconf 82' lang='lat' dir='ltr'>Gotttridus</span> 
     </span>
     <span class='ocr_line' id='line_1_4' title="bbox 117 644 1816 734; baseline -0.003 -19"><span class='ocrx_word' id='word_1_29' title='bbox 117 647 271 715; x_wconf 86' lang='lat' dir='ltr'>Olearius</span> <span class='ocrx_word' id='word_1_30' title='bbox 305 649 340 713; x_wconf 92' lang='lat' dir='ltr'>in</span> <span class='ocrx_word' id='word_1_31' title='bbox 377 649 485 714; x_wconf 77' lang='lat' dir='ltr'>Abaao</span> <span class='ocrx_word' id='word_1_32' title='bbox 512 649 728 734; x_wconf 65' lang='lat' dir='ltr'>‘patrolopism</span> <span class='ocrx_word' id='word_1_33' title='bbox 769 647 873 712; x_wconf 80' lang='lat' dir='ltr'>denae</span> <span class='ocrx_word' id='word_1_34' title='bbox 908 646 993 712; x_wconf 87' lang='grc'><strong>1673</strong></span> <span class='ocrx_word' id='word_1_35' title='bbox 1014 645 1101 732; x_wconf 82' lang='lat' dir='ltr'>typis</span> <span class='ocrx_word' id='word_1_36' title='bbox 1123 646 1291 733; x_wconf 84' lang='lat' dir='ltr'>exscripto.</span> <span class='ocrx_word' id='word_1_37' title='bbox 1341 644 1452 727; x_wconf 73' lang='lat' dir='ltr'>Qpnm</span> <span class='ocrx_word' id='word_1_38' title='bbox 1489 662 1565 713; x_wconf 87' lang='lat' dir='ltr'>vero</span> <span class='ocrx_word' id='word_1_39' title='bbox 1592 659 1624 711; x_wconf 91' lang='lat' dir='ltr'>et</span> <span class='ocrx_word' id='word_1_40' title='bbox 1653 646 1705 713; x_wconf 87' lang='lat' dir='ltr'>bic</span> <span class='ocrx_word' id='word_1_41' title='bbox 1733 646 1816 711; x_wconf 84' lang='lat' dir='ltr'>liber</span> 
     </span>
     <span class='ocr_line' id='line_1_5' title="bbox 115 748 1815 836; baseline -0.001 -22"><span class='ocrx_word' id='word_1_42' title='bbox 115 772 237 836; x_wconf 83' lang='lat' dir='ltr'>magna</span> <span class='ocrx_word' id='word_1_43' title='bbox 257 750 364 816; x_wconf 88' lang='lat' dir='ltr'>adbuc</span> <span class='ocrx_word' id='word_1_44' title='bbox 385 750 543 815; x_wconf 76' lang='lat' dir='ltr'>laboraret</span> <span class='ocrx_word' id='word_1_45' title='bbox 559 748 806 836; x_wconf 83' lang='lat' dir='ltr'>imperfectione,</span> <span class='ocrx_word' id='word_1_46' title='bbox 826 768 942 813; x_wconf 86' lang='lat' dir='ltr'>novam</span> <span class='ocrx_word' id='word_1_47' title='bbox 961 748 1029 812; x_wconf 90' lang='lat' dir='ltr'>eius</span> <span class='ocrx_word' id='word_1_48' title='bbox 1051 748 1223 814; x_wconf 80' lang='lat' dir='ltr'>editionem</span> <span class='ocrx_word' id='word_1_49' title='bbox 1243 749 1440 834; x_wconf 77' lang='lat' dir='ltr'>eandemque</span> <span class='ocrx_word' id='word_1_50' title='bbox 1455 749 1563 817; x_wconf 89' lang='lat' dir='ltr'>multis</span> <span class='ocrx_word' id='word_1_51' title='bbox 1578 749 1815 815; x_wconf 87' lang='lat' dir='ltr'>accessionibus</span> 
     </span>
     <span class='ocr_line' id='line_1_6' title="bbox 116 847 1815 936; baseline -0.001 -19"><span class='ocrx_word' id='word_1_52' title='bbox 116 854 287 919; x_wconf 82' lang='lat' dir='ltr'>adauctam</span> <span class='ocrx_word' id='word_1_53' title='bbox 307 853 476 917; x_wconf 85' lang='lat' dir='ltr'>adornavit</span> <span class='ocrx_word' id='word_1_54' title='bbox 501 852 639 917; x_wconf 91' lang='lat' dir='ltr'>auctoris</span> <span class='ocrx_word' id='word_1_55' title='bbox 661 850 763 929; x_wconf 85' lang='lat' dir='ltr'>filins,</span> <span class='ocrx_word' id='word_1_56' title='bbox 792 851 845 916; x_wconf 88' lang='lat' dir='ltr'>Jo.</span> <span class='ocrx_word' id='word_1_57' title='bbox 869 848 1015 916; x_wconf 88' lang='lat' dir='ltr'>Gottlieb</span> <span class='ocrx_word' id='word_1_58' title='bbox 1031 847 1198 925; x_wconf 86' lang='lat' dir='ltr'>Olearius,</span> <span class='ocrx_word' id='word_1_59' title='bbox 1220 851 1351 915; x_wconf 87' lang='lat' dir='ltr'>antistes</span> <span class='ocrx_word' id='word_1_60' title='bbox 1366 852 1617 930; x_wconf 85' lang='lat' dir='ltr'>Amstadiensis,</span> <span class='ocrx_word' id='word_1_61' title='bbox 1646 872 1730 936; x_wconf 92' lang='lat' dir='ltr'>quae</span> <span class='ocrx_word' id='word_1_62' title='bbox 1753 851 1815 915; x_wconf 84' lang='lat' dir='ltr'>snb</span> 
     </span>
     <span class='ocr_line' id='line_1_7' title="bbox 115 952 1816 1041; baseline -0.001 -21"><span class='ocrx_word' id='word_1_63' title='bbox 115 956 227 1022; x_wconf 87' lang='lat' dir='ltr'>titulo:</span> <span class='ocrx_word' id='word_1_64' title='bbox 260 958 454 1022; x_wconf 74' lang='lat' dir='ltr'>Bibliotheca</span> <span class='ocrx_word' id='word_1_65' title='bbox 475 959 661 1041; x_wconf 79' lang='lat' dir='ltr'>scriptoram</span> <span class='ocrx_word' id='word_1_66' title='bbox 682 956 966 1036; x_wconf 81' lang='lat' dir='ltr'>emissiastiaorum,</span> <span class='ocrx_word' id='word_1_67' title='bbox 982 952 1085 1017; x_wconf 87' lang='lat' dir='ltr'>Jenae</span> <span class='ocrx_word' id='word_1_68' title='bbox 1109 953 1188 1019; x_wconf 82' lang='lat'>1711</span> <span class='ocrx_word' id='word_1_69' title='bbox 1213 954 1242 1017; x_wconf 87' lang='grc'>4.</span> <span class='ocrx_word' id='word_1_70' title='bbox 1264 972 1336 1017; x_wconf 88' lang='grc'><strong>8661</strong></span> <span class='ocrx_word' id='word_1_71' title='bbox 1358 955 1558 1039; x_wconf 75' lang='lat' dir='ltr'>praefatione</span> <span class='ocrx_word' id='word_1_72' title='bbox 1578 954 1629 1020; x_wconf 90' lang='lat' dir='ltr'>Jo.</span> <span class='ocrx_word' id='word_1_73' title='bbox 1652 953 1816 1018; x_wconf 85' lang='lat' dir='ltr'>Francisci</span> 
     </span>
    </p>
   </div>
   <div class='ocr_carea' id='block_1_3' title="bbox 115 1055 839 1145">
    <p class='ocr_par' dir='ltr' id='par_1_3' title="bbox 115 1055 839 1145">
     <span class='ocr_line' id='line_1_8' title="bbox 115 1055 839 1145; baseline -0.004 -23"><span class='ocrx_word' id='word_1_74' title='bbox 115 1058 261 1143; x_wconf 87' lang='lat' dir='ltr'>Buddei,</span> <span class='ocrx_word' id='word_1_75' title='bbox 283 1059 389 1137; x_wconf 84' lang='lat' dir='ltr'>lucem</span> <span class='ocrx_word' id='word_1_76' title='bbox 410 1055 746 1145; x_wconf 79' lang='lat' dir='ltr'>adspexitpublicam.</span> <span class='ocrx_word' id='word_1_77' title='bbox 837 1087 839 1091; x_wconf 47' lang='grc'>’</span> 
     </span>
    </p>
   </div>
   <div class='ocr_carea' id='block_1_4' title="bbox 114 1190 1841 3018">
    <p class='ocr_par' dir='ltr' id='par_1_4' title="bbox 114 1190 1841 3018">
     <span class='ocr_line' id='line_1_9' title="bbox 248 1190 1841 1285; baseline -0.003 -25"><span class='ocrx_word' id='word_1_78' title='bbox 248 1192 384 1281; x_wconf 88' lang='lat' dir='ltr'>Scriptis</span> <span class='ocrx_word' id='word_1_79' title='bbox 400 1190 561 1258; x_wconf 76' lang='lat' dir='ltr'>Gemardi-</span> <span class='ocrx_word' id='word_1_80' title='bbox 577 1192 792 1259; x_wconf 77' lang='lat' dir='ltr'>accensendas</span> <span class='ocrx_word' id='word_1_81' title='bbox 812 1211 940 1277; x_wconf 87' lang='lat' dir='ltr'>qnoque</span> <span class='ocrx_word' id='word_1_82' title='bbox 958 1203 1032 1255; x_wconf 92' lang='lat' dir='ltr'>sunt</span> <span class='ocrx_word' id='word_1_83' title='bbox 1049 1192 1193 1258; x_wconf 89' lang='lat' dir='ltr'>eiusdem</span> <span class='ocrx_word' id='word_1_84' title='bbox 1211 1196 1446 1278; x_wconf 73' lang='lat' dir='ltr'>Disputationes</span> <span class='ocrx_word' id='word_1_85' title='bbox 1460 1196 1658 1278; x_wconf 75' lang='lat' dir='ltr'>tlieoloqisas,</span> <span class='ocrx_word' id='word_1_86' title='bbox 1682 1191 1815 1257; x_wconf 86' lang='lat' dir='ltr'>diversis</span> <span class='ocrx_word' id='word_1_87' title='bbox 1837 1280 1841 1285; x_wconf 82' lang='lat'>.</span> 
     </span>
     <span class='ocr_line' id='line_1_10' title="bbox 120 1292 1816 1383; baseline -0.002 -21"><span class='ocrx_word' id='word_1_88' title='bbox 120 1297 318 1383; x_wconf 81' lang='lat' dir='ltr'>temporibus</span> <span class='ocrx_word' id='word_1_89' title='bbox 339 1296 452 1360; x_wconf 90' lang='lat' dir='ltr'>editae.</span> <span class='ocrx_word' id='word_1_90' title='bbox 487 1293 570 1359; x_wconf 86' lang='lat' dir='ltr'>Sunt</span> <span class='ocrx_word' id='word_1_91' title='bbox 592 1317 631 1359; x_wconf 80' lang='lat' dir='ltr'>ex</span> <span class='ocrx_word' id='word_1_92' title='bbox 652 1295 703 1370; x_wconf 88' lang='lat' dir='ltr'>iis,</span> <span class='ocrx_word' id='word_1_93' title='bbox 724 1317 803 1378; x_wconf 90' lang='lat' dir='ltr'>quas</span> <span class='ocrx_word' id='word_1_94' title='bbox 825 1292 997 1378; x_wconf 86' lang='lat' dir='ltr'>separatim</span> <span class='ocrx_word' id='word_1_95' title='bbox 1018 1296 1156 1381; x_wconf 90' lang='lat' dir='ltr'>primum</span> <span class='ocrx_word' id='word_1_96' title='bbox 1176 1318 1309 1360; x_wconf 79' lang='lat' dir='ltr'>excusae</span> <span class='ocrx_word' id='word_1_97' title='bbox 1327 1297 1361 1360; x_wconf 92' lang='lat' dir='ltr'>in</span> <span class='ocrx_word' id='word_1_98' title='bbox 1381 1308 1467 1361; x_wconf 90' lang='lat' dir='ltr'>certa</span> <span class='ocrx_word' id='word_1_99' title='bbox 1489 1296 1639 1382; x_wconf 76' lang='lat' dir='ltr'>deinceps</span> <span class='ocrx_word' id='word_1_100' title='bbox 1654 1294 1816 1360; x_wconf 86' lang='lat' dir='ltr'>volumina</span> 
     </span>
     <span class='ocr_line' id='line_1_11' title="bbox 119 1394 1816 1486; baseline -0.002 -22"><span class='ocrx_word' id='word_1_101' title='bbox 119 1399 291 1486; x_wconf 86' lang='lat' dir='ltr'>congessit.</span> <span class='ocrx_word' id='word_1_102' title='bbox 327 1397 410 1462; x_wconf 84' lang='lat' dir='ltr'>Sunt</span> <span class='ocrx_word' id='word_1_103' title='bbox 427 1394 607 1476; x_wconf 77' lang='grc'><strong>8818111188,</strong></span> <span class='ocrx_word' id='word_1_104' title='bbox 630 1419 712 1480; x_wconf 90' lang='lat' dir='ltr'>quae</span> <span class='ocrx_word' id='word_1_105' title='bbox 728 1396 900 1460; x_wconf 89' lang='lat' dir='ltr'>hodienum</span> <span class='ocrx_word' id='word_1_106' title='bbox 915 1397 1047 1461; x_wconf 89' lang='lat' dir='ltr'>seorsim</span> <span class='ocrx_word' id='word_1_107' title='bbox 1072 1409 1218 1483; x_wconf 89' lang='lat' dir='ltr'>prostant</span> <span class='ocrx_word' id='word_1_108' title='bbox 1239 1398 1396 1483; x_wconf 90' lang='lat' dir='ltr'>certisque</span> <span class='ocrx_word' id='word_1_109' title='bbox 1412 1398 1663 1485; x_wconf 81' lang='lat' dir='ltr'>disputationum</span> <span class='ocrx_word' id='word_1_110' title='bbox 1680 1396 1816 1463; x_wconf 91' lang='lat' dir='ltr'>volumi-</span> 
     </span>
     <span class='ocr_line' id='line_1_12' title="bbox 117 1495 1816 1586; baseline -0.004 -18"><span class='ocrx_word' id='word_1_111' title='bbox 117 1501 215 1569; x_wconf 88' lang='lat' dir='ltr'>nibus</span> <span class='ocrx_word' id='word_1_112' title='bbox 245 1522 412 1584; x_wconf 89' lang='lat' dir='ltr'>nunquam</span> <span class='ocrx_word' id='word_1_113' title='bbox 437 1499 567 1564; x_wconf 83' lang='lat' dir='ltr'>inerunt</span> <span class='ocrx_word' id='word_1_114' title='bbox 597 1499 746 1566; x_wconf 87' lang='lat' dir='ltr'>insertae.</span> <span class='ocrx_word' id='word_1_115' title='bbox 798 1495 893 1578; x_wconf 83' lang='lat' dir='ltr'>Quae</span> <span class='ocrx_word' id='word_1_116' title='bbox 919 1498 961 1562; x_wconf 90' lang='lat' dir='ltr'>ad</span> <span class='ocrx_word' id='word_1_117' title='bbox 991 1499 1131 1584; x_wconf 86' lang='lat' dir='ltr'>priorem</span> <span class='ocrx_word' id='word_1_118' title='bbox 1159 1498 1294 1565; x_wconf 84' lang='lat' dir='ltr'>classem</span> <span class='ocrx_word' id='word_1_119' title='bbox 1321 1501 1497 1586; x_wconf 86' lang='lat' dir='ltr'>pertinent,</span> <span class='ocrx_word' id='word_1_120' title='bbox 1530 1514 1604 1565; x_wconf 91' lang='lat' dir='ltr'>sunt</span> <span class='ocrx_word' id='word_1_121' title='bbox 1629 1510 1816 1584; x_wconf 83' lang='lat' dir='ltr'>sequentes:</span> 
     </span>
     <span class='ocr_line' id='line_1_13' title="bbox 117 1602 1817 1690; baseline -0.004 -19"><span class='ocrx_word' id='word_1_122' title='bbox 117 1610 144 1671; x_wconf 91' lang='lat' dir='ltr'><em>I</em></span> <span class='ocrx_word' id='word_1_123' title='bbox 143 1605 158 1690; x_wconf 86' lang='lat'>)</span> <span class='ocrx_word' id='word_1_124' title='bbox 168 1608 274 1670; x_wconf 77' lang='lat' dir='ltr'>Decus</span> <span class='ocrx_word' id='word_1_125' title='bbox 288 1605 530 1690; x_wconf 71' lang='lat' dir='ltr'>dispmadonam</span> <span class='ocrx_word' id='word_1_126' title='bbox 543 1604 789 1689; x_wconf 76' lang='lat' dir='ltr'>theolcpiearum,</span> <span class='ocrx_word' id='word_1_127' title='bbox 804 1605 838 1666; x_wconf 84' lang='lat' dir='ltr'>in</span> <span class='ocrx_word' id='word_1_128' title='bbox 849 1603 959 1688; x_wconf 81' lang='lat' dir='ltr'>quibus</span> <span class='ocrx_word' id='word_1_129' title='bbox 971 1602 1072 1684; x_wconf 78' lang='lat' dir='ltr'>picria</span> <span class='ocrx_word' id='word_1_130' title='bbox 1080 1603 1145 1666; x_wconf 80' lang='lat' dir='ltr'>Da·</span> <span class='ocrx_word' id='word_1_131' title='bbox 1155 1624 1213 1688; x_wconf 89' lang='lat' dir='ltr'>per</span> <span class='ocrx_word' id='word_1_132' title='bbox 1227 1606 1418 1689; x_wconf 71' lang='lat' dir='ltr'>temptatas</span> <span class='ocrx_word' id='word_1_133' title='bbox 1423 1605 1611 1690; x_wconf 76' lang='lat' dir='ltr'>pontificias,</span> <span class='ocrx_word' id='word_1_134' title='bbox 1627 1604 1817 1667; x_wconf 79' lang='lat' dir='ltr'>calvinianae</span> 
     </span>
     <span class='ocr_line' id='line_1_14' title="bbox 118 1703 1816 1794; baseline -0.002 -22"><span class='ocrx_word' id='word_1_135' title='bbox 118 1720 147 1772; x_wconf 84' lang='lat' dir='ltr'>et</span> <span class='ocrx_word' id='word_1_136' title='bbox 173 1709 373 1794; x_wconf 77' lang='lat' dir='ltr'>ptoaatmas</span> <span class='ocrx_word' id='word_1_137' title='bbox 403 1706 587 1790; x_wconf 77' lang='lat' dir='ltr'>labefactari</span> <span class='ocrx_word' id='word_1_138' title='bbox 607 1707 784 1770; x_wconf 76' lang='lat' dir='ltr'>ostenditur.</span> <span class='ocrx_word' id='word_1_139' title='bbox 834 1704 1036 1769; x_wconf 80' lang='grc' dir='ltr'>Ι1811881618</span> <span class='ocrx_word' id='word_1_140' title='bbox 1058 1706 1088 1769; x_wconf 87' lang='grc'>4.</span> <span class='ocrx_word' id='word_1_141' title='bbox 1131 1703 1179 1790; x_wconf 90' lang='grc'>11)</span> <span class='ocrx_word' id='word_1_142' title='bbox 1202 1706 1385 1771; x_wconf 83' lang='lat' dir='ltr'>Heaadeeaa</span> <span class='ocrx_word' id='word_1_143' title='bbox 1406 1708 1648 1794; x_wconf 68' lang='lat' dir='ltr'>disputationum</span> <span class='ocrx_word' id='word_1_144' title='bbox 1668 1705 1816 1789; x_wconf 71' lang='grc'><strong>111881891-</strong></span> 
     </span>
     <span class='ocr_line' id='line_1_15' title="bbox 115 1807 1816 1895; baseline -0.004 -20"><span class='ocrx_word' id='word_1_145' title='bbox 115 1834 238 1887; x_wconf 76' lang='lat' dir='ltr'>eammz,</span> <span class='ocrx_word' id='word_1_146' title='bbox 259 1811 292 1874; x_wconf 88' lang='lat' dir='ltr'>in</span> <span class='ocrx_word' id='word_1_147' title='bbox 320 1807 429 1895; x_wconf 72' lang='lat' dir='ltr'>quidue</span> <span class='ocrx_word' id='word_1_148' title='bbox 456 1809 591 1873; x_wconf 83' lang='lat' dir='ltr'>studium</span> <span class='ocrx_word' id='word_1_149' title='bbox 611 1830 700 1872; x_wconf 84' lang='lat' dir='ltr'>uerae</span> <span class='ocrx_word' id='word_1_150' title='bbox 723 1809 905 1873; x_wconf 77' lang='grc'><strong>8181688888</strong></span> <span class='ocrx_word' id='word_1_151' title='bbox 921 1807 1047 1893; x_wconf 85' lang='lat' dir='ltr'>pietatis</span> <span class='ocrx_word' id='word_1_152' title='bbox 1063 1829 1126 1895; x_wconf 90' lang='lat' dir='ltr'>per</span> <span class='ocrx_word' id='word_1_153' title='bbox 1145 1808 1334 1893; x_wconf 79' lang='lat' dir='ltr'>pontificias,</span> <span class='ocrx_word' id='word_1_154' title='bbox 1357 1809 1546 1874; x_wconf 71' lang='lat' dir='ltr'>calarinianas</span> <span class='ocrx_word' id='word_1_155' title='bbox 1569 1821 1597 1872; x_wconf 89' lang='lat' dir='ltr'>et</span> <span class='ocrx_word' id='word_1_156' title='bbox 1613 1808 1816 1894; x_wconf 74' lang='lat' dir='ltr'>photinianus</span> 
     </span>
     <span class='ocr_line' id='line_1_16' title="bbox 117 1908 1817 1996; baseline -0.005 -19"><span class='ocrx_word' id='word_1_157' title='bbox 117 1916 276 1978; x_wconf 84' lang='lat' dir='ltr'>doctrinae</span> <span class='ocrx_word' id='word_1_158' title='bbox 310 1912 443 1975; x_wconf 73' lang='grc'><strong>88868118</strong></span> <span class='ocrx_word' id='word_1_159' title='bbox 476 1911 667 1995; x_wconf 79' lang='lat' dir='ltr'>eomnpteias</span> <span class='ocrx_word' id='word_1_160' title='bbox 698 1909 883 1992; x_wconf 84' lang='lat' dir='ltr'>labefactari</span> <span class='ocrx_word' id='word_1_161' title='bbox 915 1910 1091 1973; x_wconf 82' lang='lat' dir='ltr'>ostenditur.</span> <span class='ocrx_word' id='word_1_162' title='bbox 1157 1909 1260 1973; x_wconf 87' lang='lat' dir='ltr'>Jenae</span> <span class='ocrx_word' id='word_1_163' title='bbox 1293 1911 1376 1975; x_wconf 82' lang='lat'>1622</span> <span class='ocrx_word' id='word_1_164' title='bbox 1408 1913 1437 1977; x_wconf 86' lang='lat'>4.</span> <span class='ocrx_word' id='word_1_165' title='bbox 1462 1908 1530 1996; x_wconf 86' lang='grc' dir='ltr'>ΙΙΙ)</span> <span class='ocrx_word' id='word_1_166' title='bbox 1561 1911 1817 1994; x_wconf 83' lang='lat' dir='ltr'>Disputationum</span> 
     </span>
     <span class='ocr_line' id='line_1_17' title="bbox 118 2009 1815 2100; baseline -0.005 -20"><span class='ocrx_word' id='word_1_167' title='bbox 118 2014 357 2100; x_wconf 75' lang='lat' dir='ltr'>tloeoioqs&#39;ccrum</span> <span class='ocrx_word' id='word_1_168' title='bbox 378 2039 399 2079; x_wconf 84' lang='lat' dir='ltr'>a</span> <span class='ocrx_word' id='word_1_169' title='bbox 412 2010 647 2079; x_wconf 71' lang='lat' dir='ltr'>Jadertardo</span> <span class='ocrx_word' id='word_1_170' title='bbox 668 2014 701 2076; x_wconf 87' lang='lat' dir='ltr'>in</span> <span class='ocrx_word' id='word_1_171' title='bbox 721 2012 880 2077; x_wconf 72' lang='lat' dir='ltr'>madenia</span> <span class='ocrx_word' id='word_1_172' title='bbox 894 2012 1025 2078; x_wconf 77' lang='lat' dir='ltr'>Jamaa&#39;</span> <span class='ocrx_word' id='word_1_173' title='bbox 1043 2014 1287 2096; x_wconf 71' lang='lat' dir='ltr'>conscriptarum</span> <span class='ocrx_word' id='word_1_174' title='bbox 1307 2013 1470 2097; x_wconf 75' lang='lat' dir='ltr'>apsiliae</span> <span class='ocrx_word' id='word_1_175' title='bbox 1486 2013 1674 2088; x_wconf 75' lang='lat' dir='ltr'>labicana,</span> <span class='ocrx_word' id='word_1_176' title='bbox 1692 2009 1815 2096; x_wconf 85' lang='lat' dir='ltr'>pars]</span> 
     </span>
     <span class='ocr_line' id='line_1_18' title="bbox 117 2104 1818 2199; baseline -0.003 -18"><span class='ocrx_word' id='word_1_177' title='bbox 117 2131 146 2182; x_wconf 89' lang='lat' dir='ltr'>et</span> <span class='ocrx_word' id='word_1_178' title='bbox 158 2119 207 2183; x_wconf 91' lang='lat' dir='ltr'>II.</span> <span class='ocrx_word' id='word_1_179' title='bbox 249 2116 352 2180; x_wconf 88' lang='lat' dir='ltr'>Jenae</span> <span class='ocrx_word' id='word_1_180' title='bbox 374 2116 457 2180; x_wconf 88' lang='grc'><strong>1625</strong></span> <span class='ocrx_word' id='word_1_181' title='bbox 479 2116 509 2180; x_wconf 89' lang='grc'>8.</span> <span class='ocrx_word' id='word_1_182' title='bbox 543 2114 607 2198; x_wconf 86' lang='grc' dir='ltr'>Ν)</span> <span class='ocrx_word' id='word_1_183' title='bbox 619 2115 855 2199; x_wconf 86' lang='lat' dir='ltr'>Disputationes</span> <span class='ocrx_word' id='word_1_184' title='bbox 870 2115 1057 2198; x_wconf 79' lang='lat' dir='ltr'>synoptieae,</span> <span class='ocrx_word' id='word_1_185' title='bbox 1079 2134 1176 2198; x_wconf 87' lang='lat' dir='ltr'>supra</span> <span class='ocrx_word' id='word_1_186' title='bbox 1193 2137 1225 2198; x_wconf 90' lang='lat' dir='ltr'>p.</span> <span class='ocrx_word' id='word_1_187' title='bbox 1247 2115 1342 2177; x_wconf 88' lang='lat' dir='ltr'>XXI</span> <span class='ocrx_word' id='word_1_188' title='bbox 1357 2113 1420 2178; x_wconf 88' lang='lat' dir='ltr'>iam</span> <span class='ocrx_word' id='word_1_189' title='bbox 1437 2114 1622 2178; x_wconf 87' lang='lat' dir='ltr'>recensitae.</span> <span class='ocrx_word' id='word_1_190' title='bbox 1648 2112 1693 2194; x_wconf 91' lang='lat' dir='ltr'>V)</span> <span class='ocrx_word' id='word_1_191' title='bbox 1715 2104 1818 2187; x_wconf 74' lang='grc' dir='ltr'><strong>Εἰκὸς</strong></span> 
     </span>
     <span class='ocr_line' id='line_1_19' title="bbox 119 2211 1818 2304; baseline -0.002 -24"><span class='ocrx_word' id='word_1_192' title='bbox 119 2219 362 2304; x_wconf 62' lang='lat' dir='ltr'>disputationum</span> <span class='ocrx_word' id='word_1_193' title='bbox 383 2217 630 2301; x_wconf 70' lang='lat' dir='ltr'>theoloqiearum,</span> <span class='ocrx_word' id='word_1_194' title='bbox 657 2219 689 2280; x_wconf 84' lang='lat' dir='ltr'>in</span> <span class='ocrx_word' id='word_1_195' title='bbox 710 2217 818 2302; x_wconf 82' lang='lat' dir='ltr'>quibus</span> <span class='ocrx_word' id='word_1_196' title='bbox 841 2219 988 2301; x_wconf 76' lang='lat' dir='ltr'>dopmnis</span> <span class='ocrx_word' id='word_1_197' title='bbox 1003 2217 1138 2300; x_wconf 79' lang='lat' dir='ltr'>papalia</span> <span class='ocrx_word' id='word_1_198' title='bbox 1166 2218 1253 2279; x_wconf 78' lang='lat' dir='ltr'>iusta</span> <span class='ocrx_word' id='word_1_199' title='bbox 1274 2218 1382 2279; x_wconf 86' lang='lat' dir='ltr'>seriem</span> <span class='ocrx_word' id='word_1_200' title='bbox 1405 2215 1594 2280; x_wconf 71' lang='lat' dir='ltr'>Badiamaioi</span> <span class='ocrx_word' id='word_1_201' title='bbox 1613 2211 1818 2296; x_wconf 77' lang='grc' dir='ltr'><strong><em>ἒπιτομικῶς</em></strong></span> 
     </span>
     <span class='ocr_line' id='line_1_20' title="bbox 117 2316 1816 2406; baseline -0.002 -22"><span class='ocrx_word' id='word_1_202' title='bbox 117 2322 342 2406; x_wconf 69' lang='lat' dir='ltr'>expenduntur.</span> <span class='ocrx_word' id='word_1_203' title='bbox 362 2317 465 2381; x_wconf 87' lang='lat' dir='ltr'>Jenae</span> <span class='ocrx_word' id='word_1_204' title='bbox 488 2318 571 2382; x_wconf 83' lang='lat'>1629</span> <span class='ocrx_word' id='word_1_205' title='bbox 586 2320 615 2382; x_wconf 78' lang='lat'>4.</span> <span class='ocrx_word' id='word_1_206' title='bbox 638 2316 698 2402; x_wconf 93' lang='lat' dir='ltr'>VI)</span> <span class='ocrx_word' id='word_1_207' title='bbox 720 2319 981 2403; x_wconf 82' lang='lat' dir='ltr'>Disputatioaam</span> <span class='ocrx_word' id='word_1_208' title='bbox 1009 2318 1246 2403; x_wconf 78' lang='lat' dir='ltr'>ticolopicaram</span> <span class='ocrx_word' id='word_1_209' title='bbox 1274 2321 1306 2382; x_wconf 88' lang='lat' dir='ltr'>in</span> <span class='ocrx_word' id='word_1_210' title='bbox 1330 2320 1489 2383; x_wconf 74' lang='lat' dir='ltr'>aaailemia</span> <span class='ocrx_word' id='word_1_211' title='bbox 1510 2318 1639 2384; x_wconf 88' lang='lat' dir='ltr'>Jenensi</span> <span class='ocrx_word' id='word_1_212' title='bbox 1660 2317 1816 2401; x_wconf 79' lang='lat' dir='ltr'>conserip-</span> 
     </span>
     <span class='ocr_line' id='line_1_21' title="bbox 118 2418 1817 2508; baseline -0.002 -22"><span class='ocrx_word' id='word_1_213' title='bbox 118 2436 224 2486; x_wconf 82' lang='lat' dir='ltr'>taram</span> <span class='ocrx_word' id='word_1_214' title='bbox 243 2433 271 2484; x_wconf 89' lang='lat' dir='ltr'>et</span> <span class='ocrx_word' id='word_1_215' title='bbox 286 2418 412 2505; x_wconf 85' lang='lat' dir='ltr'>publice</span> <span class='ocrx_word' id='word_1_216' title='bbox 433 2419 610 2484; x_wconf 72' lang='lat' dir='ltr'>labiorum</span> <span class='ocrx_word' id='word_1_217' title='bbox 626 2432 735 2506; x_wconf 88' lang='lat' dir='ltr'>partes</span> <span class='ocrx_word' id='word_1_218' title='bbox 758 2433 829 2496; x_wconf 86' lang='lat' dir='ltr'>tres,</span> <span class='ocrx_word' id='word_1_219' title='bbox 852 2444 986 2505; x_wconf 85' lang='lat' dir='ltr'>quarum</span> <span class='ocrx_word' id='word_1_220' title='bbox 1006 2422 1225 2508; x_wconf 74' lang='lat' dir='ltr'>deceptiores</span> <span class='ocrx_word' id='word_1_221' title='bbox 1248 2422 1373 2486; x_wconf 84' lang='lat' dir='ltr'>antehac</span> <span class='ocrx_word' id='word_1_222' title='bbox 1388 2423 1516 2485; x_wconf 87' lang='lat' dir='ltr'>seorsim</span> <span class='ocrx_word' id='word_1_223' title='bbox 1530 2422 1626 2485; x_wconf 85' lang='lat' dir='ltr'>lacem</span> <span class='ocrx_word' id='word_1_224' title='bbox 1641 2422 1817 2504; x_wconf 78' lang='lat' dir='ltr'>adspicere,</span> 
     </span>
     <span class='ocr_line' id='line_1_22' title="bbox 118 2520 1819 2609; baseline -0.002 -24"><span class='ocrx_word' id='word_1_225' title='bbox 118 2525 211 2587; x_wconf 88' lang='lat' dir='ltr'>tertia</span> <span class='ocrx_word' id='word_1_226' title='bbox 234 2545 305 2586; x_wconf 87' lang='lat' dir='ltr'>vero</span> <span class='ocrx_word' id='word_1_227' title='bbox 327 2523 391 2585; x_wconf 89' lang='lat' dir='ltr'>iam</span> <span class='ocrx_word' id='word_1_228' title='bbox 413 2544 493 2584; x_wconf 85' lang='lat' dir='ltr'>nune</span> <span class='ocrx_word' id='word_1_229' title='bbox 513 2523 634 2586; x_wconf 76' lang='grc'><strong>11818818</strong></span> <span class='ocrx_word' id='word_1_230' title='bbox 656 2524 787 2588; x_wconf 77' lang='lat' dir='ltr'>accessit.</span> <span class='ocrx_word' id='word_1_231' title='bbox 826 2521 929 2585; x_wconf 88' lang='lat' dir='ltr'>Jenae</span> <span class='ocrx_word' id='word_1_232' title='bbox 953 2524 1036 2590; x_wconf 91' lang='grc'><strong>1655</strong></span> <span class='ocrx_word' id='word_1_233' title='bbox 1058 2525 1087 2588; x_wconf 87' lang='grc'>4.</span> <span class='ocrx_word' id='word_1_234' title='bbox 1121 2522 1216 2587; x_wconf 90' lang='lat' dir='ltr'>Duae</span> <span class='ocrx_word' id='word_1_235' title='bbox 1237 2523 1359 2608; x_wconf 87' lang='lat' dir='ltr'>priores</span> <span class='ocrx_word' id='word_1_236' title='bbox 1372 2534 1480 2609; x_wconf 89' lang='lat' dir='ltr'>partes</span> <span class='ocrx_word' id='word_1_237' title='bbox 1496 2545 1548 2588; x_wconf 91' lang='lat' dir='ltr'>eas</span> <span class='ocrx_word' id='word_1_238' title='bbox 1564 2520 1819 2608; x_wconf 89' lang='lat' dir='ltr'>complectuntur</span> 
     </span>
     <span class='ocr_line' id='line_1_23' title="bbox 119 2622 1818 2711; baseline -0.002 -22"><span class='ocrx_word' id='word_1_239' title='bbox 119 2623 377 2708; x_wconf 86' lang='lat' dir='ltr'>dissertationes,</span> <span class='ocrx_word' id='word_1_240' title='bbox 409 2645 489 2707; x_wconf 91' lang='grc'><strong>6688</strong></span> <span class='ocrx_word' id='word_1_241' title='bbox 519 2623 568 2688; x_wconf 89' lang='lat' dir='ltr'>vir</span> <span class='ocrx_word' id='word_1_242' title='bbox 595 2625 707 2689; x_wconf 91' lang='lat' dir='ltr'>beatus</span> <span class='ocrx_word' id='word_1_243' title='bbox 736 2625 820 2709; x_wconf 92' lang='lat' dir='ltr'>ipse,</span> <span class='ocrx_word' id='word_1_244' title='bbox 853 2624 929 2688; x_wconf 90' lang='lat' dir='ltr'>dum</span> <span class='ocrx_word' id='word_1_245' title='bbox 956 2624 1060 2688; x_wconf 91' lang='lat' dir='ltr'>adbuc</span> <span class='ocrx_word' id='word_1_246' title='bbox 1085 2624 1119 2688; x_wconf 92' lang='lat' dir='ltr'>in</span> <span class='ocrx_word' id='word_1_247' title='bbox 1147 2625 1227 2689; x_wconf 91' lang='lat' dir='ltr'>vivis</span> <span class='ocrx_word' id='word_1_248' title='bbox 1254 2638 1352 2711; x_wconf 86' lang='lat' dir='ltr'>esset,</span> <span class='ocrx_word' id='word_1_249' title='bbox 1380 2624 1508 2711; x_wconf 90' lang='lat' dir='ltr'>collegit</span> <span class='ocrx_word' id='word_1_250' title='bbox 1530 2638 1626 2710; x_wconf 90' lang='lat' dir='ltr'>atque</span> <span class='ocrx_word' id='word_1_251' title='bbox 1649 2622 1818 2709; x_wconf 84' lang='lat' dir='ltr'>evulgavit,</span> 
     </span>
     <span class='ocr_line' id='line_1_24' title="bbox 119 2724 1819 2814; baseline -0.002 -23"><span class='ocrx_word' id='word_1_252' title='bbox 119 2748 244 2810; x_wconf 92' lang='lat' dir='ltr'>nosque</span> <span class='ocrx_word' id='word_1_253' title='bbox 278 2748 374 2812; x_wconf 87' lang='lat' dir='ltr'>supra</span> <span class='ocrx_word' id='word_1_254' title='bbox 404 2748 531 2790; x_wconf 87' lang='lat' dir='ltr'>numero</span> <span class='ocrx_word' id='word_1_255' title='bbox 547 2729 616 2790; x_wconf 88' lang='lat' dir='ltr'>III</span> <span class='ocrx_word' id='word_1_256' title='bbox 631 2726 857 2811; x_wconf 81' lang='lat' dir='ltr'>indicavimus3</span> <span class='ocrx_word' id='word_1_257' title='bbox 890 2727 984 2792; x_wconf 91' lang='lat' dir='ltr'>tertia</span> <span class='ocrx_word' id='word_1_258' title='bbox 1014 2748 1090 2791; x_wconf 90' lang='lat' dir='ltr'>vero</span> <span class='ocrx_word' id='word_1_259' title='bbox 1123 2727 1264 2791; x_wconf 89' lang='lat' dir='ltr'>continet</span> <span class='ocrx_word' id='word_1_260' title='bbox 1296 2726 1408 2812; x_wconf 87' lang='lat' dir='ltr'>viginti</span> <span class='ocrx_word' id='word_1_261' title='bbox 1434 2726 1664 2814; x_wconf 89' lang='lat' dir='ltr'>disputationes</span> <span class='ocrx_word' id='word_1_262' title='bbox 1694 2724 1819 2789; x_wconf 82' lang='lat' dir='ltr'>Beller-</span> 
     </span>
     <span class='ocr_line' id='line_1_25' title="bbox 119 2818 1817 2916; baseline -0.001 -23"><span class='ocrx_word' id='word_1_263' title='bbox 119 2829 207 2893; x_wconf 89' lang='lat' dir='ltr'>mino</span> <span class='ocrx_word' id='word_1_264' title='bbox 244 2828 408 2915; x_wconf 88' lang='lat' dir='ltr'>oppositas</span> <span class='ocrx_word' id='word_1_265' title='bbox 443 2852 570 2893; x_wconf 87' lang='lat' dir='ltr'>numero</span> <span class='ocrx_word' id='word_1_266' title='bbox 601 2831 632 2893; x_wconf 89' lang='lat' dir='ltr'><em>V</em></span> <span class='ocrx_word' id='word_1_267' title='bbox 651 2818 676 2892; x_wconf 66' lang='lat' dir='ltr'>⁸a</span> <span class='ocrx_word' id='word_1_268' title='bbox 704 2829 796 2894; x_wconf 90' lang='lat' dir='ltr'>nobis</span> <span class='ocrx_word' id='word_1_269' title='bbox 832 2843 1101 2896; x_wconf 88' lang='lat' dir='ltr'>commemoratas.</span> <span class='ocrx_word' id='word_1_270' title='bbox 1157 2828 1236 2913; x_wconf 90' lang='lat' dir='ltr'>VII)</span> <span class='ocrx_word' id='word_1_271' title='bbox 1272 2831 1428 2894; x_wconf 83' lang='lat' dir='ltr'>Tredecim</span> <span class='ocrx_word' id='word_1_272' title='bbox 1461 2832 1682 2916; x_wconf 87' lang='lat' dir='ltr'>disputationes</span> <span class='ocrx_word' id='word_1_273' title='bbox 1717 2829 1817 2893; x_wconf 82' lang='lat' dir='ltr'>libello</span> 
     </span>
     <span class='ocr_line' id='line_1_26' title="bbox 114 2928 1818 3018; baseline -0.001 -24"><span class='ocrx_word' id='word_1_274' title='bbox 114 2933 233 3018; x_wconf 74' lang='lat' dir='ltr'>pontis.</span> <span class='ocrx_word' id='word_1_275' title='bbox 256 2932 313 2994; x_wconf 81' lang='lat' dir='ltr'>suh</span> <span class='ocrx_word' id='word_1_276' title='bbox 333 2931 375 2994; x_wconf 88' lang='lat' dir='ltr'>tit.</span> <span class='ocrx_word' id='word_1_277' title='bbox 405 2928 586 3015; x_wconf 87' lang='lat' dir='ltr'>Phosphori</span> <span class='ocrx_word' id='word_1_278' title='bbox 608 2934 688 2995; x_wconf 85' lang='lat' dir='ltr'>edito</span> <span class='ocrx_word' id='word_1_279' title='bbox 711 2934 878 3016; x_wconf 83' lang='lat' dir='ltr'>oppositae,</span> <span class='ocrx_word' id='word_1_280' title='bbox 895 2954 1028 3017; x_wconf 84' lang='grc'><strong>6681661</strong></span> <span class='ocrx_word' id='word_1_281' title='bbox 1052 2955 1149 3018; x_wconf 89' lang='lat' dir='ltr'>supra</span> <span class='ocrx_word' id='word_1_282' title='bbox 1166 2957 1240 3018; x_wconf 82' lang='lat' dir='ltr'>pap.</span> <span class='ocrx_word' id='word_1_283' title='bbox 1263 2934 1359 2996; x_wconf 86' lang='lat' dir='ltr'>XXI</span> <span class='ocrx_word' id='word_1_284' title='bbox 1374 2933 1436 2997; x_wconf 92' lang='lat' dir='ltr'>iam</span> <span class='ocrx_word' id='word_1_285' title='bbox 1460 2932 1593 2997; x_wconf 82' lang='lat' dir='ltr'>lecimus</span> <span class='ocrx_word' id='word_1_286' title='bbox 1616 2931 1818 2996; x_wconf 88' lang='lat' dir='ltr'>mentionem.</span> 
     </span>
    </p>
   </div>
   <div class='ocr_carea' id='block_1_5' title="bbox 119 3029 1819 3424">
    <p class='ocr_par' dir='ltr' id='par_1_5' title="bbox 119 3029 1819 3424">
     <span class='ocr_line' id='line_1_27' title="bbox 122 3029 1818 3120; baseline 0 -24"><span class='ocrx_word' id='word_1_287' title='bbox 122 3035 149 3096; x_wconf 89' lang='lat' dir='ltr'>V</span> <span class='ocrx_word' id='word_1_288' title='bbox 153 3032 220 3114; x_wconf 91' lang='lat' dir='ltr'>Ill)</span> <span class='ocrx_word' id='word_1_289' title='bbox 237 3034 448 3097; x_wconf 78' lang='lat' dir='ltr'>Bellamninus</span> <span class='ocrx_word' id='word_1_290' title='bbox 471 3029 670 3116; x_wconf 67' lang='grc' dir='ltr'><strong><em>ὀρθοδοξίας</em></strong></span> <span class='ocrx_word' id='word_1_291' title='bbox 692 3036 783 3108; x_wconf 84' lang='lat' dir='ltr'>testie,</span> <span class='ocrx_word' id='word_1_292' title='bbox 799 3055 895 3118; x_wconf 88' lang='lat' dir='ltr'>supra</span> <span class='ocrx_word' id='word_1_293' title='bbox 908 3058 983 3118; x_wconf 83' lang='lat' dir='ltr'>pap.</span> <span class='ocrx_word' id='word_1_294' title='bbox 996 3035 1113 3097; x_wconf 89' lang='lat' dir='ltr'><em>XVII.</em></span> <span class='ocrx_word' id='word_1_295' title='bbox 1138 3058 1157 3097; x_wconf 92' lang='lat' dir='ltr'>a</span> <span class='ocrx_word' id='word_1_296' title='bbox 1179 3033 1271 3097; x_wconf 89' lang='lat' dir='ltr'>nobis</span> <span class='ocrx_word' id='word_1_297' title='bbox 1294 3034 1450 3101; x_wconf 88' lang='lat' dir='ltr'>laudatus.</span> <span class='ocrx_word' id='word_1_298' title='bbox 1491 3033 1560 3120; x_wconf 92' lang='lat' dir='ltr'>IX)</span> <span class='ocrx_word' id='word_1_299' title='bbox 1583 3036 1818 3119; x_wconf 73' lang='lat' dir='ltr'>Disputationes</span> 
     </span>
     <span class='ocr_line' id='line_1_28' title="bbox 119 3132 1819 3220; baseline -0.002 -20"><span class='ocrx_word' id='word_1_300' title='bbox 119 3136 292 3220; x_wconf 82' lang='lat' dir='ltr'>isaqoqicae</span> <span class='ocrx_word' id='word_1_301' title='bbox 307 3146 336 3196; x_wconf 90' lang='lat' dir='ltr'>et</span> <span class='ocrx_word' id='word_1_302' title='bbox 360 3132 412 3218; x_wconf 88' lang='grc' dir='ltr'>Χ)</span> <span class='ocrx_word' id='word_1_303' title='bbox 424 3135 658 3219; x_wconf 85' lang='lat' dir='ltr'>Disputationes</span> <span class='ocrx_word' id='word_1_304' title='bbox 674 3138 763 3199; x_wconf 85' lang='lat' dir='ltr'>Anti·</span> <span class='ocrx_word' id='word_1_305' title='bbox 775 3136 995 3211; x_wconf 72' lang='lat' dir='ltr'>llhmidianae,</span> <span class='ocrx_word' id='word_1_306' title='bbox 1024 3158 1104 3219; x_wconf 90' lang='lat' dir='ltr'>quas</span> <span class='ocrx_word' id='word_1_307' title='bbox 1127 3135 1237 3200; x_wconf 91' lang='lat' dir='ltr'>itidem</span> <span class='ocrx_word' id='word_1_308' title='bbox 1259 3159 1356 3220; x_wconf 89' lang='lat' dir='ltr'>supra</span> <span class='ocrx_word' id='word_1_309' title='bbox 1377 3136 1440 3200; x_wconf 89' lang='lat' dir='ltr'>iam</span> <span class='ocrx_word' id='word_1_310' title='bbox 1462 3137 1686 3201; x_wconf 89' lang='lat' dir='ltr'>recensuimus.</span> <span class='ocrx_word' id='word_1_311' title='bbox 1731 3134 1819 3199; x_wconf 88' lang='lat' dir='ltr'>Reli-</span> 
     </span>
     <span class='ocr_line' id='line_1_29' title="bbox 121 3235 1818 3323; baseline 0.001 -23"><span class='ocrx_word' id='word_1_312' title='bbox 121 3259 258 3323; x_wconf 88' lang='lat' dir='ltr'>quarum</span> <span class='ocrx_word' id='word_1_313' title='bbox 279 3235 538 3300; x_wconf 86' lang='lat' dir='ltr'>dissertationum</span> <span class='ocrx_word' id='word_1_314' title='bbox 570 3236 741 3321; x_wconf 88' lang='lat' dir='ltr'>separatim</span> <span class='ocrx_word' id='word_1_315' title='bbox 763 3244 935 3300; x_wconf 84' lang='lat' dir='ltr'>etiamnum</span> <span class='ocrx_word' id='word_1_316' title='bbox 966 3238 1157 3301; x_wconf 86' lang='lat' dir='ltr'>exstantium</span> <span class='ocrx_word' id='word_1_317' title='bbox 1187 3236 1347 3323; x_wconf 83' lang='lat' dir='ltr'>syllabum</span> <span class='ocrx_word' id='word_1_318' title='bbox 1374 3238 1461 3303; x_wconf 92' lang='lat' dir='ltr'>dedit</span> <span class='ocrx_word' id='word_1_319' title='bbox 1482 3237 1726 3319; x_wconf 72' lang='lat' dir='ltr'>Fischerus**),</span> <span class='ocrx_word' id='word_1_320' title='bbox 1761 3258 1818 3302; x_wconf 90' lang='lat' dir='ltr'>nec</span> 
     </span>
     <span class='ocr_line' id='line_1_30' title="bbox 120 3336 1727 3424; baseline 0.002 -22"><span class='ocrx_word' id='word_1_321' title='bbox 120 3338 257 3404; x_wconf 89' lang='lat' dir='ltr'>instituti</span> <span class='ocrx_word' id='word_1_322' title='bbox 274 3337 375 3401; x_wconf 89' lang='lat' dir='ltr'>nostri</span> <span class='ocrx_word' id='word_1_323' title='bbox 395 3338 532 3403; x_wconf 87' lang='lat' dir='ltr'>brevitas</span> <span class='ocrx_word' id='word_1_324' title='bbox 554 3338 717 3424; x_wconf 87' lang='lat' dir='ltr'>permittit,</span> <span class='ocrx_word' id='word_1_325' title='bbox 740 3354 775 3403; x_wconf 89' lang='lat' dir='ltr'>ut</span> <span class='ocrx_word' id='word_1_326' title='bbox 796 3339 932 3402; x_wconf 91' lang='lat' dir='ltr'>eundem</span> <span class='ocrx_word' id='word_1_327' title='bbox 953 3360 1025 3403; x_wconf 90' lang='lat' dir='ltr'>cum</span> <span class='ocrx_word' id='word_1_328' title='bbox 1045 3336 1215 3404; x_wconf 89' lang='lat' dir='ltr'>lectoribus</span> <span class='ocrx_word' id='word_1_329' title='bbox 1239 3340 1357 3404; x_wconf 90' lang='lat' dir='ltr'>nostris</span> <span class='ocrx_word' id='word_1_330' title='bbox 1377 3341 1428 3404; x_wconf 93' lang='lat' dir='ltr'>hic</span> <span class='ocrx_word' id='word_1_331' title='bbox 1451 3340 1727 3406; x_wconf 88' lang='lat' dir='ltr'>communicemus.</span> 
     </span>
    </p>
   </div>
   <div class='ocr_carea' id='block_1_6' title="bbox 119 3473 1818 4380">
    <p class='ocr_par' dir='ltr' id='par_1_6' title="bbox 119 3473 1818 4380">
     <span class='ocr_line' id='line_1_31' title="bbox 254 3473 1817 3562; baseline 0.001 -25"><span class='ocrx_word' id='word_1_332' title='bbox 254 3473 542 3539; x_wconf 91' lang='lat' dir='ltr'>Praetermittimus</span> <span class='ocrx_word' id='word_1_333' title='bbox 576 3497 704 3559; x_wconf 91' lang='lat' dir='ltr'>quoque</span> <span class='ocrx_word' id='word_1_334' title='bbox 737 3479 890 3540; x_wconf 80' lang='lat' dir='ltr'>orationes</span> <span class='ocrx_word' id='word_1_335' title='bbox 923 3499 943 3538; x_wconf 89' lang='lat' dir='ltr'>a</span> <span class='ocrx_word' id='word_1_336' title='bbox 972 3473 1138 3539; x_wconf 89' lang='lat' dir='ltr'>Gerhardo</span> <span class='ocrx_word' id='word_1_337' title='bbox 1168 3489 1276 3541; x_wconf 92' lang='lat' dir='ltr'>nostro</span> <span class='ocrx_word' id='word_1_338' title='bbox 1302 3476 1424 3540; x_wconf 89' lang='lat' dir='ltr'>habitas</span> <span class='ocrx_word' id='word_1_339' title='bbox 1453 3478 1602 3562; x_wconf 89' lang='lat' dir='ltr'>typisque</span> <span class='ocrx_word' id='word_1_340' title='bbox 1634 3474 1817 3561; x_wconf 85' lang='lat' dir='ltr'>exscriptas,</span> 
     </span>
     <span class='ocr_line' id='line_1_32' title="bbox 121 3577 1817 3664; baseline -0.001 -23"><span class='ocrx_word' id='word_1_341' title='bbox 121 3579 264 3661; x_wconf 90' lang='lat' dir='ltr'>itemque</span> <span class='ocrx_word' id='word_1_342' title='bbox 279 3579 502 3663; x_wconf 72' lang='lat' dir='ltr'>praefationes,</span> <span class='ocrx_word' id='word_1_343' title='bbox 524 3577 641 3663; x_wconf 91' lang='lat' dir='ltr'>quibus</span> <span class='ocrx_word' id='word_1_344' title='bbox 665 3578 798 3642; x_wconf 89' lang='lat' dir='ltr'>aliorum</span> <span class='ocrx_word' id='word_1_345' title='bbox 821 3578 918 3641; x_wconf 88' lang='lat' dir='ltr'>libros</span> <span class='ocrx_word' id='word_1_346' title='bbox 941 3577 1073 3657; x_wconf 86' lang='lat' dir='ltr'>ornavit,</span> <span class='ocrx_word' id='word_1_347' title='bbox 1096 3577 1286 3662; x_wconf 86' lang='lat' dir='ltr'>codicesque</span> <span class='ocrx_word' id='word_1_348' title='bbox 1308 3602 1403 3642; x_wconf 90' lang='lat' dir='ltr'>manu</span> <span class='ocrx_word' id='word_1_349' title='bbox 1423 3579 1522 3664; x_wconf 86' lang='lat' dir='ltr'>ipsius</span> <span class='ocrx_word' id='word_1_350' title='bbox 1543 3579 1688 3663; x_wconf 90' lang='lat' dir='ltr'>scriptos,</span> <span class='ocrx_word' id='word_1_351' title='bbox 1706 3578 1762 3661; x_wconf 92' lang='lat' dir='ltr'>qui</span> <span class='ocrx_word' id='word_1_352' title='bbox 1783 3577 1817 3640; x_wconf 93' lang='lat' dir='ltr'>in</span> 
     </span>
     <span class='ocr_line' id='line_1_33' title="bbox 119 3678 1817 3765; baseline -0.001 -21"><span class='ocrx_word' id='word_1_353' title='bbox 119 3679 317 3744; x_wconf 88' lang='lat' dir='ltr'>bibliotheca</span> <span class='ocrx_word' id='word_1_354' title='bbox 349 3678 502 3744; x_wconf 88' lang='lat' dir='ltr'>Gothana</span> <span class='ocrx_word' id='word_1_355' title='bbox 536 3694 755 3765; x_wconf 87' lang='lat' dir='ltr'>asservantur,</span> <span class='ocrx_word' id='word_1_356' title='bbox 794 3680 834 3744; x_wconf 91' lang='lat' dir='ltr'>de</span> <span class='ocrx_word' id='word_1_357' title='bbox 870 3679 987 3764; x_wconf 91' lang='lat' dir='ltr'>quibus</span> <span class='ocrx_word' id='word_1_358' title='bbox 1023 3679 1171 3743; x_wconf 88' lang='lat' dir='ltr'>omnibus</span> <span class='ocrx_word' id='word_1_359' title='bbox 1210 3680 1339 3765; x_wconf 83' lang='lat' dir='ltr'>copiose</span> <span class='ocrx_word' id='word_1_360' title='bbox 1380 3680 1528 3745; x_wconf 90' lang='lat' dir='ltr'>disseruit</span> <span class='ocrx_word' id='word_1_361' title='bbox 1566 3679 1817 3760; x_wconf 82' lang='lat' dir='ltr'>Fischerus***).</span> 
     </span>
     <span class='ocr_line' id='line_1_34' title="bbox 122 3781 1818 3868; baseline -0.002 -20"><span class='ocrx_word' id='word_1_362' title='bbox 122 3781 408 3848; x_wconf 89' lang='lat' dir='ltr'>Praetermittimus</span> <span class='ocrx_word' id='word_1_363' title='bbox 436 3782 575 3867; x_wconf 90' lang='lat' dir='ltr'>denique</span> <span class='ocrx_word' id='word_1_364' title='bbox 608 3781 845 3847; x_wconf 86' lang='lat' dir='ltr'>dissertationes</span> <span class='ocrx_word' id='word_1_365' title='bbox 875 3782 943 3846; x_wconf 90' lang='lat' dir='ltr'>eius</span> <span class='ocrx_word' id='word_1_366' title='bbox 963 3784 1211 3868; x_wconf 76' lang='lat' dir='ltr'>philosophicas,</span> <span class='ocrx_word' id='word_1_367' title='bbox 1242 3804 1281 3845; x_wconf 85' lang='lat' dir='ltr'>ex</span> <span class='ocrx_word' id='word_1_368' title='bbox 1307 3782 1425 3867; x_wconf 91' lang='lat' dir='ltr'>quibus</span> <span class='ocrx_word' id='word_1_369' title='bbox 1445 3781 1614 3847; x_wconf 90' lang='lat' dir='ltr'>nonnullas</span> <span class='ocrx_word' id='word_1_370' title='bbox 1637 3806 1732 3868; x_wconf 89' lang='lat' dir='ltr'>supra</span> <span class='ocrx_word' id='word_1_371' title='bbox 1753 3782 1818 3845; x_wconf 90' lang='lat' dir='ltr'>iam</span> 
     </span>
     <span class='ocr_line' id='line_1_35' title="bbox 119 3883 1818 3972; baseline -0.001 -23"><span class='ocrx_word' id='word_1_372' title='bbox 119 3885 374 3968; x_wconf 82' lang='lat' dir='ltr'>laudavimus†).</span> <span class='ocrx_word' id='word_1_373' title='bbox 424 3886 499 3951; x_wconf 90' lang='lat' dir='ltr'>Hoc</span> <span class='ocrx_word' id='word_1_374' title='bbox 528 3895 650 3949; x_wconf 89' lang='lat' dir='ltr'>tantum</span> <span class='ocrx_word' id='word_1_375' title='bbox 675 3884 785 3970; x_wconf 90' lang='lat' dir='ltr'>paucis</span> <span class='ocrx_word' id='word_1_376' title='bbox 807 3884 858 3949; x_wconf 91' lang='lat' dir='ltr'>hic</span> <span class='ocrx_word' id='word_1_377' title='bbox 880 3897 1036 3960; x_wconf 89' lang='lat' dir='ltr'>notamus,</span> <span class='ocrx_word' id='word_1_378' title='bbox 1065 3883 1268 3949; x_wconf 88' lang='lat' dir='ltr'>Gcrhardum</span> <span class='ocrx_word' id='word_1_379' title='bbox 1295 3898 1437 3949; x_wconf 89' lang='lat' dir='ltr'>nostrum</span> <span class='ocrx_word' id='word_1_380' title='bbox 1459 3885 1493 3949; x_wconf 91' lang='lat' dir='ltr'>in</span> <span class='ocrx_word' id='word_1_381' title='bbox 1514 3885 1667 3972; x_wconf 88' lang='lat' dir='ltr'>peculiari</span> <span class='ocrx_word' id='word_1_382' title='bbox 1682 3894 1818 3949; x_wconf 89' lang='lat' dir='ltr'>tractatu</span> 
     </span>
     <span class='ocr_line' id='line_1_36' title="bbox 119 3985 1818 4074; baseline 0 -22"><span class='ocrx_word' id='word_1_383' title='bbox 119 3992 159 4052; x_wconf 83' lang='lat' dir='ltr'>de</span> <span class='ocrx_word' id='word_1_384' title='bbox 180 3987 903 4074; x_wconf 52' lang='grc'><strong>18666888668-81681188888186188811)</strong></span> <span class='ocrx_word' id='word_1_385' title='bbox 932 4008 1144 4071; x_wconf 88' lang='lat' dir='ltr'>magnamque</span> <span class='ocrx_word' id='word_1_386' title='bbox 1172 3985 1314 4051; x_wconf 89' lang='lat' dir='ltr'>eiusdem</span> <span class='ocrx_word' id='word_1_387' title='bbox 1338 3988 1483 4052; x_wconf 89' lang='lat' dir='ltr'>manibus</span> <span class='ocrx_word' id='word_1_388' title='bbox 1506 3987 1652 4053; x_wconf 88' lang='lat' dir='ltr'>iniuriam</span> <span class='ocrx_word' id='word_1_389' title='bbox 1672 3985 1818 4052; x_wconf 90' lang='lat' dir='ltr'>intulisse</span> 
     </span>
     <span class='ocr_line' id='line_1_37' title="bbox 119 4087 1816 4176; baseline -0.002 -21"><span class='ocrx_word' id='word_1_390' title='bbox 119 4089 321 4172; x_wconf 85' lang='lat' dir='ltr'>Amoldum,</span> <span class='ocrx_word' id='word_1_391' title='bbox 351 4090 407 4173; x_wconf 92' lang='lat' dir='ltr'>qui</span> <span class='ocrx_word' id='word_1_392' title='bbox 440 4111 479 4153; x_wconf 85' lang='lat' dir='ltr'>ex</span> <span class='ocrx_word' id='word_1_393' title='bbox 509 4089 591 4154; x_wconf 89' lang='lat' dir='ltr'>libro</span> <span class='ocrx_word' id='word_1_394' title='bbox 614 4090 751 4173; x_wconf 89' lang='lat' dir='ltr'>quodam</span> <span class='ocrx_word' id='word_1_395' title='bbox 771 4111 937 4175; x_wconf 87' lang='lat' dir='ltr'>perperam</span> <span class='ocrx_word' id='word_1_396' title='bbox 953 4087 1120 4153; x_wconf 90' lang='lat' dir='ltr'>Gerhardo</span> <span class='ocrx_word' id='word_1_397' title='bbox 1148 4101 1255 4152; x_wconf 89' lang='lat' dir='ltr'>nostro</span> <span class='ocrx_word' id='word_1_398' title='bbox 1277 4089 1437 4176; x_wconf 87' lang='lat' dir='ltr'>adscripto</span> <span class='ocrx_word' id='word_1_399' title='bbox 1460 4091 1665 4176; x_wconf 88' lang='lat' dir='ltr'>comprobare</span> <span class='ocrx_word' id='word_1_400' title='bbox 1686 4089 1816 4155; x_wconf 88' lang='lat' dir='ltr'>annisus</span> 
     </span>
     <span class='ocr_line' id='line_1_38' title="bbox 119 4190 1817 4278; baseline -0.002 -22"><span class='ocrx_word' id='word_1_401' title='bbox 119 4205 180 4268; x_wconf 88' lang='lat' dir='ltr'>est,</span> <span class='ocrx_word' id='word_1_402' title='bbox 201 4191 338 4256; x_wconf 88' lang='lat' dir='ltr'>eundem</span> <span class='ocrx_word' id='word_1_403' title='bbox 362 4193 506 4276; x_wconf 88' lang='lat' dir='ltr'>partibus</span> <span class='ocrx_word' id='word_1_404' title='bbox 527 4190 1157 4257; x_wconf 78' lang='grc'><strong>1188888168186816161618888611181661</strong></span> <span class='ocrx_word' id='word_1_405' title='bbox 1180 4190 1304 4275; x_wconf 90' lang='lat' dir='ltr'>sibique</span> <span class='ocrx_word' id='word_1_406' title='bbox 1318 4213 1428 4258; x_wconf 88' lang='lat' dir='ltr'>revera</span> <span class='ocrx_word' id='word_1_407' title='bbox 1444 4193 1648 4278; x_wconf 86' lang='lat' dir='ltr'>persuasisse,</span> <span class='ocrx_word' id='word_1_408' title='bbox 1678 4190 1817 4276; x_wconf 90' lang='lat' dir='ltr'>lapidem</span> 
     </span>
     <span class='ocr_line' id='line_1_39' title="bbox 120 4292 1263 4380; baseline 0.001 -22"><span class='ocrx_word' id='word_1_409' title='bbox 120 4293 382 4380; x_wconf 88' lang='lat' dir='ltr'>philosophorum</span> <span class='ocrx_word' id='word_1_410' title='bbox 403 4316 467 4358; x_wconf 92' lang='lat' dir='ltr'>non</span> <span class='ocrx_word' id='word_1_411' title='bbox 490 4315 561 4357; x_wconf 88' lang='lat' dir='ltr'>esse</span> <span class='ocrx_word' id='word_1_412' title='bbox 582 4293 689 4358; x_wconf 83' lang='lat' dir='ltr'>fictam</span> <span class='ocrx_word' id='word_1_413' title='bbox 712 4292 1263 4377; x_wconf 78' lang='grc'><strong>818861618611118161866186111).</strong></span> 
     </span>
    </p>
   </div>
   <div class='ocr_carea' id='block_1_7' title="bbox 120 4452 331 4460">
    <p class='ocr_par' dir='ltr' id='par_1_7' title="bbox 120 4452 331 4460">
     <span class='ocr_line' id='line_1_40' title="bbox 120 4452 331 4460; baseline -0.014 -1"><span class='ocrx_word' id='word_1_414' title='bbox 120 4452 331 4460; x_wconf 41' lang='grc' dir='ltr'>...ευ-.-.-</span> 
     </span>
    </p>
   </div>
   <div class='ocr_carea' id='block_1_8' title="bbox 117 4530 1820 5546">
    <p class='ocr_par' dir='ltr' id='par_1_8' title="bbox 227 4530 682 4602">
     <span class='ocr_line' id='line_1_41' title="bbox 227 4530 682 4602; baseline 0.004 -18"><span class='ocrx_word' id='word_1_415' title='bbox 227 4533 250 4598; x_wconf 78' lang='lat' dir='ltr'>*l</span> <span class='ocrx_word' id='word_1_416' title='bbox 270 4531 304 4584; x_wconf 91' lang='lat' dir='ltr'>ln</span> <span class='ocrx_word' id='word_1_417' title='bbox 325 4532 391 4584; x_wconf 86' lang='lat' dir='ltr'>Vita</span> <span class='ocrx_word' id='word_1_418' title='bbox 411 4530 559 4585; x_wconf 79' lang='lat' dir='ltr'>Gerhardi</span> <span class='ocrx_word' id='word_1_419' title='bbox 570 4550 601 4602; x_wconf 89' lang='lat' dir='ltr'>p.</span> <span class='ocrx_word' id='word_1_420' title='bbox 621 4534 682 4586; x_wconf 74' lang='lat'>473.</span> 
     </span>
    </p>

    <p class='ocr_par' dir='ltr' id='par_1_9' title="bbox 225 4614 685 4685">
     <span class='ocr_line' id='line_1_42' title="bbox 225 4614 685 4685; baseline -0.004 -15"><span class='ocrx_word' id='word_1_421' title='bbox 225 4617 269 4683; x_wconf 71' lang='lat'>*&#39;)</span> <span class='ocrx_word' id='word_1_422' title='bbox 287 4616 321 4670; x_wconf 92' lang='grc'>16</span> <span class='ocrx_word' id='word_1_423' title='bbox 345 4615 410 4669; x_wconf 80' lang='lat' dir='ltr'>Vita</span> <span class='ocrx_word' id='word_1_424' title='bbox 425 4614 569 4670; x_wconf 80' lang='lat' dir='ltr'>Gerhardi</span> <span class='ocrx_word' id='word_1_425' title='bbox 582 4635 611 4685; x_wconf 91' lang='lat' dir='ltr'>p.</span> <span class='ocrx_word' id='word_1_426' title='bbox 627 4620 685 4669; x_wconf 71' lang='lat'>481.</span> 
     </span>
    </p>

    <p class='ocr_par' dir='ltr' id='par_1_10' title="bbox 231 4703 683 4770">
     <span class='ocr_line' id='line_1_43' title="bbox 231 4703 683 4770; baseline 0.009 -17"><span class='ocrx_word' id='word_1_427' title='bbox 231 4703 285 4768; x_wconf 74' lang='lat' dir='ltr'>m)</span> <span class='ocrx_word' id='word_1_428' title='bbox 306 4703 368 4756; x_wconf 86' lang='lat' dir='ltr'>loco</span> <span class='ocrx_word' id='word_1_429' title='bbox 387 4703 472 4756; x_wconf 82' lang='lat' dir='ltr'>citato</span> <span class='ocrx_word' id='word_1_430' title='bbox 490 4720 518 4770; x_wconf 92' lang='lat' dir='ltr'>p.</span> <span class='ocrx_word' id='word_1_431' title='bbox 536 4705 591 4756; x_wconf 76' lang='lat'>483</span> <span class='ocrx_word' id='word_1_432' title='bbox 609 4720 683 4770; x_wconf 86' lang='lat' dir='ltr'>seqq.</span> 
     </span>
    </p>

    <p class='ocr_par' dir='ltr' id='par_1_11' title="bbox 227 4786 1366 4859">
     <span class='ocr_line' id='line_1_44' title="bbox 227 4786 1366 4859; baseline -0.003 -16"><span class='ocrx_word' id='word_1_433' title='bbox 227 4790 254 4855; x_wconf 89' lang='lat'>†)</span> <span class='ocrx_word' id='word_1_434' title='bbox 272 4787 336 4844; x_wconf 85' lang='lat' dir='ltr'>vid.</span> <span class='ocrx_word' id='word_1_435' title='bbox 356 4804 440 4858; x_wconf 89' lang='lat' dir='ltr'>snpra</span> <span class='ocrx_word' id='word_1_436' title='bbox 453 4805 484 4856; x_wconf 86' lang='lat' dir='ltr'>p.</span> <span class='ocrx_word' id='word_1_437' title='bbox 504 4789 553 4843; x_wconf 89' lang='lat' dir='ltr'>VI.</span> <span class='ocrx_word' id='word_1_438' title='bbox 571 4805 646 4859; x_wconf 83' lang='lat' dir='ltr'>seqq.</span> <span class='ocrx_word' id='word_1_439' title='bbox 677 4787 750 4844; x_wconf 86' lang='lat' dir='ltr'>Add.</span> <span class='ocrx_word' id='word_1_440' title='bbox 768 4786 929 4841; x_wconf 82' lang='lat' dir='ltr'>Fischerum</span> <span class='ocrx_word' id='word_1_441' title='bbox 949 4787 1010 4840; x_wconf 88' lang='lat' dir='ltr'>loco</span> <span class='ocrx_word' id='word_1_442' title='bbox 1030 4786 1150 4839; x_wconf 75' lang='grc'><strong>88811818</strong></span> <span class='ocrx_word' id='word_1_443' title='bbox 1166 4803 1197 4853; x_wconf 86' lang='lat' dir='ltr'>p.</span> <span class='ocrx_word' id='word_1_444' title='bbox 1215 4787 1271 4838; x_wconf 80' lang='lat'>380</span> <span class='ocrx_word' id='word_1_445' title='bbox 1290 4801 1366 4854; x_wconf 89' lang='lat' dir='ltr'>seqq.</span> 
     </span>
    </p>

    <p class='ocr_par' dir='ltr' id='par_1_12' title="bbox 227 4869 1816 4944">
     <span class='ocr_line' id='line_1_45' title="bbox 227 4869 1816 4944; baseline -0.004 -18"><span class='ocrx_word' id='word_1_446' title='bbox 227 4876 269 4939; x_wconf 84' lang='lat'>††)</span> <span class='ocrx_word' id='word_1_447' title='bbox 288 4871 420 4927; x_wconf 84' lang='lat' dir='ltr'>Testatur</span> <span class='ocrx_word' id='word_1_448' title='bbox 435 4873 487 4927; x_wconf 92' lang='lat' dir='ltr'>hoc</span> <span class='ocrx_word' id='word_1_449' title='bbox 506 4873 622 4944; x_wconf 89' lang='lat' dir='ltr'>ipsemet</span> <span class='ocrx_word' id='word_1_450' title='bbox 637 4872 799 4928; x_wconf 86' lang='lat' dir='ltr'>Gerbardus</span> <span class='ocrx_word' id='word_1_451' title='bbox 824 4879 918 4926; x_wconf 90' lang='lat' dir='ltr'>noster</span> <span class='ocrx_word' id='word_1_452' title='bbox 933 4881 996 4925; x_wconf 87' lang='lat' dir='ltr'>tom.</span> <span class='ocrx_word' id='word_1_453' title='bbox 1008 4874 1033 4926; x_wconf 87' lang='lat'>6.</span> <span class='ocrx_word' id='word_1_454' title='bbox 1055 4869 1816 4939; x_wconf 64' lang='grc'><strong>688886118186188111181888818188618188161128.</strong></span> 
     </span>
    </p>

    <p class='ocr_par' dir='ltr' id='par_1_13' title="bbox 117 4954 1820 5546">
     <span class='ocr_line' id='line_1_46' title="bbox 233 4954 1817 5026; baseline -0.006 -12"><span class='ocrx_word' id='word_1_455' title='bbox 233 4960 294 5024; x_wconf 89' lang='grc'><strong>111)</strong></span> <span class='ocrx_word' id='word_1_456' title='bbox 326 4957 392 5014; x_wconf 88' lang='lat' dir='ltr'>Vid.</span> <span class='ocrx_word' id='word_1_457' title='bbox 420 4957 573 5013; x_wconf 84' lang='lat' dir='ltr'>Gadeiredi</span> <span class='ocrx_word' id='word_1_458' title='bbox 599 4959 718 5014; x_wconf 87' lang='lat' dir='ltr'>Amoldi</span> <span class='ocrx_word' id='word_1_459' title='bbox 749 4958 982 5026; x_wconf 73' lang='lat' dir='ltr'>Unpartlsepisclre</span> <span class='ocrx_word' id='word_1_460' title='bbox 1010 4956 1146 5010; x_wconf 85' lang='lat' dir='ltr'>Kirchen-</span> <span class='ocrx_word' id='word_1_461' title='bbox 1180 4959 1239 5010; x_wconf 81' lang='lat' dir='ltr'>ansi</span> <span class='ocrx_word' id='word_1_462' title='bbox 1265 4957 1519 5022; x_wconf 71' lang='lat' dir='ltr'>Ketia-Historia„</span> <span class='ocrx_word' id='word_1_463' title='bbox 1545 4964 1609 5008; x_wconf 87' lang='lat' dir='ltr'>tom.</span> <span class='ocrx_word' id='word_1_464' title='bbox 1633 4957 1660 5006; x_wconf 88' lang='lat'>2.</span> <span class='ocrx_word' id='word_1_465' title='bbox 1689 4954 1754 5007; x_wconf 78' lang='lat' dir='ltr'>libr.</span> <span class='ocrx_word' id='word_1_466' title='bbox 1774 4955 1817 5006; x_wconf 85' lang='lat'>17.</span> 
     </span>
     <span class='ocr_line' id='line_1_47' title="bbox 120 5037 1819 5114; baseline -0.004 -17"><span class='ocrx_word' id='word_1_467' title='bbox 120 5043 678 5114; x_wconf 61' lang='grc'><strong>81681112662538111116181.</strong></span> <span class='ocrx_word' id='word_1_468' title='bbox 707 5061 779 5114; x_wconf 89' lang='lat' dir='ltr'>quae</span> <span class='ocrx_word' id='word_1_469' title='bbox 798 5043 969 5113; x_wconf 87' lang='lat' dir='ltr'>Scaphusiae</span> <span class='ocrx_word' id='word_1_470' title='bbox 998 5050 1061 5101; x_wconf 75' lang='lat'>1741</span> <span class='ocrx_word' id='word_1_471' title='bbox 1090 5045 1180 5098; x_wconf 89' lang='lat' dir='ltr'>lucem</span> <span class='ocrx_word' id='word_1_472' title='bbox 1204 5042 1333 5113; x_wconf 86' lang='lat' dir='ltr'>adspexit</span> <span class='ocrx_word' id='word_1_473' title='bbox 1360 5041 1508 5112; x_wconf 89' lang='lat' dir='ltr'>publicam.</span> <span class='ocrx_word' id='word_1_474' title='bbox 1553 5040 1692 5094; x_wconf 88' lang='lat' dir='ltr'>Provocat</span> <span class='ocrx_word' id='word_1_475' title='bbox 1714 5037 1819 5091; x_wconf 90' lang='lat' dir='ltr'>ibidem</span> 
     </span>
     <span class='ocr_line' id='line_1_48' title="bbox 117 5123 1819 5200; baseline -0.005 -16"><span class='ocrx_word' id='word_1_476' title='bbox 117 5129 266 5184; x_wconf 86' lang='lat' dir='ltr'>Arnoldus</span> <span class='ocrx_word' id='word_1_477' title='bbox 291 5129 364 5183; x_wconf 84' lang='lat' dir='ltr'>inter</span> <span class='ocrx_word' id='word_1_478' title='bbox 380 5129 436 5185; x_wconf 85' lang='lat' dir='ltr'>alia</span> <span class='ocrx_word' id='word_1_479' title='bbox 458 5131 494 5185; x_wconf 88' lang='lat' dir='ltr'>ad</span> <span class='ocrx_word' id='word_1_480' title='bbox 516 5133 741 5186; x_wconf 79' lang='lat' dir='ltr'>Esercitationes</span> <span class='ocrx_word' id='word_1_481' title='bbox 757 5129 895 5185; x_wconf 83' lang='lat' dir='ltr'>Gerbardi</span> <span class='ocrx_word' id='word_1_482' title='bbox 910 5131 941 5183; x_wconf 87' lang='lat' dir='ltr'>in</span> <span class='ocrx_word' id='word_1_483' title='bbox 957 5130 1058 5200; x_wconf 83' lang='lat' dir='ltr'>Gebri,</span> <span class='ocrx_word' id='word_1_484' title='bbox 1082 5130 1201 5197; x_wconf 77' lang='lat' dir='ltr'>cirpmici</span> <span class='ocrx_word' id='word_1_485' title='bbox 1217 5129 1351 5193; x_wconf 77' lang='lat' dir='ltr'>Arabici,</span> <span class='ocrx_word' id='word_1_486' title='bbox 1376 5127 1465 5181; x_wconf 85' lang='lat' dir='ltr'>libros</span> <span class='ocrx_word' id='word_1_487' title='bbox 1486 5142 1608 5178; x_wconf 85' lang='lat' dir='ltr'>summae</span> <span class='ocrx_word' id='word_1_488' title='bbox 1624 5123 1819 5193; x_wconf 65' lang='lat' dir='ltr'>perfectionis,</span> 
     </span>
     <span class='ocr_line' id='line_1_49' title="bbox 123 5209 1820 5287; baseline -0.006 -15"><span class='ocrx_word' id='word_1_489' title='bbox 123 5219 154 5272; x_wconf 93' lang='lat' dir='ltr'>in</span> <span class='ocrx_word' id='word_1_490' title='bbox 175 5215 277 5287; x_wconf 89' lang='lat' dir='ltr'>quibus</span> <span class='ocrx_word' id='word_1_491' title='bbox 298 5215 333 5270; x_wconf 93' lang='lat' dir='ltr'>de</span> <span class='ocrx_word' id='word_1_492' title='bbox 351 5217 471 5271; x_wconf 87' lang='lat' dir='ltr'>metallis</span> <span class='ocrx_word' id='word_1_493' title='bbox 489 5233 638 5287; x_wconf 84' lang='lat' dir='ltr'>eorumque</span> <span class='ocrx_word' id='word_1_494' title='bbox 658 5217 810 5271; x_wconf 83' lang='lat' dir='ltr'>mutatione</span> <span class='ocrx_word' id='word_1_495' title='bbox 835 5216 1061 5285; x_wconf 67' lang='lat' dir='ltr'>inperfectione,</span> <span class='ocrx_word' id='word_1_496' title='bbox 1083 5215 1119 5270; x_wconf 90' lang='lat' dir='ltr'>de</span> <span class='ocrx_word' id='word_1_497' title='bbox 1137 5214 1229 5284; x_wconf 89' lang='lat' dir='ltr'>lapide</span> <span class='ocrx_word' id='word_1_498' title='bbox 1246 5228 1355 5284; x_wconf 88' lang='lat' dir='ltr'>quoque</span> <span class='ocrx_word' id='word_1_499' title='bbox 1373 5210 1599 5282; x_wconf 87' lang='lat' dir='ltr'>pbilosophorum</span> <span class='ocrx_word' id='word_1_500' title='bbox 1617 5217 1724 5280; x_wconf 85' lang='lat' dir='ltr'>agatur,</span> <span class='ocrx_word' id='word_1_501' title='bbox 1742 5209 1820 5264; x_wconf 89' lang='lat' dir='ltr'>item·</span> 
     </span>
     <span class='ocr_line' id='line_1_50' title="bbox 117 5295 1820 5375; baseline -0.005 -18"><span class='ocrx_word' id='word_1_502' title='bbox 117 5319 177 5375; x_wconf 87' lang='lat' dir='ltr'>que</span> <span class='ocrx_word' id='word_1_503' title='bbox 209 5303 342 5371; x_wconf 76' lang='lat' dir='ltr'>arialpsin</span> <span class='ocrx_word' id='word_1_504' title='bbox 362 5303 421 5357; x_wconf 91' lang='lat' dir='ltr'>eius</span> <span class='ocrx_word' id='word_1_505' title='bbox 441 5321 523 5373; x_wconf 91' lang='lat' dir='ltr'>super</span> <span class='ocrx_word' id='word_1_506' title='bbox 541 5302 626 5357; x_wconf 89' lang='lat' dir='ltr'>Lullii</span> <span class='ocrx_word' id='word_1_507' title='bbox 650 5312 760 5371; x_wconf 86' lang='lat' dir='ltr'>partem</span> <span class='ocrx_word' id='word_1_508' title='bbox 777 5304 951 5371; x_wconf 85' lang='lat' dir='ltr'>practicam,</span> <span class='ocrx_word' id='word_1_509' title='bbox 978 5303 1026 5373; x_wconf 93' lang='lat' dir='ltr'>qui</span> <span class='ocrx_word' id='word_1_510' title='bbox 1049 5301 1116 5361; x_wconf 84' lang='lat' dir='ltr'>libri</span> <span class='ocrx_word' id='word_1_511' title='bbox 1141 5300 1288 5371; x_wconf 86' lang='lat' dir='ltr'>Tubingae</span> <span class='ocrx_word' id='word_1_512' title='bbox 1314 5298 1480 5354; x_wconf 88' lang='lat' dir='ltr'>coniunctim</span> <span class='ocrx_word' id='word_1_513' title='bbox 1504 5295 1666 5366; x_wconf 84' lang='lat' dir='ltr'>prodierint.</span> <span class='ocrx_word' id='word_1_514' title='bbox 1714 5295 1820 5351; x_wconf 86' lang='lat' dir='ltr'>Verum</span> 
     </span>
     <span class='ocr_line' id='line_1_51' title="bbox 117 5380 1819 5458; baseline -0.005 -15"><span class='ocrx_word' id='word_1_515' title='bbox 117 5387 243 5458; x_wconf 85' lang='lat' dir='ltr'>turpiter</span> <span class='ocrx_word' id='word_1_516' title='bbox 269 5387 314 5442; x_wconf 89' lang='lat' dir='ltr'>bic</span> <span class='ocrx_word' id='word_1_517' title='bbox 341 5395 416 5443; x_wconf 86' lang='lat' dir='ltr'>errat</span> <span class='ocrx_word' id='word_1_518' title='bbox 433 5387 575 5442; x_wconf 84' lang='lat' dir='ltr'>Arnoldus</span> <span class='ocrx_word' id='word_1_519' title='bbox 600 5387 741 5457; x_wconf 87' lang='lat' dir='ltr'>aliumque</span> <span class='ocrx_word' id='word_1_520' title='bbox 765 5388 957 5458; x_wconf 80' lang='lat' dir='ltr'>cognominem</span> <span class='ocrx_word' id='word_1_521' title='bbox 979 5405 1043 5443; x_wconf 88' lang='lat' dir='ltr'>cum</span> <span class='ocrx_word' id='word_1_522' title='bbox 1070 5387 1098 5442; x_wconf 94' lang='lat' dir='ltr'>b.</span> <span class='ocrx_word' id='word_1_523' title='bbox 1124 5386 1268 5441; x_wconf 89' lang='lat' dir='ltr'>Gerhardo</span> <span class='ocrx_word' id='word_1_524' title='bbox 1287 5384 1402 5441; x_wconf 86' lang='lat' dir='ltr'>Jenensi</span> <span class='ocrx_word' id='word_1_525' title='bbox 1425 5381 1589 5448; x_wconf 87' lang='lat' dir='ltr'>confundit,</span> <span class='ocrx_word' id='word_1_526' title='bbox 1619 5399 1700 5452; x_wconf 89' lang='lat' dir='ltr'>quem</span> <span class='ocrx_word' id='word_1_527' title='bbox 1723 5380 1760 5434; x_wconf 91' lang='lat' dir='ltr'>ab</span> <span class='ocrx_word' id='word_1_528' title='bbox 1786 5394 1819 5435; x_wconf 88' lang='lat' dir='ltr'>eo</span> 
     </span>
     <span class='ocr_line' id='line_1_52' title="bbox 117 5465 1819 5546; baseline -0.006 -16"><span class='ocrx_word' id='word_1_529' title='bbox 117 5481 251 5531; x_wconf 81' lang='lat' dir='ltr'>accurate</span> <span class='ocrx_word' id='word_1_530' title='bbox 275 5474 502 5546; x_wconf 84' lang='lat' dir='ltr'>distinguendum</span> <span class='ocrx_word' id='word_1_531' title='bbox 528 5489 603 5542; x_wconf 91' lang='lat' dir='ltr'>esse,</span> <span class='ocrx_word' id='word_1_532' title='bbox 628 5473 763 5528; x_wconf 88' lang='lat' dir='ltr'>condocet</span> <span class='ocrx_word' id='word_1_533' title='bbox 785 5472 829 5528; x_wconf 78' lang='lat' dir='ltr'>do.</span> <span class='ocrx_word' id='word_1_534' title='bbox 855 5473 987 5528; x_wconf 84' lang='lat' dir='ltr'>Mollerus</span> <span class='ocrx_word' id='word_1_535' title='bbox 1010 5473 1039 5527; x_wconf 91' lang='lat' dir='ltr'>in</span> <span class='ocrx_word' id='word_1_536' title='bbox 1062 5472 1336 5541; x_wconf 78' lang='lat' dir='ltr'>Homonpmoscopia</span> <span class='ocrx_word' id='word_1_537' title='bbox 1363 5488 1426 5538; x_wconf 84' lang='lat' dir='ltr'>cap.</span> <span class='ocrx_word' id='word_1_538' title='bbox 1448 5470 1470 5524; x_wconf 87' lang='lat'>7.</span> <span class='ocrx_word' id='word_1_539' title='bbox 1490 5469 1618 5536; x_wconf 66' lang='lat' dir='ltr'>§.Hp</span> <span class='ocrx_word' id='word_1_540' title='bbox 1638 5468 1699 5520; x_wconf 87' lang='lat'>677.</span> <span class='ocrx_word' id='word_1_541' title='bbox 1731 5465 1819 5522; x_wconf 89' lang='lat' dir='ltr'>Nimi-</span> 
     </span>
    </p>
   </div>
   <div class='ocr_carea' id='block_1_9' title="bbox 0 0 2034 6004">
    <p class='ocr_par' dir='ltr' id='par_1_14' title="bbox 0 0 2034 6004">
     <span class='ocr_line' id='line_1_53' title="bbox 0 0 2034 6004; baseline 0 0"><span class='ocrx_word' id='word_1_542' title='bbox 0 0 2034 6004; x_wconf 95' lang='lat' dir='ltr'> </span> 
     </span>
    </p>
   </div>
  </div>
 </body>
</html>
