<?xml version="1.0" encoding="UTF-8"?>
<!DOCTYPE html PUBLIC "-//W3C//DTD XHTML 1.0 Transitional//EN"
    "http://www.w3.org/TR/xhtml1/DTD/xhtml1-transitional.dtd">
<html xmlns="http://www.w3.org/1999/xhtml" xml:lang="en" lang="en">
 <head>
  <title>
</title>
<meta http-equiv="Content-Type" content="text/html;charset=utf-8" />
  <meta name='ocr-system' content='tesseract 3.04.00' />
  <meta name='ocr-capabilities' content='ocr_page ocr_carea ocr_par ocr_line ocrx_word'/>
</head>
<body>
  <div class='ocr_page' id='page_1' title='image "./locitheologicic02gerhgoog/locitheologicic02gerhgoog_0426.png"; bbox 0 0 4050 6014; ppageno 0'>
   <div class='ocr_carea' id='block_1_1' title="bbox 759 324 1786 390">
    <p class='ocr_par' dir='ltr' id='par_1_1' title="bbox 759 324 1786 390">
     <span class='ocr_line' id='line_1_1' title="bbox 759 324 1786 390; baseline 0.009 -9"><span class='ocrx_word' id='word_1_1' title='bbox 759 326 811 382; x_wconf 83' lang='lat' dir='ltr'><em>DE</em></span> <span class='ocrx_word' id='word_1_2' title='bbox 829 324 924 383; x_wconf 86' lang='lat' dir='ltr'>VITA</span> <span class='ocrx_word' id='word_1_3' title='bbox 942 324 1133 381; x_wconf 72' lang='lat' dir='ltr'><em>AETERNA.</em></span> <span class='ocrx_word' id='word_1_4' title='bbox 1726 330 1786 390; x_wconf 85' lang='grc'><em>393</em></span> 
     </span>
    </p>
   </div>
   <div class='ocr_carea' id='block_1_2' title="bbox 47 478 1917 5620">
    <p class='ocr_par' dir='ltr' id='par_1_2' title="bbox 47 478 1917 5620">
     <span class='ocr_line' id='line_1_2' title="bbox 87 478 1789 550; baseline -0.002 -16"><span class='ocrx_word' id='word_1_5' title='bbox 87 480 193 536; x_wconf 79' lang='lat' dir='ltr'><em>civitat.</em></span> <span class='ocrx_word' id='word_1_6' title='bbox 210 480 263 534; x_wconf 87' lang='lat' dir='ltr'><em>Dei</em></span> <span class='ocrx_word' id='word_1_7' title='bbox 277 497 338 549; x_wconf 83' lang='lat' dir='ltr'><em>cap.</em></span> <span class='ocrx_word' id='word_1_8' title='bbox 354 485 400 535; x_wconf 78' lang='lat'><em>30:</em></span> <span class='ocrx_word' id='word_1_9' title='bbox 420 478 474 542; x_wconf 84' lang='lat' dir='ltr'><em>Qui</em></span> <span class='ocrx_word' id='word_1_10' title='bbox 482 482 579 544; x_wconf 83' lang='lat' dir='ltr'><em>futuri</em></span> <span class='ocrx_word' id='word_1_11' title='bbox 587 480 644 533; x_wconf 89' lang='lat' dir='ltr'><em>sint</em></span> <span class='ocrx_word' id='word_1_12' title='bbox 654 498 709 550; x_wconf 90' lang='lat' dir='ltr'><em>pro</em></span> <span class='ocrx_word' id='word_1_13' title='bbox 724 480 830 534; x_wconf 87' lang='lat' dir='ltr'><em>meritis</em></span> <span class='ocrx_word' id='word_1_14' title='bbox 839 496 924 548; x_wconf 90' lang='lat' dir='ltr'><em>prac-</em></span> <span class='ocrx_word' id='word_1_15' title='bbox 953 479 1086 532; x_wconf 88' lang='lat' dir='ltr'><em>borautes</em></span> <span class='ocrx_word' id='word_1_16' title='bbox 1104 479 1135 531; x_wconf 87' lang='lat' dir='ltr'><em>in</em></span> <span class='ocrx_word' id='word_1_17' title='bbox 1148 479 1230 532; x_wconf 85' lang='lat' dir='ltr'><em>uinea</em></span> <span class='ocrx_word' id='word_1_18' title='bbox 1243 495 1331 548; x_wconf 90' lang='lat' dir='ltr'><em>aeque</em></span> <span class='ocrx_word' id='word_1_19' title='bbox 1343 479 1437 532; x_wconf 89' lang='lat' dir='ltr'><em>cuncti</em></span> <span class='ocrx_word' id='word_1_20' title='bbox 1455 479 1604 531; x_wconf 90' lang='lat' dir='ltr'><em>denarium</em></span> <span class='ocrx_word' id='word_1_21' title='bbox 1623 478 1789 532; x_wconf 88' lang='lat' dir='ltr'><em>sortiuntur.</em></span> 
     </span>
     <span class='ocr_line' id='line_1_3' title="bbox 87 565 1788 635; baseline -0.002 -16"><span class='ocrx_word' id='word_1_22' title='bbox 87 566 208 619; x_wconf 90' lang='lat' dir='ltr'><em>miorum</em></span> <span class='ocrx_word' id='word_1_23' title='bbox 239 565 320 620; x_wconf 87' lang='lat' dir='ltr'><em>etiam</em></span> <span class='ocrx_word' id='word_1_24' title='bbox 348 567 457 632; x_wconf 80' lang='lat' dir='ltr'><em>qradus</em></span> <span class='ocrx_word' id='word_1_25' title='bbox 485 566 621 619; x_wconf 81' lang='lat' dir='ltr'><em>bonorum</em></span> <span class='ocrx_word' id='word_1_26' title='bbox 649 575 732 635; x_wconf 89' lang='lat' dir='ltr'><em>atque</em></span> <span class='ocrx_word' id='word_1_27' title='bbox 760 566 926 632; x_wconf 78' lang='lat' dir='ltr'><em>ploriarum,</em></span> <span class='ocrx_word' id='word_1_28' title='bbox 954 566 993 617; x_wconf 87' lang='lat' dir='ltr'><em>Et</em></span> <span class='ocrx_word' id='word_1_29' title='bbox 1019 565 1131 633; x_wconf 85' lang='lat' dir='ltr'><em>quidem</em></span> <span class='ocrx_word' id='word_1_30' title='bbox 1158 567 1239 634; x_wconf 88' lang='lat' dir='ltr'><em>apud</em></span> <span class='ocrx_word' id='word_1_31' title='bbox 1264 566 1381 619; x_wconf 90' lang='lat' dir='ltr'><em>Patrem</em></span> <span class='ocrx_word' id='word_1_32' title='bbox 1410 565 1567 618; x_wconf 73' lang='lat' dir='ltr'><em>mansiones</em></span> <span class='ocrx_word' id='word_1_33' title='bbox 1595 565 1788 626; x_wconf 80' lang='lat' dir='ltr'><em>multassent,</em></span> 
     </span>
     <span class='ocr_line' id='line_1_4' title="bbox 89 651 1790 722; baseline -0.001 -19"><span class='ocrx_word' id='word_1_34' title='bbox 89 652 152 720; x_wconf 89' lang='lat' dir='ltr'><em>quis</em></span> <span class='ocrx_word' id='word_1_35' title='bbox 163 660 201 704; x_wconf 88' lang='lat' dir='ltr'><em>est</em></span> <span class='ocrx_word' id='word_1_36' title='bbox 217 652 334 705; x_wconf 89' lang='lat' dir='ltr'><em>idoneus</em></span> <span class='ocrx_word' id='word_1_37' title='bbox 347 653 479 720; x_wconf 78' lang='lat' dir='ltr'><em>copitare,</em></span> <span class='ocrx_word' id='word_1_38' title='bbox 495 659 601 721; x_wconf 72' lang='lat' dir='ltr'><em>quanm</em></span> <span class='ocrx_word' id='word_1_39' title='bbox 614 652 704 719; x_wconf 86' lang='lat' dir='ltr'><em>maqis</em></span> <span class='ocrx_word' id='word_1_40' title='bbox 718 653 834 705; x_wconf 73' lang='grc'><strong>11101111</strong></span> <span class='ocrx_word' id='word_1_41' title='bbox 852 654 927 719; x_wconf 87' lang='lat' dir='ltr'><em>qaod</em></span> <span class='ocrx_word' id='word_1_42' title='bbox 954 658 980 703; x_wconf 87' lang='lat' dir='ltr'><em>et</em></span> <span class='ocrx_word' id='word_1_43' title='bbox 1008 659 1100 705; x_wconf 89' lang='lat' dir='ltr'><em>tamen</em></span> <span class='ocrx_word' id='word_1_44' title='bbox 1126 654 1243 705; x_wconf 86' lang='lat' dir='ltr'><em>eundem</em></span> <span class='ocrx_word' id='word_1_45' title='bbox 1270 653 1419 704; x_wconf 87' lang='lat' dir='ltr'><em>denarium</em></span> <span class='ocrx_word' id='word_1_46' title='bbox 1453 652 1584 722; x_wconf 87' lang='lat' dir='ltr'><em>dispares</em></span> <span class='ocrx_word' id='word_1_47' title='bbox 1613 651 1790 704; x_wconf 89' lang='lat' dir='ltr'><em>laboratores</em></span> 
     </span>
     <span class='ocr_line' id='line_1_5' title="bbox 89 736 1789 806; baseline -0.001 -16"><span class='ocrx_word' id='word_1_48' title='bbox 89 745 180 790; x_wconf 86' lang='lat' dir='ltr'><em>tamen</em></span> <span class='ocrx_word' id='word_1_49' title='bbox 190 738 290 804; x_wconf 86' lang='lat' dir='ltr'><em>futuri</em></span> <span class='ocrx_word' id='word_1_50' title='bbox 307 737 377 801; x_wconf 84' lang='lat' dir='ltr'><em>sint,</em></span> <span class='ocrx_word' id='word_1_51' title='bbox 409 755 465 790; x_wconf 90' lang='lat' dir='ltr'><em>non</em></span> <span class='ocrx_word' id='word_1_52' title='bbox 483 746 523 790; x_wconf 88' lang='lat' dir='ltr'><em>est</em></span> <span class='ocrx_word' id='word_1_53' title='bbox 541 737 746 806; x_wconf 84' lang='lat' dir='ltr'><em>ambiqendum.</em></span> <span class='ocrx_word' id='word_1_54' title='bbox 784 737 875 805; x_wconf 84' lang='lat' dir='ltr'><em>Atque</em></span> <span class='ocrx_word' id='word_1_55' title='bbox 895 738 928 788; x_wconf 90' lang='lat' dir='ltr'><em>id</em></span> <span class='ocrx_word' id='word_1_56' title='bbox 954 736 1108 805; x_wconf 85' lang='lat' dir='ltr'><em>accipiunt,</em></span> <span class='ocrx_word' id='word_1_57' title='bbox 1126 738 1192 806; x_wconf 87' lang='lat' dir='ltr'><em>quia</em></span> <span class='ocrx_word' id='word_1_58' title='bbox 1212 755 1270 790; x_wconf 90' lang='lat' dir='ltr'><em>una</em></span> <span class='ocrx_word' id='word_1_59' title='bbox 1290 738 1397 790; x_wconf 89' lang='lat' dir='ltr'><em>cunctis</em></span> <span class='ocrx_word' id='word_1_60' title='bbox 1417 738 1471 790; x_wconf 89' lang='lat' dir='ltr'><em>erit</em></span> <span class='ocrx_word' id='word_1_61' title='bbox 1490 738 1633 790; x_wconf 76' lang='lat' dir='ltr'><em>beatitudo</em></span> <span class='ocrx_word' id='word_1_62' title='bbox 1652 737 1789 800; x_wconf 88' lang='lat' dir='ltr'><em>lactitiae,</em></span> 
     </span>
     <span class='ocr_line' id='line_1_6' title="bbox 89 821 1789 894; baseline 0 -19"><span class='ocrx_word' id='word_1_63' title='bbox 89 824 173 876; x_wconf 88' lang='lat' dir='ltr'><em>etiam</em></span> <span class='ocrx_word' id='word_1_64' title='bbox 192 823 273 876; x_wconf 88' lang='lat' dir='ltr'><em>beata</em></span> <span class='ocrx_word' id='word_1_65' title='bbox 292 823 390 877; x_wconf 77' lang='grc'><strong>1101111</strong></span> <span class='ocrx_word' id='word_1_66' title='bbox 409 824 464 876; x_wconf 88' lang='lat' dir='ltr'><em>illa</em></span> <span class='ocrx_word' id='word_1_67' title='bbox 478 841 609 894; x_wconf 86' lang='lat' dir='ltr'><em>maqnum</em></span> <span class='ocrx_word' id='word_1_68' title='bbox 628 825 658 876; x_wconf 87' lang='lat' dir='ltr'><em>in</em></span> <span class='ocrx_word' id='word_1_69' title='bbox 679 841 709 875; x_wconf 92' lang='lat' dir='ltr'><em>se</em></span> <span class='ocrx_word' id='word_1_70' title='bbox 731 823 831 876; x_wconf 85' lang='lat' dir='ltr'><em>bonum</em></span> <span class='ocrx_word' id='word_1_71' title='bbox 851 824 926 875; x_wconf 84' lang='lat' dir='ltr'><em>uide-</em></span> <span class='ocrx_word' id='word_1_72' title='bbox 955 823 1080 890; x_wconf 68' lang='grc' dir='ltr'><strong>110ωυί1</strong></span> <span class='ocrx_word' id='word_1_73' title='bbox 1099 841 1154 876; x_wconf 88' lang='lat' dir='ltr'><em>noa</em></span> <span class='ocrx_word' id='word_1_74' title='bbox 1169 840 1226 876; x_wconf 88' lang='lat' dir='ltr'><em>una</em></span> <span class='ocrx_word' id='word_1_75' title='bbox 1238 824 1275 876; x_wconf 90' lang='lat' dir='ltr'><em>sit</em></span> <span class='ocrx_word' id='word_1_76' title='bbox 1287 825 1413 877; x_wconf 88' lang='lat' dir='ltr'><em>omnibus</em></span> <span class='ocrx_word' id='word_1_77' title='bbox 1425 824 1583 876; x_wconf 85' lang='lat' dir='ltr'><em>sublimitas</em></span> <span class='ocrx_word' id='word_1_78' title='bbox 1596 823 1678 877; x_wconf 87' lang='lat' dir='ltr'><em>uitae.</em></span> <span class='ocrx_word' id='word_1_79' title='bbox 1693 821 1789 876; x_wconf 88' lang='lat' dir='ltr'><em>homil.</em></span> 
     </span>
     <span class='ocr_line' id='line_1_7' title="bbox 89 906 1790 977; baseline -0.002 -18"><span class='ocrx_word' id='word_1_80' title='bbox 89 909 136 976; x_wconf 87' lang='lat' dir='ltr'><em>bit,</em></span> <span class='ocrx_word' id='word_1_81' title='bbox 157 911 235 977; x_wconf 84' lang='lat' dir='ltr'><em>quod</em></span> <span class='ocrx_word' id='word_1_82' title='bbox 251 908 326 962; x_wconf 87' lang='lat' dir='ltr'><em>nulli</em></span> <span class='ocrx_word' id='word_1_83' title='bbox 342 911 487 977; x_wconf 88' lang='lat' dir='ltr'><em>superiori</em></span> <span class='ocrx_word' id='word_1_84' title='bbox 503 910 580 963; x_wconf 92' lang='lat' dir='ltr'><em>ullus</em></span> <span class='ocrx_word' id='word_1_85' title='bbox 600 910 745 974; x_wconf 84' lang='lat' dir='ltr'><em>invidebit,</em></span> <span class='ocrx_word' id='word_1_86' title='bbox 763 910 836 962; x_wconf 87' lang='lat' dir='ltr'><em>sieut</em></span> <span class='ocrx_word' id='word_1_87' title='bbox 855 926 928 961; x_wconf 88' lang='lat' dir='ltr'><em>nune</em></span> <span class='ocrx_word' id='word_1_88' title='bbox 959 914 996 963; x_wconf 88' lang='grc'><em>16.</em></span> <span class='ocrx_word' id='word_1_89' title='bbox 1012 907 1041 961; x_wconf 91' lang='lat' dir='ltr'><em>iu</em></span> <span class='ocrx_word' id='word_1_90' title='bbox 1053 907 1169 964; x_wconf 83' lang='lat' dir='ltr'><em>Ezeeh.:</em></span> <span class='ocrx_word' id='word_1_91' title='bbox 1184 910 1222 963; x_wconf 87' lang='lat' dir='ltr'><em>In</em></span> <span class='ocrx_word' id='word_1_92' title='bbox 1234 909 1416 962; x_wconf 71' lang='lat' dir='ltr'><em>retributione</em></span> <span class='ocrx_word' id='word_1_93' title='bbox 1430 909 1539 971; x_wconf 87' lang='lat' dir='ltr'><em>ultima,</em></span> <span class='ocrx_word' id='word_1_94' title='bbox 1550 908 1676 976; x_wconf 69' lang='grc'><strong>0111111011</strong></span> <span class='ocrx_word' id='word_1_95' title='bbox 1692 906 1790 957; x_wconf 86' lang='lat' dir='ltr'><em>euclem</em></span> 
     </span>
     <span class='ocr_line' id='line_1_8' title="bbox 88 992 1790 1064; baseline -0.001 -19"><span class='ocrx_word' id='word_1_96' title='bbox 88 1011 145 1046; x_wconf 90' lang='lat' dir='ltr'><em>non</em></span> <span class='ocrx_word' id='word_1_97' title='bbox 172 995 299 1047; x_wconf 84' lang='lat' dir='ltr'><em>invident</em></span> <span class='ocrx_word' id='word_1_98' title='bbox 324 995 504 1062; x_wconf 82' lang='lat' dir='ltr'><em>arelianqelis</em></span> <span class='ocrx_word' id='word_1_99' title='bbox 535 994 631 1062; x_wconf 80' lang='lat' dir='ltr'><em>anqsli</em></span> <span class='ocrx_word' id='word_1_100' title='bbox 657 995 759 1060; x_wconf 88' lang='lat' dir='ltr'><em>ceteri,·</em></span> <span class='ocrx_word' id='word_1_101' title='bbox 787 995 828 1047; x_wconf 90' lang='lat' dir='ltr'><em>sic</em></span> <span class='ocrx_word' id='word_1_102' title='bbox 854 995 929 1047; x_wconf 88' lang='lat' dir='ltr'><em>enim</em></span> <span class='ocrx_word' id='word_1_103' title='bbox 956 995 1081 1064; x_wconf 88' lang='lat' dir='ltr'><em>diqnitas</em></span> <span class='ocrx_word' id='word_1_104' title='bbox 1108 995 1233 1048; x_wconf 89' lang='lat' dir='ltr'><em>omnibus</em></span> <span class='ocrx_word' id='word_1_105' title='bbox 1253 1013 1309 1048; x_wconf 90' lang='lat' dir='ltr'><em>non</em></span> <span class='ocrx_word' id='word_1_106' title='bbox 1329 995 1456 1058; x_wconf 72' lang='grc'><strong>11111011,</strong></span> <span class='ocrx_word' id='word_1_107' title='bbox 1483 996 1536 1048; x_wconf 90' lang='lat' dir='ltr'><em>erit</em></span> <span class='ocrx_word' id='word_1_108' title='bbox 1553 1003 1646 1047; x_wconf 89' lang='lat' dir='ltr'><em>tomen</em></span> <span class='ocrx_word' id='word_1_109' title='bbox 1664 992 1790 1045; x_wconf 86' lang='lat' dir='ltr'><em>omnibus</em></span> 
     </span>
     <span class='ocr_line' id='line_1_9' title="bbox 90 1078 1791 1149; baseline -0.003 -16"><span class='ocrx_word' id='word_1_110' title='bbox 90 1080 202 1133; x_wconf 83' lang='lat' dir='ltr'><em>babebit</em></span> <span class='ocrx_word' id='word_1_111' title='bbox 221 1081 325 1132; x_wconf 89' lang='lat' dir='ltr'><em>donum</em></span> <span class='ocrx_word' id='word_1_112' title='bbox 345 1079 422 1133; x_wconf 88' lang='lat' dir='ltr'><em>alius</em></span> <span class='ocrx_word' id='word_1_113' title='bbox 440 1080 499 1133; x_wconf 85' lang='lat' dir='ltr'><em>alio</em></span> <span class='ocrx_word' id='word_1_114' title='bbox 516 1081 617 1145; x_wconf 87' lang='lat' dir='ltr'><em>minus,</em></span> <span class='ocrx_word' id='word_1_115' title='bbox 634 1089 664 1134; x_wconf 90' lang='lat' dir='ltr'><em>ut</em></span> <span class='ocrx_word' id='word_1_116' title='bbox 681 1082 733 1133; x_wconf 86' lang='lat' dir='ltr'><em>boc</em></span> <span class='ocrx_word' id='word_1_117' title='bbox 752 1097 860 1148; x_wconf 85' lang='lat' dir='ltr'><em>quoque</em></span> <span class='ocrx_word' id='word_1_118' title='bbox 880 1082 927 1133; x_wconf 90' lang='lat' dir='ltr'><em>do·</em></span> <span class='ocrx_word' id='word_1_119' title='bbox 955 1080 1012 1132; x_wconf 87' lang='lat' dir='ltr'><em>uita</em></span> <span class='ocrx_word' id='word_1_120' title='bbox 1038 1081 1237 1144; x_wconf 88' lang='lat' dir='ltr'><em>beatitudinis,</em></span> <span class='ocrx_word' id='word_1_121' title='bbox 1267 1082 1341 1133; x_wconf 91' lang='lat' dir='ltr'><em>unde</em></span> <span class='ocrx_word' id='word_1_122' title='bbox 1366 1081 1629 1149; x_wconf 86' lang='lat' dir='ltr'><em>persemetipsum</em></span> <span class='ocrx_word' id='word_1_123' title='bbox 1649 1078 1791 1131; x_wconf 88' lang='lat' dir='ltr'><em>Dominus</em></span> 
     </span>
     <span class='ocr_line' id='line_1_10' title="bbox 89 1164 1789 1233; baseline -0.001 -16"><span class='ocrx_word' id='word_1_124' title='bbox 89 1183 156 1217; x_wconf 89' lang='lat' dir='ltr'><em>num</em></span> <span class='ocrx_word' id='word_1_125' title='bbox 176 1167 287 1228; x_wconf 75' lang='lat' dir='ltr'><em>lrabeat,</em></span> <span class='ocrx_word' id='word_1_126' title='bbox 302 1183 336 1217; x_wconf 90' lang='lat' dir='ltr'><em>ne</em></span> <span class='ocrx_word' id='word_1_127' title='bbox 353 1167 420 1220; x_wconf 85' lang='lat' dir='ltr'><em>velit</em></span> <span class='ocrx_word' id='word_1_128' title='bbox 439 1166 569 1233; x_wconf 85' lang='lat' dir='ltr'><em>amplius.</em></span> <span class='ocrx_word' id='word_1_129' title='bbox 588 1165 617 1220; x_wconf 90' lang='lat' dir='ltr'><em>iu</em></span> <span class='ocrx_word' id='word_1_130' title='bbox 636 1165 809 1220; x_wconf 76' lang='lat' dir='ltr'><strong>enarratione</strong></span> <span class='ocrx_word' id='word_1_131' title='bbox 825 1164 927 1221; x_wconf 78' lang='lat' dir='ltr'><em>Psalm.</em></span> <span class='ocrx_word' id='word_1_132' title='bbox 956 1165 1043 1217; x_wconf 79' lang='lat' dir='ltr'><em>elicit:</em></span> <span class='ocrx_word' id='word_1_133' title='bbox 1067 1165 1105 1217; x_wconf 89' lang='lat' dir='ltr'><em>In</em></span> <span class='ocrx_word' id='word_1_134' title='bbox 1124 1168 1206 1219; x_wconf 87' lang='lat' dir='ltr'><em>domo</em></span> <span class='ocrx_word' id='word_1_135' title='bbox 1226 1166 1325 1218; x_wconf 88' lang='lat' dir='ltr'><em>Patris</em></span> <span class='ocrx_word' id='word_1_136' title='bbox 1344 1167 1400 1218; x_wconf 90' lang='lat' dir='ltr'><em>mei</em></span> <span class='ocrx_word' id='word_1_137' title='bbox 1420 1167 1578 1218; x_wconf 89' lang='lat' dir='ltr'><em>mansiones</em></span> <span class='ocrx_word' id='word_1_138' title='bbox 1596 1166 1701 1218; x_wconf 89' lang='lat' dir='ltr'><em>multae</em></span> <span class='ocrx_word' id='word_1_139' title='bbox 1719 1169 1789 1215; x_wconf 84' lang='lat' dir='ltr'><em>sunt.</em></span> 
     </span>
     <span class='ocr_line' id='line_1_11' title="bbox 94 1246 1791 1321; baseline -0.004 -15"><span class='ocrx_word' id='word_1_140' title='bbox 94 1256 154 1306; x_wconf 80' lang='lat'>150:</span> <span class='ocrx_word' id='word_1_141' title='bbox 182 1252 330 1305; x_wconf 76' lang='lat' dir='ltr'><em>Habebunt</em></span> <span class='ocrx_word' id='word_1_142' title='bbox 353 1252 436 1305; x_wconf 88' lang='lat' dir='ltr'><em>etiarn</em></span> <span class='ocrx_word' id='word_1_143' title='bbox 462 1261 525 1304; x_wconf 87' lang='lat' dir='ltr'><em>tunc</em></span> <span class='ocrx_word' id='word_1_144' title='bbox 543 1253 637 1305; x_wconf 88' lang='lat' dir='ltr'><em>sancti</em></span> <span class='ocrx_word' id='word_1_145' title='bbox 659 1253 835 1321; x_wconf 85' lang='lat' dir='ltr'><em>differentias</em></span> <span class='ocrx_word' id='word_1_146' title='bbox 861 1270 929 1304; x_wconf 89' lang='lat' dir='ltr'><em>suas</em></span> <span class='ocrx_word' id='word_1_147' title='bbox 957 1246 1791 1320; x_wconf 66' lang='grc' dir='ltr'><strong>8111110110011ίὲ1110011110111111,οι1001111111011111</strong></span> 
     </span>
     <span class='ocr_line' id='line_1_12' title="bbox 91 1335 1791 1405; baseline -0.003 -16"><span class='ocrx_word' id='word_1_148' title='bbox 91 1345 276 1390; x_wconf 89' lang='lat' dir='ltr'><em>consonantes</em></span> <span class='ocrx_word' id='word_1_149' title='bbox 297 1355 352 1390; x_wconf 87' lang='lat' dir='ltr'><em>non</em></span> <span class='ocrx_word' id='word_1_150' title='bbox 378 1339 571 1404; x_wconf 72' lang='lat' dir='ltr'><em>dissonantes,</em></span> <span class='ocrx_word' id='word_1_151' title='bbox 607 1339 640 1391; x_wconf 88' lang='lat' dir='ltr'><em>id</em></span> <span class='ocrx_word' id='word_1_152' title='bbox 665 1347 706 1392; x_wconf 88' lang='lat' dir='ltr'><em>est</em></span> <span class='ocrx_word' id='word_1_153' title='bbox 731 1339 928 1392; x_wconf 85' lang='lat' dir='ltr'><em>consentientes</em></span> <span class='ocrx_word' id='word_1_154' title='bbox 954 1337 1033 1391; x_wconf 89' lang='lat' dir='ltr'><em>boris</em></span> <span class='ocrx_word' id='word_1_155' title='bbox 1057 1339 1197 1402; x_wconf 73' lang='lat' dir='ltr'><em>verterint,</em></span> <span class='ocrx_word' id='word_1_156' title='bbox 1222 1355 1307 1389; x_wconf 89' lang='lat' dir='ltr'><em>unum</em></span> <span class='ocrx_word' id='word_1_157' title='bbox 1332 1337 1482 1390; x_wconf 88' lang='lat' dir='ltr'><em>denarium</em></span> <span class='ocrx_word' id='word_1_158' title='bbox 1498 1337 1685 1405; x_wconf 76' lang='lat' dir='ltr'><em>perceperint.</em></span> <span class='ocrx_word' id='word_1_159' title='bbox 1730 1335 1791 1397; x_wconf 85' lang='lat' dir='ltr'><em>Qua</em></span> 
     </span>
     <span class='ocr_line' id='line_1_13' title="bbox 91 1422 1791 1493; baseline -0.002 -17"><span class='ocrx_word' id='word_1_160' title='bbox 91 1440 147 1476; x_wconf 89' lang='lat' dir='ltr'><em>non</em></span> <span class='ocrx_word' id='word_1_161' title='bbox 167 1424 375 1488; x_wconf 80' lang='lat' dir='ltr'><em>dissentientes,</em></span> <span class='ocrx_word' id='word_1_162' title='bbox 393 1423 466 1476; x_wconf 88' lang='lat' dir='ltr'><em>sicut</em></span> <span class='ocrx_word' id='word_1_163' title='bbox 484 1434 632 1478; x_wconf 81' lang='lat' dir='ltr'><em>concentus</em></span> <span class='ocrx_word' id='word_1_164' title='bbox 650 1426 831 1477; x_wconf 84' lang='lat' dir='ltr'><em>suavissimus</em></span> <span class='ocrx_word' id='word_1_165' title='bbox 845 1427 877 1488; x_wconf 87' lang='lat' dir='ltr'><em>fit</em></span> <span class='ocrx_word' id='word_1_166' title='bbox 896 1443 928 1479; x_wconf 84' lang='lat' dir='ltr'><em>es</em></span> <span class='ocrx_word' id='word_1_167' title='bbox 954 1424 1051 1493; x_wconf 79' lang='lat' dir='ltr'><em>itaque</em></span> <span class='ocrx_word' id='word_1_168' title='bbox 1072 1424 1183 1477; x_wconf 87' lang='lat' dir='ltr'><em>ratione</em></span> <span class='ocrx_word' id='word_1_169' title='bbox 1211 1424 1376 1476; x_wconf 85' lang='lat' dir='ltr'><em>conveniant</em></span> <span class='ocrx_word' id='word_1_170' title='bbox 1407 1424 1564 1476; x_wconf 85' lang='lat' dir='ltr'><em>mansiones</em></span> <span class='ocrx_word' id='word_1_171' title='bbox 1594 1422 1698 1474; x_wconf 87' lang='lat' dir='ltr'><em>multae</em></span> <span class='ocrx_word' id='word_1_172' title='bbox 1729 1440 1791 1474; x_wconf 90' lang='lat' dir='ltr'><em>cum</em></span> 
     </span>
     <span class='ocr_line' id='line_1_14' title="bbox 91 1492 1790 1578; baseline -0.001 -18"><span class='ocrx_word' id='word_1_173' title='bbox 91 1507 212 1560; x_wconf 84' lang='lat' dir='ltr'><em>diuersis</em></span> <span class='ocrx_word' id='word_1_174' title='bbox 237 1509 363 1576; x_wconf 87' lang='lat' dir='ltr'><em>quidem,</em></span> <span class='ocrx_word' id='word_1_175' title='bbox 392 1510 444 1561; x_wconf 88' lang='lat' dir='ltr'><em>sed</em></span> <span class='ocrx_word' id='word_1_176' title='bbox 465 1527 521 1561; x_wconf 89' lang='lat' dir='ltr'><em>non</em></span> <span class='ocrx_word' id='word_1_177' title='bbox 547 1510 619 1562; x_wconf 87' lang='lat' dir='ltr'><em>inter</em></span> <span class='ocrx_word' id='word_1_178' title='bbox 641 1527 671 1562; x_wconf 89' lang='lat' dir='ltr'><em>se</em></span> <span class='ocrx_word' id='word_1_179' title='bbox 693 1510 822 1563; x_wconf 85' lang='lat' dir='ltr'><em>aclversis</em></span> <span class='ocrx_word' id='word_1_180' title='bbox 842 1511 927 1563; x_wconf 84' lang='lat' dir='ltr'><em>souis.</em></span> <span class='ocrx_word' id='word_1_181' title='bbox 955 1526 1009 1562; x_wconf 88' lang='lat' dir='ltr'><em>uno</em></span> <span class='ocrx_word' id='word_1_182' title='bbox 1028 1510 1161 1578; x_wconf 85' lang='lat' dir='ltr'><em>denario,</em></span> <span class='ocrx_word' id='word_1_183' title='bbox 1186 1510 1243 1562; x_wconf 87' lang='lat' dir='ltr'><em>nisi</em></span> <span class='ocrx_word' id='word_1_184' title='bbox 1268 1510 1336 1577; x_wconf 86' lang='lat' dir='ltr'><em>quia</em></span> <span class='ocrx_word' id='word_1_185' title='bbox 1362 1509 1491 1561; x_wconf 87' lang='lat' dir='ltr'><em>diuersae</em></span> <span class='ocrx_word' id='word_1_186' title='bbox 1516 1508 1628 1576; x_wconf 83' lang='lat' dir='ltr'><em>quidem</em></span> <span class='ocrx_word' id='word_1_187' title='bbox 1647 1492 1790 1561; x_wconf 81' lang='lat' dir='ltr'><em>beatorum</em></span> 
     </span>
     <span class='ocr_line' id='line_1_15' title="bbox 92 1593 1791 1663; baseline -0.001 -17"><span class='ocrx_word' id='word_1_188' title='bbox 92 1593 186 1647; x_wconf 80' lang='lat' dir='ltr'><em>Stella</em></span> <span class='ocrx_word' id='word_1_189' title='bbox 210 1594 282 1646; x_wconf 90' lang='lat' dir='ltr'><em>enim</em></span> <span class='ocrx_word' id='word_1_190' title='bbox 306 1595 403 1662; x_wconf 82' lang='lat' dir='ltr'><em>differt</em></span> <span class='ocrx_word' id='word_1_191' title='bbox 427 1595 928 1663; x_wconf 74' lang='grc' dir='ltr'><strong>1111111001οη“11111,11“011111111·</strong></span> <span class='ocrx_word' id='word_1_192' title='bbox 955 1596 1056 1648; x_wconf 87' lang='lat' dir='ltr'><em>civium</em></span> <span class='ocrx_word' id='word_1_193' title='bbox 1077 1596 1231 1661; x_wconf 81' lang='lat' dir='ltr'><em>diqnitatcs</em></span> <span class='ocrx_word' id='word_1_194' title='bbox 1250 1601 1339 1659; x_wconf 76' lang='grc'><strong>1111111,</strong></span> <span class='ocrx_word' id='word_1_195' title='bbox 1360 1595 1412 1646; x_wconf 82' lang='lat' dir='ltr'><em>secl</em></span> <span class='ocrx_word' id='word_1_196' title='bbox 1431 1602 1524 1646; x_wconf 86' lang='lat' dir='ltr'><em>tomen</em></span> <span class='ocrx_word' id='word_1_197' title='bbox 1541 1610 1599 1644; x_wconf 90' lang='lat' dir='ltr'><em>uno</em></span> <span class='ocrx_word' id='word_1_198' title='bbox 1617 1593 1727 1661; x_wconf 82' lang='lat' dir='ltr'><em>requies</em></span> <span class='ocrx_word' id='word_1_199' title='bbox 1744 1607 1791 1644; x_wconf 91' lang='lat' dir='ltr'><em>ae·</em></span> 
     </span>
     <span class='ocr_line' id='line_1_16' title="bbox 90 1678 1792 1750; baseline -0.002 -19"><span class='ocrx_word' id='word_1_200' title='bbox 90 1681 179 1732; x_wconf 87' lang='lat' dir='ltr'><em>rectio</em></span> <span class='ocrx_word' id='word_1_201' title='bbox 198 1688 379 1734; x_wconf 86' lang='lat' dir='ltr'><em>mortuorum.</em></span> <span class='ocrx_word' id='word_1_202' title='bbox 398 1696 477 1734; x_wconf 87' lang='lat' dir='ltr'><em>serm.</em></span> <span class='ocrx_word' id='word_1_203' title='bbox 498 1688 555 1737; x_wconf 82' lang='lat'><em>143.</em></span> <span class='ocrx_word' id='word_1_204' title='bbox 578 1682 612 1735; x_wconf 92' lang='lat' dir='ltr'><em>de</em></span> <span class='ocrx_word' id='word_1_205' title='bbox 632 1687 729 1750; x_wconf 78' lang='lat' dir='ltr'><em>temp:</em></span> <span class='ocrx_word' id='word_1_206' title='bbox 759 1680 928 1734; x_wconf 85' lang='lat' dir='ltr'><em>Sanctorum</em></span> <span class='ocrx_word' id='word_1_207' title='bbox 956 1688 1053 1733; x_wconf 89' lang='lat' dir='ltr'><em>ternae</em></span> <span class='ocrx_word' id='word_1_208' title='bbox 1067 1679 1282 1734; x_wconf 71' lang='lat' dir='ltr'><em>retributionis!</em></span> <span class='ocrx_word' id='word_1_209' title='bbox 1312 1680 1389 1732; x_wconf 89' lang='lat' dir='ltr'><em>Nam</em></span> <span class='ocrx_word' id='word_1_210' title='bbox 1410 1681 1462 1733; x_wconf 92' lang='lat' dir='ltr'><em>etsi</em></span> <span class='ocrx_word' id='word_1_211' title='bbox 1482 1679 1582 1746; x_wconf 89' lang='lat' dir='ltr'><em>dispar</em></span> <span class='ocrx_word' id='word_1_212' title='bbox 1596 1679 1648 1731; x_wconf 89' lang='lat' dir='ltr'><em>erit</em></span> <span class='ocrx_word' id='word_1_213' title='bbox 1664 1678 1792 1730; x_wconf 83' lang='lat' dir='ltr'><em>meritum</em></span> 
     </span>
     <span class='ocr_line' id='line_1_17' title="bbox 92 1763 1792 1836; baseline -0.002 -18"><span class='ocrx_word' id='word_1_214' title='bbox 92 1766 258 1836; x_wconf 78' lang='lat' dir='ltr'><em>corporibus</em></span> <span class='ocrx_word' id='word_1_215' title='bbox 278 1767 424 1834; x_wconf 88' lang='lat' dir='ltr'><em>promissa</em></span> <span class='ocrx_word' id='word_1_216' title='bbox 444 1776 483 1820; x_wconf 89' lang='lat' dir='ltr'><em>est</em></span> <span class='ocrx_word' id='word_1_217' title='bbox 504 1769 624 1820; x_wconf 84' lang='lat' dir='ltr'><em>claritas</em></span> <span class='ocrx_word' id='word_1_218' title='bbox 645 1777 670 1821; x_wconf 91' lang='lat' dir='ltr'><em>et</em></span> <span class='ocrx_word' id='word_1_219' title='bbox 690 1767 805 1821; x_wconf 86' lang='lat' dir='ltr'><em>diuersa</em></span> <span class='ocrx_word' id='word_1_220' title='bbox 823 1769 929 1836; x_wconf 89' lang='lat' dir='ltr'><em>specics</em></span> <span class='ocrx_word' id='word_1_221' title='bbox 956 1767 1144 1835; x_wconf 85' lang='lat' dir='ltr'><em>sinquloruns,</em></span> <span class='ocrx_word' id='word_1_222' title='bbox 1168 1785 1225 1821; x_wconf 89' lang='lat' dir='ltr'><em>non</em></span> <span class='ocrx_word' id='word_1_223' title='bbox 1250 1767 1304 1820; x_wconf 89' lang='lat' dir='ltr'><em>erit</em></span> <span class='ocrx_word' id='word_1_224' title='bbox 1328 1767 1481 1819; x_wconf 87' lang='lat' dir='ltr'><em>diuersitas</em></span> <span class='ocrx_word' id='word_1_225' title='bbox 1507 1766 1692 1834; x_wconf 86' lang='lat' dir='ltr'><em>qaudiorum,</em></span> <span class='ocrx_word' id='word_1_226' title='bbox 1724 1763 1792 1830; x_wconf 87' lang='lat' dir='ltr'><em>quia</em></span> 
     </span>
     <span class='ocr_line' id='line_1_18' title="bbox 92 1850 1792 1921; baseline -0.002 -17"><span class='ocrx_word' id='word_1_227' title='bbox 92 1851 241 1905; x_wconf 79' lang='lat' dir='ltr'><em>claritatis.</em></span> <span class='ocrx_word' id='word_1_228' title='bbox 282 1853 389 1921; x_wconf 84' lang='lat' dir='ltr'><em>Nempe</em></span> <span class='ocrx_word' id='word_1_229' title='bbox 415 1854 604 1921; x_wconf 85' lang='lat' dir='ltr'><em>unusquisque</em></span> <span class='ocrx_word' id='word_1_230' title='bbox 628 1853 712 1906; x_wconf 85' lang='lat' dir='ltr'><em>stabit</em></span> <span class='ocrx_word' id='word_1_231' title='bbox 729 1854 759 1906; x_wconf 88' lang='lat' dir='ltr'><em>in</em></span> <span class='ocrx_word' id='word_1_232' title='bbox 775 1862 850 1907; x_wconf 86' lang='lat' dir='ltr'><em>sorte</em></span> <span class='ocrx_word' id='word_1_233' title='bbox 868 1871 929 1920; x_wconf 87' lang='lat' dir='ltr'><em>sua,</em></span> <span class='ocrx_word' id='word_1_234' title='bbox 957 1852 1010 1905; x_wconf 91' lang='lat' dir='ltr'><em>etsi</em></span> <span class='ocrx_word' id='word_1_235' title='bbox 1035 1853 1109 1906; x_wconf 85' lang='lat' dir='ltr'><em>alter</em></span> <span class='ocrx_word' id='word_1_236' title='bbox 1147 1854 1239 1905; x_wconf 90' lang='lat' dir='ltr'><em>minus</em></span> <span class='ocrx_word' id='word_1_237' title='bbox 1272 1860 1356 1920; x_wconf 89' lang='lat' dir='ltr'><em>atque</em></span> <span class='ocrx_word' id='word_1_238' title='bbox 1390 1852 1465 1903; x_wconf 88' lang='lat' dir='ltr'><em>alius</em></span> <span class='ocrx_word' id='word_1_239' title='bbox 1498 1851 1622 1920; x_wconf 88' lang='lat' dir='ltr'><em>amplius</em></span> <span class='ocrx_word' id='word_1_240' title='bbox 1662 1850 1792 1912; x_wconf 71' lang='lat' dir='ltr'><em>exsultat,</em></span> 
     </span>
     <span class='ocr_line' id='line_1_19' title="bbox 88 1935 1791 2008; baseline -0.002 -20"><span class='ocrx_word' id='word_1_241' title='bbox 88 1936 274 2006; x_wconf 74' lang='lat' dir='ltr'><em>patriarchae</em></span> <span class='ocrx_word' id='word_1_242' title='bbox 296 1946 322 1989; x_wconf 90' lang='grc'><em>11</em></span> <span class='ocrx_word' id='word_1_243' title='bbox 342 1937 502 2006; x_wconf 86' lang='lat' dir='ltr'><em>propbetas</em></span> <span class='ocrx_word' id='word_1_244' title='bbox 521 1939 550 1991; x_wconf 87' lang='lat' dir='ltr'><em>in</em></span> <span class='ocrx_word' id='word_1_245' title='bbox 568 1947 644 1992; x_wconf 88' lang='lat' dir='ltr'><em>sorte</em></span> <span class='ocrx_word' id='word_1_246' title='bbox 662 1956 729 2003; x_wconf 86' lang='lat' dir='ltr'><em>sua,</em></span> <span class='ocrx_word' id='word_1_247' title='bbox 756 1940 882 2008; x_wconf 89' lang='lat' dir='ltr'><em>apostoli</em></span> <span class='ocrx_word' id='word_1_248' title='bbox 900 1940 929 1992; x_wconf 89' lang='lat' dir='ltr'><em>in</em></span> <span class='ocrx_word' id='word_1_249' title='bbox 957 1955 1049 1992; x_wconf 89' lang='lat' dir='ltr'><em>omnes</em></span> <span class='ocrx_word' id='word_1_250' title='bbox 1073 1947 1166 1992; x_wconf 88' lang='lat' dir='ltr'><em>tamen</em></span> <span class='ocrx_word' id='word_1_251' title='bbox 1190 1956 1275 1991; x_wconf 88' lang='lat' dir='ltr'><em>unum</em></span> <span class='ocrx_word' id='word_1_252' title='bbox 1304 1939 1440 2008; x_wconf 84' lang='lat' dir='ltr'><em>qaudium</em></span> <span class='ocrx_word' id='word_1_253' title='bbox 1460 1939 1495 1990; x_wconf 90' lang='lat' dir='ltr'><em>de</em></span> <span class='ocrx_word' id='word_1_254' title='bbox 1514 1936 1671 1990; x_wconf 86' lang='lat' dir='ltr'><em>conditoris</em></span> <span class='ocrx_word' id='word_1_255' title='bbox 1691 1936 1738 1987; x_wconf 85' lang='lat' dir='ltr'><em>sui</em></span> <span class='ocrx_word' id='word_1_256' title='bbox 1752 1935 1791 1986; x_wconf 86' lang='lat' dir='ltr'><em>vi·</em></span> 
     </span>
     <span class='ocr_line' id='line_1_20' title="bbox 92 2021 1791 2093; baseline -0.002 -17"><span class='ocrx_word' id='word_1_257' title='bbox 92 2039 144 2076; x_wconf 90' lang='lat' dir='ltr'><em>sua</em></span> <span class='ocrx_word' id='word_1_258' title='bbox 164 2031 255 2090; x_wconf 87' lang='lat' dir='ltr'><em>sorte,</em></span> <span class='ocrx_word' id='word_1_259' title='bbox 282 2022 470 2092; x_wconf 86' lang='lat' dir='ltr'><em>euaaqelistae</em></span> <span class='ocrx_word' id='word_1_260' title='bbox 497 2024 527 2076; x_wconf 90' lang='lat' dir='ltr'><em>in</em></span> <span class='ocrx_word' id='word_1_261' title='bbox 556 2041 608 2076; x_wconf 90' lang='lat' dir='ltr'><em>sua</em></span> <span class='ocrx_word' id='word_1_262' title='bbox 635 2032 719 2091; x_wconf 86' lang='lat' dir='ltr'><em>sorte,</em></span> <span class='ocrx_word' id='word_1_263' title='bbox 745 2031 877 2093; x_wconf 86' lang='lat' dir='ltr'><em>pastores</em></span> <span class='ocrx_word' id='word_1_264' title='bbox 905 2033 931 2076; x_wconf 87' lang='lat' dir='ltr'><em>et</em></span> <span class='ocrx_word' id='word_1_265' title='bbox 956 2026 1034 2077; x_wconf 75' lang='grc'><strong>11011</strong></span> <span class='ocrx_word' id='word_1_266' title='bbox 1055 2025 1199 2088; x_wconf 81' lang='lat' dir='ltr'><em>laetificat.</em></span> <span class='ocrx_word' id='word_1_267' title='bbox 1232 2021 1791 2090; x_wconf 56' lang='grc' dir='ltr'><strong>1111111111Ιί11.11Ε101111101ρ.111</strong></span> 
     </span>
     <span class='ocr_line' id='line_1_21' title="bbox 92 2109 1792 2177; baseline -0.002 -15"><span class='ocrx_word' id='word_1_268' title='bbox 92 2111 224 2162; x_wconf 88' lang='lat' dir='ltr'><em>doctores</em></span> <span class='ocrx_word' id='word_1_269' title='bbox 235 2110 419 2173; x_wconf 88' lang='lat' dir='ltr'><em>insuasorte,</em></span> <span class='ocrx_word' id='word_1_270' title='bbox 432 2109 488 2161; x_wconf 88' lang='lat' dir='ltr'><em>ulii</em></span> <span class='ocrx_word' id='word_1_271' title='bbox 499 2111 619 2177; x_wconf 84' lang='lat' dir='ltr'><em>denique</em></span> <span class='ocrx_word' id='word_1_272' title='bbox 627 2111 729 2173; x_wconf 76' lang='lat' dir='ltr'><em>fideles</em></span> <span class='ocrx_word' id='word_1_273' title='bbox 741 2110 770 2163; x_wconf 91' lang='lat' dir='ltr'><em>in</em></span> <span class='ocrx_word' id='word_1_274' title='bbox 782 2128 834 2163; x_wconf 84' lang='lat' dir='ltr'><em>sua</em></span> <span class='ocrx_word' id='word_1_275' title='bbox 846 2120 931 2165; x_wconf 88' lang='lat' dir='ltr'><em>sorte.</em></span> <span class='ocrx_word' id='word_1_276' title='bbox 960 2112 1072 2166; x_wconf 82' lang='lat' dir='ltr'><em>Corona</em></span> <span class='ocrx_word' id='word_1_277' title='bbox 1088 2130 1177 2165; x_wconf 87' lang='lat' dir='ltr'><em>aurea</em></span> <span class='ocrx_word' id='word_1_278' title='bbox 1196 2128 1307 2165; x_wconf 88' lang='lat' dir='ltr'><em>mensae</em></span> <span class='ocrx_word' id='word_1_279' title='bbox 1323 2111 1443 2164; x_wconf 82' lang='lat' dir='ltr'><em>Domini</em></span> <span class='ocrx_word' id='word_1_280' title='bbox 1455 2127 1532 2176; x_wconf 90' lang='lat' dir='ltr'><em>pura</em></span> <span class='ocrx_word' id='word_1_281' title='bbox 1552 2118 1578 2161; x_wconf 90' lang='lat' dir='ltr'><em>et</em></span> <span class='ocrx_word' id='word_1_282' title='bbox 1596 2128 1652 2162; x_wconf 92' lang='lat' dir='ltr'><em>non</em></span> <span class='ocrx_word' id='word_1_283' title='bbox 1671 2110 1792 2161; x_wconf 89' lang='lat' dir='ltr'><em>interra·</em></span> 
     </span>
     <span class='ocr_line' id='line_1_22' title="bbox 92 2195 1793 2265; baseline -0.002 -16"><span class='ocrx_word' id='word_1_284' title='bbox 92 2210 172 2250; x_wconf 86' lang='lat' dir='ltr'><em>serm.</em></span> <span class='ocrx_word' id='word_1_285' title='bbox 190 2200 243 2250; x_wconf 86' lang='grc'><strong>191.</strong></span> <span class='ocrx_word' id='word_1_286' title='bbox 259 2195 294 2249; x_wconf 90' lang='lat' dir='ltr'><em>de</em></span> <span class='ocrx_word' id='word_1_287' title='bbox 307 2203 404 2265; x_wconf 75' lang='lat' dir='ltr'><em>temp:</em></span> <span class='ocrx_word' id='word_1_288' title='bbox 428 2195 517 2248; x_wconf 88' lang='lat' dir='ltr'><em>Unam</em></span> <span class='ocrx_word' id='word_1_289' title='bbox 534 2197 675 2249; x_wconf 88' lang='lat' dir='ltr'><em>credimus</em></span> <span class='ocrx_word' id='word_1_290' title='bbox 695 2212 756 2249; x_wconf 91' lang='lat' dir='ltr'><em>esse</em></span> <span class='ocrx_word' id='word_1_291' title='bbox 770 2205 930 2250; x_wconf 80' lang='lat' dir='ltr'><em>sanctoruni</em></span> <span class='ocrx_word' id='word_1_292' title='bbox 957 2199 1020 2251; x_wconf 85' lang='lat' dir='ltr'><em>silis</em></span> <span class='ocrx_word' id='word_1_293' title='bbox 1039 2205 1116 2264; x_wconf 88' lang='lat' dir='ltr'><em>esset,</em></span> <span class='ocrx_word' id='word_1_294' title='bbox 1134 2199 1161 2249; x_wconf 94' lang='lat' dir='ltr'><em>si</em></span> <span class='ocrx_word' id='word_1_295' title='bbox 1175 2198 1295 2250; x_wconf 80' lang='lat' dir='ltr'><em>claritas</em></span> <span class='ocrx_word' id='word_1_296' title='bbox 1310 2199 1427 2260; x_wconf 89' lang='lat' dir='ltr'><em>futurae</em></span> <span class='ocrx_word' id='word_1_297' title='bbox 1447 2196 1639 2248; x_wconf 83' lang='lat' dir='ltr'><em>retributionis</em></span> <span class='ocrx_word' id='word_1_298' title='bbox 1652 2196 1793 2262; x_wconf 80' lang='lat' dir='ltr'><em>justorum</em></span> 
     </span>
     <span class='ocr_line' id='line_1_23' title="bbox 91 2279 1792 2351; baseline -0.001 -17"><span class='ocrx_word' id='word_1_299' title='bbox 91 2282 178 2334; x_wconf 87' lang='lat' dir='ltr'><em>uitam</em></span> <span class='ocrx_word' id='word_1_300' title='bbox 198 2281 336 2346; x_wconf 90' lang='lat' dir='ltr'><em>omnium,</em></span> <span class='ocrx_word' id='word_1_301' title='bbox 360 2283 413 2335; x_wconf 86' lang='lat' dir='ltr'><em>sed</em></span> <span class='ocrx_word' id='word_1_302' title='bbox 429 2283 563 2349; x_wconf 86' lang='lat' dir='ltr'><em>praemia</em></span> <span class='ocrx_word' id='word_1_303' title='bbox 583 2299 637 2350; x_wconf 89' lang='lat' dir='ltr'><em>pro</em></span> <span class='ocrx_word' id='word_1_304' title='bbox 655 2282 754 2336; x_wconf 88' lang='lat' dir='ltr'><em>labore</em></span> <span class='ocrx_word' id='word_1_305' title='bbox 774 2285 932 2337; x_wconf 77' lang='grc'><strong>1111111011</strong></span> <span class='ocrx_word' id='word_1_306' title='bbox 958 2283 1432 2351; x_wconf 68' lang='grc'><strong>010101110111111101111111101,</strong></span> <span class='ocrx_word' id='word_1_307' title='bbox 1452 2283 1543 2334; x_wconf 86' lang='lat' dir='ltr'><em>instar</em></span> <span class='ocrx_word' id='word_1_308' title='bbox 1561 2282 1690 2334; x_wconf 86' lang='lat' dir='ltr'><em>videlicet</em></span> <span class='ocrx_word' id='word_1_309' title='bbox 1707 2279 1792 2349; x_wconf 79' lang='lat' dir='ltr'><em>liujus</em></span> 
     </span>
     <span class='ocr_line' id='line_1_24' title="bbox 93 2367 1793 2438; baseline -0.002 -17"><span class='ocrx_word' id='word_1_310' title='bbox 93 2367 272 2421; x_wconf 87' lang='lat' dir='ltr'><em>econtrario</em></span> <span class='ocrx_word' id='word_1_311' title='bbox 294 2383 350 2435; x_wconf 90' lang='lat' dir='ltr'><em>pro</em></span> <span class='ocrx_word' id='word_1_312' title='bbox 378 2369 461 2420; x_wconf 89' lang='lat' dir='ltr'><em>modo</em></span> <span class='ocrx_word' id='word_1_313' title='bbox 483 2368 649 2422; x_wconf 84' lang='lat' dir='ltr'><em>delictorum</em></span> <span class='ocrx_word' id='word_1_314' title='bbox 663 2377 845 2437; x_wconf 88' lang='lat' dir='ltr'><em>peccatorum</em></span> <span class='ocrx_word' id='word_1_315' title='bbox 866 2388 930 2438; x_wconf 91' lang='lat' dir='ltr'><em>quo·</em></span> <span class='ocrx_word' id='word_1_316' title='bbox 957 2370 1058 2423; x_wconf 83' lang='lat' dir='ltr'><em>mundi</em></span> <span class='ocrx_word' id='word_1_317' title='bbox 1078 2369 1160 2432; x_wconf 88' lang='lat' dir='ltr'><em>solis,</em></span> <span class='ocrx_word' id='word_1_318' title='bbox 1185 2369 1266 2435; x_wconf 70' lang='lat' dir='ltr'><em>cuijus</em></span> <span class='ocrx_word' id='word_1_319' title='bbox 1289 2368 1468 2436; x_wconf 81' lang='lat' dir='ltr'><em>splendorem</em></span> <span class='ocrx_word' id='word_1_320' title='bbox 1494 2368 1573 2420; x_wconf 89' lang='lat' dir='ltr'><em>Deus</em></span> <span class='ocrx_word' id='word_1_321' title='bbox 1598 2368 1793 2436; x_wconf 82' lang='lat' dir='ltr'><em>indifferenter</em></span> 
     </span>
     <span class='ocr_line' id='line_1_25' title="bbox 93 2451 1793 2523; baseline 0 -19"><span class='ocrx_word' id='word_1_322' title='bbox 93 2470 147 2523; x_wconf 88' lang='lat' dir='ltr'><em>qne</em></span> <span class='ocrx_word' id='word_1_323' title='bbox 172 2468 232 2506; x_wconf 86' lang='lat' dir='ltr'><em>esse</em></span> <span class='ocrx_word' id='word_1_324' title='bbox 256 2453 409 2521; x_wconf 87' lang='lat' dir='ltr'><em>supplicia.</em></span> <span class='ocrx_word' id='word_1_325' title='bbox 451 2451 605 2507; x_wconf 86' lang='lat' dir='ltr'><em>Eucherius</em></span> <span class='ocrx_word' id='word_1_326' title='bbox 628 2453 756 2522; x_wconf 85' lang='lat' dir='ltr'><em>Lugduu.</em></span> <span class='ocrx_word' id='word_1_327' title='bbox 787 2454 881 2511; x_wconf 87' lang='lat' dir='ltr'><em>homil.</em></span> <span class='ocrx_word' id='word_1_328' title='bbox 902 2457 929 2509; x_wconf 92' lang='lat' dir='ltr'><em>iu</em></span> <span class='ocrx_word' id='word_1_329' title='bbox 956 2472 1042 2523; x_wconf 87' lang='lat' dir='ltr'><em>super</em></span> <span class='ocrx_word' id='word_1_330' title='bbox 1065 2457 1151 2509; x_wconf 74' lang='lat' dir='ltr'><em>boreos</em></span> <span class='ocrx_word' id='word_1_331' title='bbox 1175 2462 1202 2507; x_wconf 90' lang='lat' dir='ltr'><em>et</em></span> <span class='ocrx_word' id='word_1_332' title='bbox 1228 2453 1319 2508; x_wconf 89' lang='lat' dir='ltr'><em>malos</em></span> <span class='ocrx_word' id='word_1_333' title='bbox 1344 2455 1420 2518; x_wconf 87' lang='lat' dir='ltr'><em>fucit</em></span> <span class='ocrx_word' id='word_1_334' title='bbox 1443 2453 1524 2510; x_wconf 85' lang='lat' dir='ltr'><em>oriri.</em></span> <span class='ocrx_word' id='word_1_335' title='bbox 1562 2456 1602 2507; x_wconf 86' lang='lat' dir='ltr'><em>At</em></span> <span class='ocrx_word' id='word_1_336' title='bbox 1627 2456 1694 2523; x_wconf 91' lang='lat' dir='ltr'><em>quia</em></span> <span class='ocrx_word' id='word_1_337' title='bbox 1720 2453 1793 2506; x_wconf 87' lang='lat' dir='ltr'><em>sieut</em></span> 
     </span>
     <span class='ocr_line' id='line_1_26' title="bbox 92 2537 1793 2610; baseline -0.001 -18"><span class='ocrx_word' id='word_1_338' title='bbox 92 2537 181 2592; x_wconf 85' lang='grc'><strong>1111111</strong></span> <span class='ocrx_word' id='word_1_339' title='bbox 196 2537 278 2592; x_wconf 89' lang='lat' dir='ltr'><em>unius</em></span> <span class='ocrx_word' id='word_1_340' title='bbox 294 2537 426 2592; x_wconf 70' lang='lat' dir='ltr'><em>confess:</em></span> <span class='ocrx_word' id='word_1_341' title='bbox 445 2537 500 2599; x_wconf 86' lang='lat' dir='ltr'><em>Qui</em></span> <span class='ocrx_word' id='word_1_342' title='bbox 505 2539 575 2607; x_wconf 87' lang='lat' dir='ltr'><em>plus</em></span> <span class='ocrx_word' id='word_1_343' title='bbox 590 2539 769 2607; x_wconf 83' lang='lat' dir='ltr'><em>laboraverit,</em></span> <span class='ocrx_word' id='word_1_344' title='bbox 779 2542 847 2608; x_wconf 88' lang='lat' dir='ltr'><em>plus</em></span> <span class='ocrx_word' id='word_1_345' title='bbox 860 2558 929 2593; x_wconf 89' lang='lat' dir='ltr'><em>mer·</em></span> <span class='ocrx_word' id='word_1_346' title='bbox 956 2541 1041 2595; x_wconf 87' lang='lat' dir='ltr'><em>stella</em></span> <span class='ocrx_word' id='word_1_347' title='bbox 1061 2542 1158 2610; x_wconf 83' lang='lat' dir='ltr'><em>differt</em></span> <span class='ocrx_word' id='word_1_348' title='bbox 1177 2558 1196 2593; x_wconf 90' lang='grc'><strong>0</strong></span> <span class='ocrx_word' id='word_1_349' title='bbox 1218 2540 1303 2593; x_wconf 85' lang='lat' dir='ltr'><em>stella</em></span> <span class='ocrx_word' id='word_1_350' title='bbox 1316 2540 1345 2592; x_wconf 88' lang='lat' dir='ltr'><em>in</em></span> <span class='ocrx_word' id='word_1_351' title='bbox 1356 2540 1487 2593; x_wconf 89' lang='lat' dir='ltr'><em>claritate</em></span> <span class='ocrx_word' id='word_1_352' title='bbox 1491 2559 1504 2605; x_wconf 87' lang='lat'><em>;</em></span> <span class='ocrx_word' id='word_1_353' title='bbox 1524 2540 1566 2592; x_wconf 86' lang='lat' dir='ltr'><em>ita</em></span> <span class='ocrx_word' id='word_1_354' title='bbox 1587 2539 1640 2592; x_wconf 89' lang='lat' dir='ltr'><em>erit</em></span> <span class='ocrx_word' id='word_1_355' title='bbox 1658 2547 1684 2592; x_wconf 93' lang='lat' dir='ltr'><em>et</em></span> <span class='ocrx_word' id='word_1_356' title='bbox 1697 2557 1793 2592; x_wconf 89' lang='lat' dir='ltr'><em>resur·</em></span> 
     </span>
     <span class='ocr_line' id='line_1_27' title="bbox 92 2624 1791 2696; baseline -0.001 -18"><span class='ocrx_word' id='word_1_357' title='bbox 92 2624 172 2678; x_wconf 85' lang='lat' dir='ltr'><em>cedis</em></span> <span class='ocrx_word' id='word_1_358' title='bbox 192 2625 320 2693; x_wconf 82' lang='lat' dir='ltr'><em>accipiet.</em></span> <span class='ocrx_word' id='word_1_359' title='bbox 350 2624 442 2677; x_wconf 86' lang='lat' dir='ltr'><em>Stella</em></span> <span class='ocrx_word' id='word_1_360' title='bbox 456 2624 538 2686; x_wconf 86' lang='lat' dir='ltr'><em>enim,</em></span> <span class='ocrx_word' id='word_1_361' title='bbox 556 2633 587 2677; x_wconf 89' lang='lat' dir='ltr'><em>ut</em></span> <span class='ocrx_word' id='word_1_362' title='bbox 603 2626 749 2693; x_wconf 90' lang='lat' dir='ltr'><em>apostolus</em></span> <span class='ocrx_word' id='word_1_363' title='bbox 765 2627 813 2686; x_wconf 85' lang='lat' dir='ltr'><em>ait.</em></span> <span class='ocrx_word' id='word_1_364' title='bbox 833 2628 930 2696; x_wconf 81' lang='lat' dir='ltr'><em>differt</em></span> <span class='ocrx_word' id='word_1_365' title='bbox 956 2627 1042 2681; x_wconf 90' lang='lat' dir='ltr'><em>rectio</em></span> <span class='ocrx_word' id='word_1_366' title='bbox 1076 2635 1263 2690; x_wconf 88' lang='lat' dir='ltr'><em>mortuorum,</em></span> <span class='ocrx_word' id='word_1_367' title='bbox 1308 2642 1414 2678; x_wconf 88' lang='lat' dir='ltr'><em>corona</em></span> <span class='ocrx_word' id='word_1_368' title='bbox 1453 2642 1565 2679; x_wconf 90' lang='lat' dir='ltr'><em>mensae</em></span> <span class='ocrx_word' id='word_1_369' title='bbox 1594 2626 1714 2679; x_wconf 86' lang='lat' dir='ltr'><em>Domini</em></span> <span class='ocrx_word' id='word_1_370' title='bbox 1745 2642 1791 2676; x_wconf 83' lang='lat' dir='ltr'><em>ca·</em></span> 
     </span>
     <span class='ocr_line' id='line_1_28' title="bbox 92 2709 1792 2780; baseline -0.002 -14"><span class='ocrx_word' id='word_1_371' title='bbox 92 2710 221 2766; x_wconf 77' lang='lat' dir='ltr'><em>astella</em></span> <span class='ocrx_word' id='word_1_372' title='bbox 244 2712 274 2765; x_wconf 92' lang='lat' dir='ltr'><em>in</em></span> <span class='ocrx_word' id='word_1_373' title='bbox 299 2711 439 2767; x_wconf 84' lang='lat' dir='ltr'><em>claritate.</em></span> <span class='ocrx_word' id='word_1_374' title='bbox 485 2709 617 2772; x_wconf 85' lang='lat' dir='ltr'><em>Quamvis</em></span> <span class='ocrx_word' id='word_1_375' title='bbox 638 2713 725 2780; x_wconf 86' lang='lat' dir='ltr'><em>iqitur</em></span> <span class='ocrx_word' id='word_1_376' title='bbox 744 2730 838 2767; x_wconf 88' lang='lat' dir='ltr'><em>omnes</em></span> <span class='ocrx_word' id='word_1_377' title='bbox 857 2714 932 2766; x_wconf 88' lang='lat' dir='ltr'><em>beati</em></span> <span class='ocrx_word' id='word_1_378' title='bbox 956 2714 1009 2766; x_wconf 86' lang='lat' dir='ltr'><em>riis</em></span> <span class='ocrx_word' id='word_1_379' title='bbox 1032 2715 1165 2766; x_wconf 86' lang='lat' dir='ltr'><em>distincta</em></span> <span class='ocrx_word' id='word_1_380' title='bbox 1189 2711 1351 2780; x_wconf 87' lang='lat' dir='ltr'><em>scripturis,</em></span> <span class='ocrx_word' id='word_1_381' title='bbox 1372 2712 1424 2764; x_wconf 90' lang='lat' dir='ltr'><em>sed</em></span> <span class='ocrx_word' id='word_1_382' title='bbox 1447 2718 1631 2779; x_wconf 86' lang='lat' dir='ltr'><em>competenter</em></span> <span class='ocrx_word' id='word_1_383' title='bbox 1650 2710 1792 2764; x_wconf 86' lang='lat' dir='ltr'><em>ordinatis</em></span> 
     </span>
     <span class='ocr_line' id='line_1_29' title="bbox 94 2796 1793 2869; baseline -0.002 -20"><span class='ocrx_word' id='word_1_384' title='bbox 94 2804 184 2864; x_wconf 77' lang='lat' dir='ltr'><em>errent,</em></span> <span class='ocrx_word' id='word_1_385' title='bbox 199 2803 361 2849; x_wconf 87' lang='lat' dir='ltr'><em>nontamen</em></span> <span class='ocrx_word' id='word_1_386' title='bbox 374 2813 468 2850; x_wconf 88' lang='lat' dir='ltr'><em>omnes</em></span> <span class='ocrx_word' id='word_1_387' title='bbox 480 2798 612 2866; x_wconf 85' lang='lat' dir='ltr'><em>aequales</em></span> <span class='ocrx_word' id='word_1_388' title='bbox 625 2806 715 2864; x_wconf 89' lang='lat' dir='ltr'><em>erunt,</em></span> <span class='ocrx_word' id='word_1_389' title='bbox 727 2800 805 2866; x_wconf 87' lang='lat' dir='ltr'><em>quod</em></span> <span class='ocrx_word' id='word_1_390' title='bbox 818 2800 931 2867; x_wconf 88' lang='lat' dir='ltr'><em>quidem</em></span> <span class='ocrx_word' id='word_1_391' title='bbox 956 2801 1089 2869; x_wconf 85' lang='lat' dir='ltr'><em>apposito</em></span> <span class='ocrx_word' id='word_1_392' title='bbox 1109 2807 1156 2854; x_wconf 86' lang='lat' dir='ltr'><em>est.</em></span> <span class='ocrx_word' id='word_1_393' title='bbox 1199 2799 1260 2851; x_wconf 89' lang='lat' dir='ltr'><em>Una</em></span> <span class='ocrx_word' id='word_1_394' title='bbox 1284 2798 1383 2850; x_wconf 89' lang='lat' dir='ltr'><em>etenim</em></span> <span class='ocrx_word' id='word_1_395' title='bbox 1407 2798 1465 2850; x_wconf 89' lang='lat' dir='ltr'><em>uita</em></span> <span class='ocrx_word' id='word_1_396' title='bbox 1484 2798 1587 2860; x_wconf 83' lang='lat' dir='ltr'><em>futuro</em></span> <span class='ocrx_word' id='word_1_397' title='bbox 1607 2796 1732 2848; x_wconf 88' lang='lat' dir='ltr'><em>omnibus</em></span> <span class='ocrx_word' id='word_1_398' title='bbox 1753 2802 1793 2847; x_wconf 87' lang='lat' dir='ltr'><em>est</em></span> 
     </span>
     <span class='ocr_line' id='line_1_30' title="bbox 93 2881 1793 2955; baseline -0.001 -20"><span class='ocrx_word' id='word_1_399' title='bbox 93 2882 124 2935; x_wconf 84' lang='lat' dir='ltr'><em>in</em></span> <span class='ocrx_word' id='word_1_400' title='bbox 137 2897 169 2934; x_wconf 87' lang='lat' dir='ltr'><em>eo</em></span> <span class='ocrx_word' id='word_1_401' title='bbox 182 2882 368 2951; x_wconf 85' lang='lat' dir='ltr'><em>siqnificatur,</em></span> <span class='ocrx_word' id='word_1_402' title='bbox 386 2885 464 2952; x_wconf 89' lang='lat' dir='ltr'><em>quod</em></span> <span class='ocrx_word' id='word_1_403' title='bbox 475 2885 530 2937; x_wconf 91' lang='lat' dir='ltr'><em>alii</em></span> <span class='ocrx_word' id='word_1_404' title='bbox 542 2900 633 2952; x_wconf 86' lang='lat' dir='ltr'><em>supra</em></span> <span class='ocrx_word' id='word_1_405' title='bbox 648 2886 750 2952; x_wconf 79' lang='lat' dir='ltr'><em>elecem,</em></span> <span class='ocrx_word' id='word_1_406' title='bbox 769 2884 825 2937; x_wconf 90' lang='lat' dir='ltr'><em>alii</em></span> <span class='ocrx_word' id='word_1_407' title='bbox 840 2903 931 2954; x_wconf 89' lang='lat' dir='ltr'><em>supra</em></span> <span class='ocrx_word' id='word_1_408' title='bbox 953 2887 1096 2955; x_wconf 90' lang='lat' dir='ltr'><em>promissa</em></span> <span class='ocrx_word' id='word_1_409' title='bbox 1108 2886 1206 2953; x_wconf 85' lang='lat' dir='ltr'><em>justis,</em></span> <span class='ocrx_word' id='word_1_410' title='bbox 1223 2885 1275 2936; x_wconf 87' lang='lat' dir='ltr'><em>sed</em></span> <span class='ocrx_word' id='word_1_411' title='bbox 1293 2883 1475 2945; x_wconf 85' lang='lat' dir='ltr'><em>multiformis</em></span> <span class='ocrx_word' id='word_1_412' title='bbox 1500 2884 1530 2935; x_wconf 88' lang='lat' dir='ltr'><em>in</em></span> <span class='ocrx_word' id='word_1_413' title='bbox 1551 2881 1605 2934; x_wconf 88' lang='lat' dir='ltr'><em>illa</em></span> <span class='ocrx_word' id='word_1_414' title='bbox 1621 2899 1676 2950; x_wconf 90' lang='lat' dir='ltr'><em>pro</em></span> <span class='ocrx_word' id='word_1_415' title='bbox 1698 2881 1793 2934; x_wconf 78' lang='lat' dir='ltr'><em>eliser-</em></span> 
     </span>
     <span class='ocr_line' id='line_1_31' title="bbox 93 2966 1793 3040; baseline 0 -21"><span class='ocrx_word' id='word_1_416' title='bbox 93 2967 214 3038; x_wconf 87' lang='lat' dir='ltr'><em>quinque</em></span> <span class='ocrx_word' id='word_1_417' title='bbox 239 2969 365 3021; x_wconf 86' lang='lat' dir='ltr'><em>ciuitates</em></span> <span class='ocrx_word' id='word_1_418' title='bbox 390 2969 536 3022; x_wconf 86' lang='lat' dir='ltr'><em>constituti</em></span> <span class='ocrx_word' id='word_1_419' title='bbox 554 2970 695 3024; x_wconf 86' lang='lat' dir='ltr'><em>dicuntur.</em></span> <span class='ocrx_word' id='word_1_420' title='bbox 730 2969 851 3040; x_wconf 86' lang='lat' dir='ltr'><em>Prosper</em></span> <span class='ocrx_word' id='word_1_421' title='bbox 870 2971 930 3025; x_wconf 87' lang='lat' dir='ltr'><em>libr.</em></span> <span class='ocrx_word' id='word_1_422' title='bbox 956 2973 1037 3026; x_wconf 87' lang='lat' dir='ltr'><em>sitatc</em></span> <span class='ocrx_word' id='word_1_423' title='bbox 1059 2972 1223 3024; x_wconf 89' lang='lat' dir='ltr'><em>meritorum</em></span> <span class='ocrx_word' id='word_1_424' title='bbox 1240 2970 1335 3038; x_wconf 79' lang='lat' dir='ltr'><em>pieria</em></span> <span class='ocrx_word' id='word_1_425' title='bbox 1353 2976 1393 3021; x_wconf 88' lang='lat' dir='ltr'><em>est</em></span> <span class='ocrx_word' id='word_1_426' title='bbox 1411 2969 1593 3033; x_wconf 84' lang='lat' dir='ltr'><em>sinqulorum.</em></span> <span class='ocrx_word' id='word_1_427' title='bbox 1624 2966 1696 3036; x_wconf 85' lang='lat' dir='ltr'><em>(Quo</em></span> <span class='ocrx_word' id='word_1_428' title='bbox 1709 2982 1793 3020; x_wconf 86' lang='lat' dir='ltr'><em>seusu</em></span> 
     </span>
     <span class='ocr_line' id='line_1_32' title="bbox 96 3052 1792 3126; baseline -0.002 -17"><span class='ocrx_word' id='word_1_429' title='bbox 96 3060 118 3109; x_wconf 91' lang='grc'><em>1.</em></span> <span class='ocrx_word' id='word_1_430' title='bbox 140 3052 175 3108; x_wconf 90' lang='lat' dir='ltr'><em>de</em></span> <span class='ocrx_word' id='word_1_431' title='bbox 193 3052 252 3107; x_wconf 83' lang='lat' dir='ltr'><em>vite</em></span> <span class='ocrx_word' id='word_1_432' title='bbox 271 3054 448 3122; x_wconf 80' lang='lat' dir='ltr'><em>contemplat.</em></span> <span class='ocrx_word' id='word_1_433' title='bbox 465 3072 525 3125; x_wconf 86' lang='lat' dir='ltr'><em>esp.</em></span> <span class='ocrx_word' id='word_1_434' title='bbox 545 3061 574 3109; x_wconf 78' lang='lat'><em>4:</em></span> <span class='ocrx_word' id='word_1_435' title='bbox 603 3056 765 3125; x_wconf 77' lang='lat' dir='ltr'><em>Quicunque</em></span> <span class='ocrx_word' id='word_1_436' title='bbox 785 3055 825 3108; x_wconf 86' lang='lat' dir='ltr'><em>ibi</em></span> <span class='ocrx_word' id='word_1_437' title='bbox 841 3065 930 3123; x_wconf 88' lang='lat' dir='ltr'><em>erunt,</em></span> <span class='ocrx_word' id='word_1_438' title='bbox 957 3057 985 3112; x_wconf 90' lang='lat' dir='ltr'><em>in</em></span> <span class='ocrx_word' id='word_1_439' title='bbox 1015 3058 1057 3111; x_wconf 87' lang='lat' dir='ltr'><em>his</em></span> <span class='ocrx_word' id='word_1_440' title='bbox 1090 3065 1119 3111; x_wconf 91' lang='lat' dir='ltr'><em>et</em></span> <span class='ocrx_word' id='word_1_441' title='bbox 1149 3057 1210 3109; x_wconf 79' lang='lat' dir='ltr'><em>eliis</em></span> <span class='ocrx_word' id='word_1_442' title='bbox 1240 3055 1375 3126; x_wconf 84' lang='lat' dir='ltr'><em>ejusmodi</em></span> <span class='ocrx_word' id='word_1_443' title='bbox 1405 3054 1486 3109; x_wconf 87' lang='lat' dir='ltr'><em>dietis</em></span> <span class='ocrx_word' id='word_1_444' title='bbox 1522 3053 1612 3108; x_wconf 84' lang='lat' dir='ltr'><em>meriti</em></span> <span class='ocrx_word' id='word_1_445' title='bbox 1650 3069 1717 3107; x_wconf 88' lang='lat' dir='ltr'><em>voce</em></span> <span class='ocrx_word' id='word_1_446' title='bbox 1749 3069 1792 3106; x_wconf 89' lang='lat' dir='ltr'><em>ec·</em></span> 
     </span>
     <span class='ocr_line' id='line_1_33' title="bbox 93 3137 1793 3212; baseline -0.002 -19"><span class='ocrx_word' id='word_1_447' title='bbox 93 3140 149 3193; x_wconf 85' lang='lat' dir='ltr'><em>etsi</em></span> <span class='ocrx_word' id='word_1_448' title='bbox 186 3138 379 3209; x_wconf 82' lang='lat' dir='ltr'><em>differentibus</em></span> <span class='ocrx_word' id='word_1_449' title='bbox 412 3141 521 3192; x_wconf 88' lang='lat' dir='ltr'><em>meritis</em></span> <span class='ocrx_word' id='word_1_450' title='bbox 558 3141 594 3194; x_wconf 93' lang='lat' dir='ltr'><em>ab</em></span> <span class='ocrx_word' id='word_1_451' title='bbox 634 3142 749 3195; x_wconf 85' lang='lat' dir='ltr'><em>inuicem</em></span> <span class='ocrx_word' id='word_1_452' title='bbox 780 3143 931 3209; x_wconf 85' lang='lat' dir='ltr'><em>distabunt,</em></span> <span class='ocrx_word' id='word_1_453' title='bbox 957 3143 1104 3198; x_wconf 84' lang='lat' dir='ltr'><em>clesiastici</em></span> <span class='ocrx_word' id='word_1_454' title='bbox 1133 3143 1280 3212; x_wconf 84' lang='lat' dir='ltr'><em>scriptores</em></span> <span class='ocrx_word' id='word_1_455' title='bbox 1304 3146 1434 3205; x_wconf 80' lang='lat' dir='ltr'><em>utuntur,</em></span> <span class='ocrx_word' id='word_1_456' title='bbox 1467 3138 1523 3193; x_wconf 82' lang='lat' dir='ltr'><em>lete</em></span> <span class='ocrx_word' id='word_1_457' title='bbox 1557 3139 1733 3208; x_wconf 84' lang='lat' dir='ltr'><em>exposuimus</em></span> <span class='ocrx_word' id='word_1_458' title='bbox 1764 3137 1793 3190; x_wconf 92' lang='lat' dir='ltr'><em>in</em></span> 
     </span>
     <span class='ocr_line' id='line_1_34' title="bbox 94 3224 1792 3298; baseline -0.002 -18"><span class='ocrx_word' id='word_1_459' title='bbox 94 3242 188 3280; x_wconf 83' lang='lat' dir='ltr'><em>omnes</em></span> <span class='ocrx_word' id='word_1_460' title='bbox 207 3233 297 3278; x_wconf 89' lang='lat' dir='ltr'><em>tamen</em></span> <span class='ocrx_word' id='word_1_461' title='bbox 318 3243 376 3277; x_wconf 90' lang='lat' dir='ltr'><em>una</em></span> <span class='ocrx_word' id='word_1_462' title='bbox 391 3226 569 3294; x_wconf 77' lang='lat' dir='ltr'><em>perfectione</em></span> <span class='ocrx_word' id='word_1_463' title='bbox 588 3227 662 3278; x_wconf 88' lang='lat' dir='ltr'><em>beati</em></span> <span class='ocrx_word' id='word_1_464' title='bbox 679 3235 770 3290; x_wconf 88' lang='lat' dir='ltr'><em>erunt,</em></span> <span class='ocrx_word' id='word_1_465' title='bbox 789 3230 931 3296; x_wconf 71' lang='grc'><strong>01110110-</strong></span> <span class='ocrx_word' id='word_1_466' title='bbox 957 3236 1065 3284; x_wconf 82' lang='lat' dir='ltr'><em>tractat.</em></span> <span class='ocrx_word' id='word_1_467' title='bbox 1084 3228 1211 3283; x_wconf 89' lang='lat' dir='ltr'><em>debonis</em></span> <span class='ocrx_word' id='word_1_468' title='bbox 1229 3226 1334 3298; x_wconf 87' lang='lat' dir='ltr'><em>operib.</em></span> <span class='ocrx_word' id='word_1_469' title='bbox 1354 3232 1378 3292; x_wconf 68' lang='grc'><em>1.</em></span> <span class='ocrx_word' id='word_1_470' title='bbox 1393 3228 1461 3290; x_wconf 83' lang='grc'><strong>124.)</strong></span> <span class='ocrx_word' id='word_1_471' title='bbox 1492 3225 1606 3280; x_wconf 85' lang='lat' dir='ltr'><em>Petrum</em></span> <span class='ocrx_word' id='word_1_472' title='bbox 1625 3224 1707 3278; x_wconf 85' lang='lat' dir='ltr'><em>dietis</em></span> <span class='ocrx_word' id='word_1_473' title='bbox 1726 3241 1792 3277; x_wconf 88' lang='lat' dir='ltr'><em>con-</em></span> 
     </span>
     <span class='ocr_line' id='line_1_35' title="bbox 93 3311 1793 3386; baseline -0.001 -24"><span class='ocrx_word' id='word_1_474' title='bbox 93 3311 171 3379; x_wconf 87' lang='lat' dir='ltr'><em>qulis</em></span> <span class='ocrx_word' id='word_1_475' title='bbox 185 3311 318 3381; x_wconf 89' lang='lat' dir='ltr'><em>praemia</em></span> <span class='ocrx_word' id='word_1_476' title='bbox 337 3329 390 3364; x_wconf 91' lang='lat' dir='ltr'><em>sua</em></span> <span class='ocrx_word' id='word_1_477' title='bbox 410 3313 587 3372; x_wconf 81' lang='lat' dir='ltr'><em>sufficientia</em></span> <span class='ocrx_word' id='word_1_478' title='bbox 606 3321 687 3365; x_wconf 90' lang='lat' dir='ltr'><em>erunt</em></span> <span class='ocrx_word' id='word_1_479' title='bbox 706 3321 733 3366; x_wconf 89' lang='lat' dir='ltr'><em>et</em></span> <span class='ocrx_word' id='word_1_480' title='bbox 753 3331 853 3383; x_wconf 89' lang='lat' dir='ltr'><em>capere</em></span> <span class='ocrx_word' id='word_1_481' title='bbox 872 3333 930 3368; x_wconf 91' lang='lat' dir='ltr'><em>am·</em></span> <span class='ocrx_word' id='word_1_482' title='bbox 953 3316 1037 3386; x_wconf 84' lang='lat' dir='ltr'><em>jungi</em></span> <span class='ocrx_word' id='word_1_483' title='bbox 1063 3321 1157 3385; x_wconf 85' lang='lat' dir='ltr'><em>potest</em></span> <span class='ocrx_word' id='word_1_484' title='bbox 1174 3319 1307 3372; x_wconf 81' lang='lat' dir='ltr'><em>iveterum</em></span> <span class='ocrx_word' id='word_1_485' title='bbox 1335 3312 1519 3365; x_wconf 84' lang='lat' dir='ltr'><em>rabbinorum</em></span> <span class='ocrx_word' id='word_1_486' title='bbox 1545 3312 1680 3375; x_wconf 86' lang='lat' dir='ltr'><em>traditio,</em></span> <span class='ocrx_word' id='word_1_487' title='bbox 1709 3327 1793 3380; x_wconf 82' lang='lat' dir='ltr'><em>quum</em></span> 
     </span>
     <span class='ocr_line' id='line_1_36' title="bbox 92 3397 1793 3467; baseline 0.001 -18"><span class='ocrx_word' id='word_1_488' title='bbox 92 3397 171 3465; x_wconf 90' lang='lat' dir='ltr'><em>plius</em></span> <span class='ocrx_word' id='word_1_489' title='bbox 188 3397 327 3465; x_wconf 89' lang='lat' dir='ltr'><em>praemiis</em></span> <span class='ocrx_word' id='word_1_490' title='bbox 339 3399 398 3450; x_wconf 79' lang='lat' dir='ltr'><em>sicis</em></span> <span class='ocrx_word' id='word_1_491' title='bbox 409 3399 469 3464; x_wconf 80' lang='lat' dir='ltr'><em>jam</em></span> <span class='ocrx_word' id='word_1_492' title='bbox 481 3398 610 3465; x_wconf 85' lang='lat' dir='ltr'><em>perfecti</em></span> <span class='ocrx_word' id='word_1_493' title='bbox 619 3416 674 3451; x_wconf 91' lang='lat' dir='ltr'><em>non</em></span> <span class='ocrx_word' id='word_1_494' title='bbox 688 3406 829 3466; x_wconf 87' lang='lat' dir='ltr'><em>poterunt.</em></span> <span class='ocrx_word' id='word_1_495' title='bbox 851 3400 930 3453; x_wconf 80' lang='lat' dir='ltr'><em>Sicut</em></span> <span class='ocrx_word' id='word_1_496' title='bbox 956 3407 1153 3456; x_wconf 83' lang='lat' dir='ltr'><em>commemoret</em></span> <span class='ocrx_word' id='word_1_497' title='bbox 1180 3399 1326 3454; x_wconf 84' lang='lat' dir='ltr'><em>Galatiuus</em></span> <span class='ocrx_word' id='word_1_498' title='bbox 1354 3398 1402 3452; x_wconf 88' lang='lat' dir='ltr'><em>lib.</em></span> <span class='ocrx_word' id='word_1_499' title='bbox 1426 3405 1464 3455; x_wconf 79' lang='grc'><em>11.</em></span> <span class='ocrx_word' id='word_1_500' title='bbox 1490 3398 1525 3451; x_wconf 90' lang='lat' dir='ltr'><em>de</em></span> <span class='ocrx_word' id='word_1_501' title='bbox 1550 3397 1658 3451; x_wconf 80' lang='lat' dir='ltr'><em>arcanis</em></span> <span class='ocrx_word' id='word_1_502' title='bbox 1687 3414 1749 3467; x_wconf 77' lang='lat' dir='ltr'><em>esp.</em></span> <span class='ocrx_word' id='word_1_503' title='bbox 1769 3401 1793 3450; x_wconf 88' lang='grc'><em>6.</em></span> 
     </span>
     <span class='ocr_line' id='line_1_37' title="bbox 94 3482 1793 3557; baseline -0.001 -22"><span class='ocrx_word' id='word_1_504' title='bbox 94 3483 167 3535; x_wconf 88' lang='lat' dir='ltr'><em>enim</em></span> <span class='ocrx_word' id='word_1_505' title='bbox 187 3482 347 3550; x_wconf 88' lang='lat' dir='ltr'><em>corporalis</em></span> <span class='ocrx_word' id='word_1_506' title='bbox 366 3484 504 3536; x_wconf 88' lang='lat' dir='ltr'><em>saturitas</em></span> <span class='ocrx_word' id='word_1_507' title='bbox 523 3501 617 3537; x_wconf 85' lang='lat' dir='ltr'><em>omnes</em></span> <span class='ocrx_word' id='word_1_508' title='bbox 642 3493 754 3538; x_wconf 75' lang='grc'><strong>10111101</strong></span> <span class='ocrx_word' id='word_1_509' title='bbox 773 3486 930 3553; x_wconf 81' lang='lat' dir='ltr'><em>aequaliter</em></span> <span class='ocrx_word' id='word_1_510' title='bbox 956 3506 982 3557; x_wconf 93' lang='lat' dir='ltr'><em>p.</em></span> <span class='ocrx_word' id='word_1_511' title='bbox 994 3491 1053 3543; x_wconf 83' lang='grc'><strong>6113.</strong></span> <span class='ocrx_word' id='word_1_512' title='bbox 1073 3503 1105 3540; x_wconf 85' lang='lat' dir='ltr'><em>ex</em></span> <span class='ocrx_word' id='word_1_513' title='bbox 1124 3486 1226 3539; x_wconf 77' lang='lat' dir='ltr'><em>midias</em></span> <span class='ocrx_word' id='word_1_514' title='bbox 1243 3482 1793 3554; x_wconf 69' lang='grc' dir='ltr'><strong>1111111011110111111111Ρ111111.11.111011</strong></span> 
     </span>
     <span class='ocr_line' id='line_1_38' title="bbox 94 3567 1792 3642; baseline 0 -21"><span class='ocrx_word' id='word_1_515' title='bbox 94 3567 188 3635; x_wconf 83' lang='lat' dir='ltr'><em>babet,</em></span> <span class='ocrx_word' id='word_1_516' title='bbox 214 3569 341 3634; x_wconf 83' lang='lat' dir='ltr'><em>quamuis</em></span> <span class='ocrx_word' id='word_1_517' title='bbox 363 3569 471 3636; x_wconf 86' lang='lat' dir='ltr'><em>sinqali</em></span> <span class='ocrx_word' id='word_1_518' title='bbox 495 3570 587 3622; x_wconf 87' lang='lat' dir='ltr'><em>cibum</em></span> <span class='ocrx_word' id='word_1_519' title='bbox 607 3588 662 3623; x_wconf 88' lang='lat' dir='ltr'><em>nan</em></span> <span class='ocrx_word' id='word_1_520' title='bbox 681 3572 854 3638; x_wconf 88' lang='lat' dir='ltr'><em>aequaliter,</em></span> <span class='ocrx_word' id='word_1_521' title='bbox 879 3574 931 3624; x_wconf 89' lang='grc'><strong>1111</strong></span> <span class='ocrx_word' id='word_1_522' title='bbox 956 3572 1091 3626; x_wconf 88' lang='lat' dir='ltr'><em>videbunt</em></span> <span class='ocrx_word' id='word_1_523' title='bbox 1107 3571 1207 3638; x_wconf 75' lang='lat' dir='ltr'><em>faeiem</em></span> <span class='ocrx_word' id='word_1_524' title='bbox 1228 3573 1297 3642; x_wconf 88' lang='lat' dir='ltr'><em>ejus,</em></span> <span class='ocrx_word' id='word_1_525' title='bbox 1316 3570 1363 3624; x_wconf 88' lang='lat' dir='ltr'><em>ubi</em></span> <span class='ocrx_word' id='word_1_526' title='bbox 1384 3571 1425 3623; x_wconf 86' lang='lat' dir='ltr'><em>sic</em></span> <span class='ocrx_word' id='word_1_527' title='bbox 1444 3569 1559 3623; x_wconf 88' lang='lat' dir='ltr'><em>dieitur:</em></span> <span class='ocrx_word' id='word_1_528' title='bbox 1587 3569 1686 3622; x_wconf 83' lang='lat' dir='ltr'><em>Sermo</em></span> <span class='ocrx_word' id='word_1_529' title='bbox 1707 3569 1792 3634; x_wconf 87' lang='lat' dir='ltr'><em>alius,</em></span> 
     </span>
     <span class='ocr_line' id='line_1_39' title="bbox 90 3653 1792 3727; baseline 0.001 -22"><span class='ocrx_word' id='word_1_530' title='bbox 90 3669 148 3722; x_wconf 87' lang='lat' dir='ltr'><em>pro</em></span> <span class='ocrx_word' id='word_1_531' title='bbox 163 3653 352 3720; x_wconf 89' lang='lat' dir='ltr'><em>possibilitate</em></span> <span class='ocrx_word' id='word_1_532' title='bbox 368 3661 563 3727; x_wconf 81' lang='lat' dir='ltr'><em>perceperint,·</em></span> <span class='ocrx_word' id='word_1_533' title='bbox 583 3657 622 3707; x_wconf 90' lang='lat' dir='ltr'><em>ita</em></span> <span class='ocrx_word' id='word_1_534' title='bbox 641 3657 850 3723; x_wconf 74' lang='lat' dir='ltr'><em>omniasancti,</em></span> <span class='ocrx_word' id='word_1_535' title='bbox 879 3658 932 3709; x_wconf 88' lang='lat' dir='ltr'><em>etsi</em></span> <span class='ocrx_word' id='word_1_536' title='bbox 956 3660 1088 3712; x_wconf 87' lang='lat' dir='ltr'><em>videbunt</em></span> <span class='ocrx_word' id='word_1_537' title='bbox 1111 3659 1217 3722; x_wconf 83' lang='lat' dir='ltr'><em>faciem</em></span> <span class='ocrx_word' id='word_1_538' title='bbox 1245 3659 1315 3726; x_wconf 83' lang='lat' dir='ltr'><em>ejas.</em></span> <span class='ocrx_word' id='word_1_539' title='bbox 1357 3658 1401 3709; x_wconf 85' lang='lat' dir='ltr'><em>&#39;Hi</em></span> <span class='ocrx_word' id='word_1_540' title='bbox 1420 3664 1483 3708; x_wconf 93' lang='lat' dir='ltr'><em>sunt</em></span> <span class='ocrx_word' id='word_1_541' title='bbox 1509 3657 1595 3722; x_wconf 75' lang='lat' dir='ltr'><em>justi,</em></span> <span class='ocrx_word' id='word_1_542' title='bbox 1627 3658 1662 3708; x_wconf 85' lang='lat' dir='ltr'><em>de</em></span> <span class='ocrx_word' id='word_1_543' title='bbox 1692 3655 1792 3722; x_wconf 89' lang='lat' dir='ltr'><em>quibus</em></span> 
     </span>
     <span class='ocr_line' id='line_1_40' title="bbox 92 3728 1794 3810; baseline 0.002 -22"><span class='ocrx_word' id='word_1_544' title='bbox 92 3737 201 3802; x_wconf 85' lang='lat' dir='ltr'><em>fuerint</em></span> <span class='ocrx_word' id='word_1_545' title='bbox 220 3738 320 3806; x_wconf 87' lang='lat' dir='ltr'><em>aliqua</em></span> <span class='ocrx_word' id='word_1_546' title='bbox 331 3742 472 3807; x_wconf 84' lang='lat' dir='ltr'><em>qraduum</em></span> <span class='ocrx_word' id='word_1_547' title='bbox 488 3758 602 3793; x_wconf 74' lang='lat' dir='ltr'><em>urorum</em></span> <span class='ocrx_word' id='word_1_548' title='bbox 615 3740 781 3794; x_wconf 85' lang='lat' dir='ltr'><em>diversitate</em></span> <span class='ocrx_word' id='word_1_549' title='bbox 797 3728 931 3810; x_wconf 77' lang='lat' dir='ltr'><em>distincti,</em></span> <span class='ocrx_word' id='word_1_550' title='bbox 957 3745 1062 3797; x_wconf 89' lang='lat' dir='ltr'><em>dictum</em></span> <span class='ocrx_word' id='word_1_551' title='bbox 1087 3750 1128 3796; x_wconf 89' lang='lat' dir='ltr'><em>est</em></span> <span class='ocrx_word' id='word_1_552' title='bbox 1151 3744 1228 3795; x_wconf 88' lang='lat' dir='ltr'><em>Dan.</em></span> <span class='ocrx_word' id='word_1_553' title='bbox 1250 3745 1300 3794; x_wconf 81' lang='lat'><em>12:</em></span> <span class='ocrx_word' id='word_1_554' title='bbox 1330 3742 1369 3794; x_wconf 83' lang='lat' dir='ltr'><em>Et</em></span> <span class='ocrx_word' id='word_1_555' title='bbox 1395 3742 1581 3809; x_wconf 63' lang='lat' dir='ltr'><em>intelligentes</em></span> <span class='ocrx_word' id='word_1_556' title='bbox 1607 3742 1794 3809; x_wconf 84' lang='lat' dir='ltr'><em>splendebant</em></span> 
     </span>
     <span class='ocr_line' id='line_1_41' title="bbox 94 3823 1794 3898; baseline 0.002 -23"><span class='ocrx_word' id='word_1_557' title='bbox 94 3840 152 3876; x_wconf 90' lang='lat' dir='ltr'><em>una</em></span> <span class='ocrx_word' id='word_1_558' title='bbox 163 3823 335 3876; x_wconf 86' lang='lat' dir='ltr'><em>beatitudine</em></span> <span class='ocrx_word' id='word_1_559' title='bbox 340 3828 467 3894; x_wconf 85' lang='lat' dir='ltr'><em>perfecti</em></span> <span class='ocrx_word' id='word_1_560' title='bbox 475 3835 564 3891; x_wconf 84' lang='lat' dir='ltr'><em>erunt,</em></span> <span class='ocrx_word' id='word_1_561' title='bbox 577 3829 644 3895; x_wconf 86' lang='lat' dir='ltr'><em>quia</em></span> <span class='ocrx_word' id='word_1_562' title='bbox 655 3835 679 3880; x_wconf 94' lang='grc'><em>11</em></span> <span class='ocrx_word' id='word_1_563' title='bbox 690 3846 748 3880; x_wconf 91' lang='lat' dir='ltr'><em>una</em></span> <span class='ocrx_word' id='word_1_564' title='bbox 756 3826 929 3894; x_wconf 83' lang='lat' dir='ltr'><em>perfectione</em></span> <span class='ocrx_word' id='word_1_565' title='bbox 956 3831 1029 3884; x_wconf 81' lang='lat' dir='ltr'><em>sic-sit</em></span> <span class='ocrx_word' id='word_1_566' title='bbox 1040 3830 1177 3898; x_wconf 86' lang='lat' dir='ltr'><em>splendor</em></span> <span class='ocrx_word' id='word_1_567' title='bbox 1189 3828 1269 3887; x_wconf 84' lang='lat' dir='ltr'><em>coeli.</em></span> <span class='ocrx_word' id='word_1_568' title='bbox 1288 3827 1426 3880; x_wconf 67' lang='lat' dir='ltr'><em>mserum</em></span> <span class='ocrx_word' id='word_1_569' title='bbox 1442 3828 1583 3896; x_wconf 79' lang='lat' dir='ltr'><em>siquidem</em></span> <span class='ocrx_word' id='word_1_570' title='bbox 1597 3836 1646 3891; x_wconf 89' lang='lat' dir='ltr'><em>est,</em></span> <span class='ocrx_word' id='word_1_571' title='bbox 1660 3835 1689 3879; x_wconf 88' lang='lat' dir='ltr'><em>ut</em></span> <span class='ocrx_word' id='word_1_572' title='bbox 1702 3827 1794 3887; x_wconf 90' lang='lat' dir='ltr'><em>facies</em></span> 
     </span>
     <span class='ocr_line' id='line_1_42' title="bbox 94 3909 1793 3989; baseline 0.001 -27"><span class='ocrx_word' id='word_1_573' title='bbox 94 3909 172 3989; x_wconf 77' lang='lat' dir='ltr'><em>beati</em></span> <span class='ocrx_word' id='word_1_574' title='bbox 195 3911 292 3975; x_wconf 85' lang='lat' dir='ltr'><em>futuri</em></span> <span class='ocrx_word' id='word_1_575' title='bbox 311 3919 385 3968; x_wconf 88' lang='lat' dir='ltr'><em>sunt.</em></span> <span class='ocrx_word' id='word_1_576' title='bbox 425 3911 552 3965; x_wconf 85' lang='lat' dir='ltr'><em>Ceterum</em></span> <span class='ocrx_word' id='word_1_577' title='bbox 579 3912 680 3966; x_wconf 83' lang='lat' dir='ltr'><em>inilia</em></span> <span class='ocrx_word' id='word_1_578' title='bbox 698 3922 794 3968; x_wconf 89' lang='lat' dir='ltr'><em>tantae</em></span> <span class='ocrx_word' id='word_1_579' title='bbox 812 3915 930 3967; x_wconf 88' lang='lat' dir='ltr'><em>beatitu·</em></span> <span class='ocrx_word' id='word_1_580' title='bbox 951 3915 1240 3986; x_wconf 85' lang='lat' dir='ltr'><em>justorumsulqeant</em></span> <span class='ocrx_word' id='word_1_581' title='bbox 1259 3922 1394 3980; x_wconf 81' lang='lat' dir='ltr'><em>tanquam</em></span> <span class='ocrx_word' id='word_1_582' title='bbox 1413 3913 1465 3976; x_wconf 89' lang='lat' dir='ltr'><em>sol,</em></span> <span class='ocrx_word' id='word_1_583' title='bbox 1485 3921 1620 3981; x_wconf 86' lang='lat' dir='ltr'><em>tanquam</em></span> <span class='ocrx_word' id='word_1_584' title='bbox 1636 3913 1713 3972; x_wconf 85' lang='lat' dir='ltr'><em>luna.</em></span> <span class='ocrx_word' id='word_1_585' title='bbox 1733 3922 1793 3965; x_wconf 91' lang='lat' dir='ltr'><em>tan-</em></span> 
     </span>
     <span class='ocr_line' id='line_1_43' title="bbox 95 3996 1794 4070; baseline 0.002 -23"><span class='ocrx_word' id='word_1_586' title='bbox 95 3996 172 4048; x_wconf 84' lang='lat' dir='ltr'><em>dinis</em></span> <span class='ocrx_word' id='word_1_587' title='bbox 189 3996 303 4064; x_wconf 80' lang='lat' dir='ltr'><em>reqione</em></span> <span class='ocrx_word' id='word_1_588' title='bbox 321 4013 370 4048; x_wconf 89' lang='lat' dir='ltr'><em>nec</em></span> <span class='ocrx_word' id='word_1_589' title='bbox 388 3998 507 4063; x_wconf 80' lang='lat' dir='ltr'><em>majoris</em></span> <span class='ocrx_word' id='word_1_590' title='bbox 521 4000 614 4051; x_wconf 88' lang='lat' dir='ltr'><em>meriti</em></span> <span class='ocrx_word' id='word_1_591' title='bbox 627 3999 742 4068; x_wconf 88' lang='lat' dir='ltr'><em>aliquid</em></span> <span class='ocrx_word' id='word_1_592' title='bbox 753 4000 807 4052; x_wconf 87' lang='lat' dir='ltr'><em>sibi</em></span> <span class='ocrx_word' id='word_1_593' title='bbox 816 4001 932 4068; x_wconf 85' lang='lat' dir='ltr'><em>quisque</em></span> <span class='ocrx_word' id='word_1_594' title='bbox 958 4019 1041 4070; x_wconf 88' lang='lat' dir='ltr'><em>quam</em></span> <span class='ocrx_word' id='word_1_595' title='bbox 1067 4001 1188 4065; x_wconf 89' lang='lat' dir='ltr'><em>coelum,</em></span> <span class='ocrx_word' id='word_1_596' title='bbox 1211 4007 1347 4067; x_wconf 85' lang='lat' dir='ltr'><em>tanquam</em></span> <span class='ocrx_word' id='word_1_597' title='bbox 1370 3998 1483 4063; x_wconf 86' lang='lat' dir='ltr'><em>stellae,</em></span> <span class='ocrx_word' id='word_1_598' title='bbox 1509 4006 1645 4067; x_wconf 85' lang='lat' dir='ltr'><em>tanquam</em></span> <span class='ocrx_word' id='word_1_599' title='bbox 1662 3999 1794 4067; x_wconf 87' lang='lat' dir='ltr'><em>fulqura,</em></span> 
     </span>
     <span class='ocr_line' id='line_1_44' title="bbox 94 4082 1871 4156; baseline 0.001 -22"><span class='ocrx_word' id='word_1_600' title='bbox 94 4082 257 4150; x_wconf 84' lang='lat' dir='ltr'><em>arroqabit,</em></span> <span class='ocrx_word' id='word_1_601' title='bbox 282 4083 351 4151; x_wconf 83' lang='lat' dir='ltr'><em>quia</em></span> <span class='ocrx_word' id='word_1_602' title='bbox 375 4086 545 4152; x_wconf 88' lang='lat' dir='ltr'><em>arroqantio</em></span> <span class='ocrx_word' id='word_1_603' title='bbox 571 4085 610 4136; x_wconf 89' lang='lat' dir='ltr'><em>ibi</em></span> <span class='ocrx_word' id='word_1_604' title='bbox 627 4085 709 4139; x_wconf 90' lang='lat' dir='ltr'><em>nulla</em></span> <span class='ocrx_word' id='word_1_605' title='bbox 729 4087 799 4154; x_wconf 88' lang='lat' dir='ltr'><em>erit,</em></span> <span class='ocrx_word' id='word_1_606' title='bbox 817 4103 867 4139; x_wconf 90' lang='lat' dir='ltr'><em>nec</em></span> <span class='ocrx_word' id='word_1_607' title='bbox 885 4105 930 4139; x_wconf 88' lang='lat' dir='ltr'><em>su·</em></span> <span class='ocrx_word' id='word_1_608' title='bbox 957 4095 1092 4156; x_wconf 79' lang='lat' dir='ltr'><em>tanquam</em></span> <span class='ocrx_word' id='word_1_609' title='bbox 1112 4086 1193 4150; x_wconf 89' lang='lat' dir='ltr'><em>lilia,</em></span> <span class='ocrx_word' id='word_1_610' title='bbox 1220 4094 1354 4152; x_wconf 86' lang='lat' dir='ltr'><em>tanquam</em></span> <span class='ocrx_word' id='word_1_611' title='bbox 1373 4084 1530 4155; x_wconf 88' lang='lat' dir='ltr'><em>lampades.</em></span> <span class='ocrx_word' id='word_1_612' title='bbox 1574 4085 1720 4152; x_wconf 82' lang='lat' dir='ltr'><em>Tanquam</em></span> <span class='ocrx_word' id='word_1_613' title='bbox 1740 4084 1793 4151; x_wconf 87' lang='lat' dir='ltr'><em>sol,</em></span> <span class='ocrx_word' id='word_1_614' title='bbox 1869 4101 1871 4106; x_wconf 79' lang='grc'><strong>’</strong></span> 
     </span>
     <span class='ocr_line' id='line_1_45' title="bbox 47 4168 1793 4238; baseline 0.002 -20"><span class='ocrx_word' id='word_1_615' title='bbox 47 4178 79 4222; x_wconf 77' lang='lat' dir='ltr'><em>tu.</em></span> <span class='ocrx_word' id='word_1_616' title='bbox 91 4168 206 4236; x_wconf 82' lang='lat' dir='ltr'><em>periuri</em></span> <span class='ocrx_word' id='word_1_617' title='bbox 229 4168 353 4232; x_wconf 87' lang='lat' dir='ltr'><em>inferior</em></span> <span class='ocrx_word' id='word_1_618' title='bbox 381 4169 531 4238; x_wconf 84' lang='lat' dir='ltr'><em>invidebit,</em></span> <span class='ocrx_word' id='word_1_619' title='bbox 558 4171 625 4237; x_wconf 89' lang='lat' dir='ltr'><em>quia</em></span> <span class='ocrx_word' id='word_1_620' title='bbox 645 4171 686 4223; x_wconf 88' lang='lat' dir='ltr'><em>ibi</em></span> <span class='ocrx_word' id='word_1_621' title='bbox 703 4171 816 4224; x_wconf 80' lang='lat' dir='ltr'><em>invidus</em></span> <span class='ocrx_word' id='word_1_622' title='bbox 835 4171 931 4224; x_wconf 91' lang='lat' dir='ltr'><em>nullus</em></span> <span class='ocrx_word' id='word_1_623' title='bbox 956 4175 1028 4226; x_wconf 89' lang='lat' dir='ltr'><em>sicut</em></span> <span class='ocrx_word' id='word_1_624' title='bbox 1049 4173 1153 4226; x_wconf 89' lang='lat' dir='ltr'><em>dictum</em></span> <span class='ocrx_word' id='word_1_625' title='bbox 1178 4180 1217 4225; x_wconf 88' lang='lat' dir='ltr'><em>est</em></span> <span class='ocrx_word' id='word_1_626' title='bbox 1235 4172 1335 4225; x_wconf 84' lang='lat' dir='ltr'><em>Judic.</em></span> <span class='ocrx_word' id='word_1_627' title='bbox 1357 4175 1391 4223; x_wconf 71' lang='lat'><em>5:</em></span> <span class='ocrx_word' id='word_1_628' title='bbox 1419 4171 1497 4224; x_wconf 81' lang='lat' dir='ltr'><em>Sicut</em></span> <span class='ocrx_word' id='word_1_629' title='bbox 1520 4188 1647 4238; x_wconf 85' lang='lat' dir='ltr'><em>eqressus</em></span> <span class='ocrx_word' id='word_1_630' title='bbox 1670 4170 1740 4222; x_wconf 86' lang='lat' dir='ltr'><em>solis</em></span> <span class='ocrx_word' id='word_1_631' title='bbox 1764 4171 1793 4222; x_wconf 89' lang='lat' dir='ltr'><em>in</em></span> 
     </span>
     <span class='ocr_line' id='line_1_46' title="bbox 93 4253 1794 4323; baseline -0.002 -14"><span class='ocrx_word' id='word_1_632' title='bbox 93 4270 152 4309; x_wconf 84' lang='lat' dir='ltr'><em>esse</em></span> <span class='ocrx_word' id='word_1_633' title='bbox 160 4255 276 4322; x_wconf 89' lang='lat' dir='ltr'><em>poterit,</em></span> <span class='ocrx_word' id='word_1_634' title='bbox 292 4263 318 4307; x_wconf 89' lang='lat' dir='ltr'><em>et</em></span> <span class='ocrx_word' id='word_1_635' title='bbox 334 4255 399 4310; x_wconf 89' lang='lat' dir='ltr'><em>ideo</em></span> <span class='ocrx_word' id='word_1_636' title='bbox 412 4255 465 4309; x_wconf 88' lang='lat' dir='ltr'><em>etsi</em></span> <span class='ocrx_word' id='word_1_637' title='bbox 476 4256 517 4308; x_wconf 88' lang='lat' dir='ltr'><em>ibi</em></span> <span class='ocrx_word' id='word_1_638' title='bbox 526 4256 580 4309; x_wconf 88' lang='lat' dir='ltr'><em>erit</em></span> <span class='ocrx_word' id='word_1_639' title='bbox 592 4257 732 4309; x_wconf 87' lang='lat' dir='ltr'><em>distantia</em></span> <span class='ocrx_word' id='word_1_640' title='bbox 745 4259 929 4321; x_wconf 88' lang='lat' dir='ltr'><em>mansionum,</em></span> <span class='ocrx_word' id='word_1_641' title='bbox 950 4256 1127 4323; x_wconf 87' lang='lat' dir='ltr'><em>fortitudine</em></span> <span class='ocrx_word' id='word_1_642' title='bbox 1152 4272 1222 4318; x_wconf 80' lang='lat' dir='ltr'><em>siia,·</em></span> <span class='ocrx_word' id='word_1_643' title='bbox 1251 4262 1386 4321; x_wconf 87' lang='lat' dir='ltr'><em>tanquam</em></span> <span class='ocrx_word' id='word_1_644' title='bbox 1407 4254 1490 4319; x_wconf 91' lang='lat' dir='ltr'><em>luna,</em></span> <span class='ocrx_word' id='word_1_645' title='bbox 1520 4254 1592 4305; x_wconf 88' lang='lat' dir='ltr'><em>sicut</em></span> <span class='ocrx_word' id='word_1_646' title='bbox 1622 4253 1726 4304; x_wconf 89' lang='lat' dir='ltr'><em>dictum</em></span> <span class='ocrx_word' id='word_1_647' title='bbox 1755 4258 1794 4305; x_wconf 88' lang='lat' dir='ltr'><em>est</em></span> 
     </span>
     <span class='ocr_line' id='line_1_47' title="bbox 93 4339 1794 4411; baseline -0.002 -19"><span class='ocrx_word' id='word_1_648' title='bbox 93 4357 202 4392; x_wconf 81' lang='lat' dir='ltr'><em>sumrrm</em></span> <span class='ocrx_word' id='word_1_649' title='bbox 228 4341 258 4392; x_wconf 87' lang='lat' dir='ltr'><em>in</em></span> <span class='ocrx_word' id='word_1_650' title='bbox 284 4340 345 4393; x_wconf 88' lang='lat' dir='ltr'><em>illis</em></span> <span class='ocrx_word' id='word_1_651' title='bbox 370 4341 426 4394; x_wconf 88' lang='lat' dir='ltr'><em>crit</em></span> <span class='ocrx_word' id='word_1_652' title='bbox 450 4342 533 4393; x_wconf 91' lang='lat' dir='ltr'><em>unius</em></span> <span class='ocrx_word' id='word_1_653' title='bbox 553 4343 741 4409; x_wconf 86' lang='lat' dir='ltr'><em>perfectionis</em></span> <span class='ocrx_word' id='word_1_654' title='bbox 761 4343 930 4411; x_wconf 87' lang='lat' dir='ltr'><em>aequalitas,</em></span> <span class='ocrx_word' id='word_1_655' title='bbox 958 4342 1066 4396; x_wconf 88' lang='lat' dir='ltr'><em>Psalm.</em></span> <span class='ocrx_word' id='word_1_656' title='bbox 1079 4344 1130 4393; x_wconf 76' lang='grc'><strong>11.-</strong></span> <span class='ocrx_word' id='word_1_657' title='bbox 1151 4340 1230 4394; x_wconf 80' lang='lat' dir='ltr'><em>Sicut</em></span> <span class='ocrx_word' id='word_1_658' title='bbox 1241 4340 1312 4393; x_wconf 88' lang='lat' dir='ltr'><em>luna</em></span> <span class='ocrx_word' id='word_1_659' title='bbox 1323 4346 1503 4407; x_wconf 89' lang='lat' dir='ltr'><em>praeparata</em></span> <span class='ocrx_word' id='word_1_660' title='bbox 1514 4339 1544 4390; x_wconf 90' lang='lat' dir='ltr'><em>in</em></span> <span class='ocrx_word' id='word_1_661' title='bbox 1558 4345 1717 4398; x_wconf 74' lang='lat' dir='ltr'><em>aeternuni5</em></span> <span class='ocrx_word' id='word_1_662' title='bbox 1733 4347 1794 4390; x_wconf 90' lang='lat' dir='ltr'><em>tun·</em></span> 
     </span>
     <span class='ocr_line' id='line_1_48' title="bbox 95 4424 1792 4499; baseline -0.002 -21"><span class='ocrx_word' id='word_1_663' title='bbox 95 4425 195 4494; x_wconf 86' lang='lat' dir='ltr'><em>quibus</em></span> <span class='ocrx_word' id='word_1_664' title='bbox 213 4426 267 4478; x_wconf 87' lang='lat' dir='ltr'><em>erit</em></span> <span class='ocrx_word' id='word_1_665' title='bbox 286 4426 368 4495; x_wconf 86' lang='lat' dir='ltr'><em>reqni</em></span> <span class='ocrx_word' id='word_1_666' title='bbox 382 4426 509 4480; x_wconf 85' lang='lat' dir='ltr'><em>eoelestis</em></span> <span class='ocrx_word' id='word_1_667' title='bbox 524 4444 582 4479; x_wconf 90' lang='lat' dir='ltr'><em>una</em></span> <span class='ocrx_word' id='word_1_668' title='bbox 597 4429 734 4492; x_wconf 79' lang='lat' dir='ltr'><em>felicitas.</em></span> <span class='ocrx_word' id='word_1_669' title='bbox 766 4427 931 4499; x_wconf 77' lang='lat' dir='ltr'><em>Fulgentius</em></span> <span class='ocrx_word' id='word_1_670' title='bbox 959 4445 1043 4496; x_wconf 89' lang='lat' dir='ltr'><em>quam</em></span> <span class='ocrx_word' id='word_1_671' title='bbox 1063 4427 1142 4495; x_wconf 88' lang='lat' dir='ltr'><em>coeli,</em></span> <span class='ocrx_word' id='word_1_672' title='bbox 1159 4427 1232 4479; x_wconf 88' lang='lat' dir='ltr'><em>sicut</em></span> <span class='ocrx_word' id='word_1_673' title='bbox 1254 4426 1361 4479; x_wconf 86' lang='lat' dir='ltr'><em>dictum</em></span> <span class='ocrx_word' id='word_1_674' title='bbox 1381 4427 1578 4478; x_wconf 70' lang='grc'><strong>1111101121</strong></span> <span class='ocrx_word' id='word_1_675' title='bbox 1603 4425 1680 4478; x_wconf 91' lang='lat' dir='ltr'><em>Velut</em></span> <span class='ocrx_word' id='word_1_676' title='bbox 1700 4424 1792 4492; x_wconf 89' lang='lat' dir='ltr'><em>splen·</em></span> 
     </span>
     <span class='ocr_line' id='line_1_49' title="bbox 96 4511 1792 4583; baseline -0.003 -17"><span class='ocrx_word' id='word_1_677' title='bbox 96 4511 131 4566; x_wconf 85' lang='lat' dir='ltr'><em>de</em></span> <span class='ocrx_word' id='word_1_678' title='bbox 154 4511 209 4566; x_wconf 88' lang='lat' dir='ltr'><em>fide</em></span> <span class='ocrx_word' id='word_1_679' title='bbox 228 4511 265 4565; x_wconf 87' lang='grc'><em>111</em></span> <span class='ocrx_word' id='word_1_680' title='bbox 286 4511 401 4566; x_wconf 84' lang='lat' dir='ltr'><em>Petrum</em></span> <span class='ocrx_word' id='word_1_681' title='bbox 422 4528 480 4582; x_wconf 86' lang='lat' dir='ltr'><em>esp.</em></span> <span class='ocrx_word' id='word_1_682' title='bbox 501 4517 543 4568; x_wconf 83' lang='grc'><em>28.</em></span> <span class='ocrx_word' id='word_1_683' title='bbox 561 4529 625 4583; x_wconf 79' lang='lat' dir='ltr'><em>pag.</em></span> <span class='ocrx_word' id='word_1_684' title='bbox 646 4518 711 4568; x_wconf 68' lang='lat'><em>419:</em></span> <span class='ocrx_word' id='word_1_685' title='bbox 736 4516 861 4566; x_wconf 82' lang='lat' dir='ltr'><em>Diversa</em></span> <span class='ocrx_word' id='word_1_686' title='bbox 879 4515 931 4567; x_wconf 89' lang='lat' dir='ltr'><em>erit</em></span> <span class='ocrx_word' id='word_1_687' title='bbox 959 4516 1013 4568; x_wconf 89' lang='lat' dir='ltr'><em>dor</em></span> <span class='ocrx_word' id='word_1_688' title='bbox 1026 4513 1112 4580; x_wconf 88' lang='lat' dir='ltr'><em>caeli,·</em></span> <span class='ocrx_word' id='word_1_689' title='bbox 1129 4522 1264 4581; x_wconf 88' lang='lat' dir='ltr'><em>tanquam</em></span> <span class='ocrx_word' id='word_1_690' title='bbox 1276 4513 1385 4579; x_wconf 88' lang='lat' dir='ltr'><em>stellae,</em></span> <span class='ocrx_word' id='word_1_691' title='bbox 1401 4514 1473 4566; x_wconf 88' lang='lat' dir='ltr'><em>sicut</em></span> <span class='ocrx_word' id='word_1_692' title='bbox 1487 4512 1593 4564; x_wconf 87' lang='lat' dir='ltr'><em>dictum</em></span> <span class='ocrx_word' id='word_1_693' title='bbox 1606 4512 1792 4563; x_wconf 86' lang='lat' dir='ltr'><em>estDan.12:</em></span> 
     </span>
     <span class='ocr_line' id='line_1_50' title="bbox 95 4597 1793 4667; baseline -0.002 -15"><span class='ocrx_word' id='word_1_694' title='bbox 95 4605 256 4652; x_wconf 71' lang='lat' dir='ltr'><em>sanderum</em></span> <span class='ocrx_word' id='word_1_695' title='bbox 270 4599 374 4666; x_wconf 87' lang='lat' dir='ltr'><em>qloria,</em></span> <span class='ocrx_word' id='word_1_696' title='bbox 392 4600 444 4651; x_wconf 88' lang='lat' dir='ltr'><em>sed</em></span> <span class='ocrx_word' id='word_1_697' title='bbox 454 4616 513 4652; x_wconf 89' lang='lat' dir='ltr'><em>una</em></span> <span class='ocrx_word' id='word_1_698' title='bbox 526 4600 578 4651; x_wconf 86' lang='lat' dir='ltr'><em>erit</em></span> <span class='ocrx_word' id='word_1_699' title='bbox 598 4601 720 4651; x_wconf 87' lang='lat' dir='ltr'><em>omnium</em></span> <span class='ocrx_word' id='word_1_700' title='bbox 736 4601 795 4652; x_wconf 87' lang='lat' dir='ltr'><em>vita</em></span> <span class='ocrx_word' id='word_1_701' title='bbox 808 4608 932 4656; x_wconf 77' lang='grc'><strong>01111110.</strong></span> <span class='ocrx_word' id='word_1_702' title='bbox 960 4603 998 4654; x_wconf 85' lang='lat' dir='ltr'><em>Et</em></span> <span class='ocrx_word' id='word_1_703' title='bbox 1017 4597 1088 4667; x_wconf 78' lang='lat' dir='ltr'><em>fusti</em></span> <span class='ocrx_word' id='word_1_704' title='bbox 1105 4599 1298 4666; x_wconf 87' lang='lat' dir='ltr'><em>splendescent</em></span> <span class='ocrx_word' id='word_1_705' title='bbox 1320 4607 1349 4651; x_wconf 88' lang='lat' dir='ltr'><em>ut</em></span> <span class='ocrx_word' id='word_1_706' title='bbox 1369 4599 1486 4664; x_wconf 87' lang='lat' dir='ltr'><em>stellae,·</em></span> <span class='ocrx_word' id='word_1_707' title='bbox 1509 4607 1645 4665; x_wconf 85' lang='lat' dir='ltr'><em>tanquam</em></span> <span class='ocrx_word' id='word_1_708' title='bbox 1662 4597 1793 4665; x_wconf 75' lang='lat' dir='ltr'><em>sulpura,</em></span> 
     </span>
     <span class='ocr_line' id='line_1_51' title="bbox 96 4681 1793 4755; baseline -0.004 -15"><span class='ocrx_word' id='word_1_709' title='bbox 96 4681 249 4755; x_wconf 80' lang='lat' dir='ltr'><em>Gregorius</em></span> <span class='ocrx_word' id='word_1_710' title='bbox 270 4683 332 4738; x_wconf 86' lang='lat' dir='ltr'><em>libr.</em></span> <span class='ocrx_word' id='word_1_711' title='bbox 352 4690 378 4738; x_wconf 78' lang='lat'><em>4.</em></span> <span class='ocrx_word' id='word_1_712' title='bbox 398 4685 541 4738; x_wconf 80' lang='lat' dir='ltr'><em>moralium</em></span> <span class='ocrx_word' id='word_1_713' title='bbox 562 4702 621 4755; x_wconf 85' lang='lat' dir='ltr'><em>esp.</em></span> <span class='ocrx_word' id='word_1_714' title='bbox 642 4690 683 4741; x_wconf 79' lang='grc'><em>11.</em></span> <span class='ocrx_word' id='word_1_715' title='bbox 704 4686 745 4755; x_wconf 85' lang='lat' dir='ltr'><em>(in</em></span> <span class='ocrx_word' id='word_1_716' title='bbox 765 4685 931 4755; x_wconf 85' lang='lat' dir='ltr'><em>quibusdam</em></span> <span class='ocrx_word' id='word_1_717' title='bbox 958 4688 1029 4740; x_wconf 88' lang='lat' dir='ltr'><em>sicut</em></span> <span class='ocrx_word' id='word_1_718' title='bbox 1048 4684 1153 4737; x_wconf 83' lang='lat' dir='ltr'><em>dictum</em></span> <span class='ocrx_word' id='word_1_719' title='bbox 1173 4691 1213 4737; x_wconf 87' lang='lat' dir='ltr'><em>est</em></span> <span class='ocrx_word' id='word_1_720' title='bbox 1230 4684 1396 4739; x_wconf 82' lang='lat' dir='ltr'><em>Nalium.2.·</em></span> <span class='ocrx_word' id='word_1_721' title='bbox 1427 4684 1460 4736; x_wconf 87' lang='lat' dir='ltr'><em>Ut</em></span> <span class='ocrx_word' id='word_1_722' title='bbox 1477 4684 1599 4751; x_wconf 86' lang='lat' dir='ltr'><em>fulqura</em></span> <span class='ocrx_word' id='word_1_723' title='bbox 1618 4685 1793 4751; x_wconf 66' lang='lat' dir='ltr'><em>discernat,-</em></span> 
     </span>
     <span class='ocr_line' id='line_1_52' title="bbox 96 4767 1797 4840; baseline -0.002 -16"><span class='ocrx_word' id='word_1_724' title='bbox 96 4768 299 4840; x_wconf 83' lang='lat' dir='ltr'><em>exemplsribus</em></span> <span class='ocrx_word' id='word_1_725' title='bbox 317 4778 360 4823; x_wconf 88' lang='lat' dir='ltr'><em>est</em></span> <span class='ocrx_word' id='word_1_726' title='bbox 380 4786 442 4839; x_wconf 83' lang='lat' dir='ltr'><em>esp.</em></span> <span class='ocrx_word' id='word_1_727' title='bbox 464 4773 529 4838; x_wconf 81' lang='grc'><strong>12.);</strong></span> <span class='ocrx_word' id='word_1_728' title='bbox 557 4771 630 4833; x_wconf 89' lang='lat' dir='ltr'><em>Quia</em></span> <span class='ocrx_word' id='word_1_729' title='bbox 656 4773 686 4824; x_wconf 88' lang='lat' dir='ltr'><em>in</em></span> <span class='ocrx_word' id='word_1_730' title='bbox 704 4772 757 4824; x_wconf 84' lang='lat' dir='ltr'><em>bac</em></span> <span class='ocrx_word' id='word_1_731' title='bbox 777 4773 833 4825; x_wconf 85' lang='lat' dir='ltr'><em>vito</em></span> <span class='ocrx_word' id='word_1_732' title='bbox 853 4772 932 4825; x_wconf 87' lang='lat' dir='ltr'><em>nobis</em></span> <span class='ocrx_word' id='word_1_733' title='bbox 958 4780 1092 4840; x_wconf 88' lang='lat' dir='ltr'><em>tanquam</em></span> <span class='ocrx_word' id='word_1_734' title='bbox 1104 4770 1178 4834; x_wconf 88' lang='lat' dir='ltr'><em>lilia,</em></span> <span class='ocrx_word' id='word_1_735' title='bbox 1196 4771 1269 4822; x_wconf 90' lang='lat' dir='ltr'><em>sicut</em></span> <span class='ocrx_word' id='word_1_736' title='bbox 1282 4771 1388 4823; x_wconf 79' lang='lat' dir='ltr'><em>dictum</em></span> <span class='ocrx_word' id='word_1_737' title='bbox 1402 4778 1442 4822; x_wconf 87' lang='lat' dir='ltr'><em>est</em></span> <span class='ocrx_word' id='word_1_738' title='bbox 1455 4770 1484 4820; x_wconf 89' lang='lat' dir='ltr'><em>in</em></span> <span class='ocrx_word' id='word_1_739' title='bbox 1499 4769 1667 4822; x_wconf 72' lang='lat' dir='ltr'><em>Psalmtbs</em></span> <span class='ocrx_word' id='word_1_740' title='bbox 1690 4767 1797 4821; x_wconf 87' lang='lat' dir='ltr'><em>Victori</em></span> 
     </span>
     <span class='ocr_line' id='line_1_53' title="bbox 96 4855 1798 4928; baseline -0.002 -17"><span class='ocrx_word' id='word_1_741' title='bbox 96 4864 135 4911; x_wconf 80' lang='grc'><em>111</em></span> <span class='ocrx_word' id='word_1_742' title='bbox 144 4855 279 4908; x_wconf 81' lang='lat' dir='ltr'><em>discretio</em></span> <span class='ocrx_word' id='word_1_743' title='bbox 288 4873 412 4924; x_wconf 90' lang='lat' dir='ltr'><em>operum,</em></span> <span class='ocrx_word' id='word_1_744' title='bbox 423 4857 514 4908; x_wconf 86' lang='lat' dir='ltr'><em>eritin</em></span> <span class='ocrx_word' id='word_1_745' title='bbox 524 4856 578 4911; x_wconf 89' lang='lat' dir='ltr'><em>illa</em></span> <span class='ocrx_word' id='word_1_746' title='bbox 586 4858 690 4925; x_wconf 78' lang='lat' dir='ltr'><em>procsd</em></span> <span class='ocrx_word' id='word_1_747' title='bbox 703 4858 788 4910; x_wconf 89' lang='lat' dir='ltr'><em>dubio</em></span> <span class='ocrx_word' id='word_1_748' title='bbox 798 4859 931 4911; x_wconf 87' lang='lat' dir='ltr'><em>discretio</em></span> <span class='ocrx_word' id='word_1_749' title='bbox 958 4874 1044 4928; x_wconf 88' lang='lat' dir='ltr'><em>super</em></span> <span class='ocrx_word' id='word_1_750' title='bbox 1061 4856 1149 4924; x_wconf 62' lang='lat' dir='ltr'><em>sittim</em></span> <span class='ocrx_word' id='word_1_751' title='bbox 1176 4864 1310 4924; x_wconf 89' lang='lat' dir='ltr'><em>tanquam</em></span> <span class='ocrx_word' id='word_1_752' title='bbox 1337 4856 1495 4923; x_wconf 86' lang='lat' dir='ltr'><em>lampades,</em></span> <span class='ocrx_word' id='word_1_753' title='bbox 1524 4856 1596 4907; x_wconf 90' lang='lat' dir='ltr'><em>sieut</em></span> <span class='ocrx_word' id='word_1_754' title='bbox 1624 4855 1729 4907; x_wconf 88' lang='lat' dir='ltr'><em>dictum</em></span> <span class='ocrx_word' id='word_1_755' title='bbox 1756 4862 1798 4907; x_wconf 87' lang='lat' dir='ltr'><em>est</em></span> 
     </span>
     <span class='ocr_line' id='line_1_54' title="bbox 97 4940 1798 5012; baseline -0.002 -18"><span class='ocrx_word' id='word_1_756' title='bbox 97 4941 276 5009; x_wconf 85' lang='lat' dir='ltr'><em>diqnitatum,</em></span> <span class='ocrx_word' id='word_1_757' title='bbox 300 4949 331 4995; x_wconf 88' lang='lat' dir='ltr'><em>ut</em></span> <span class='ocrx_word' id='word_1_758' title='bbox 350 4959 405 5010; x_wconf 87' lang='lat' dir='ltr'><em>quo</em></span> <span class='ocrx_word' id='word_1_759' title='bbox 423 4942 468 4994; x_wconf 81' lang='lat' dir='ltr'><em>liic</em></span> <span class='ocrx_word' id='word_1_760' title='bbox 487 4942 563 4994; x_wconf 87' lang='lat' dir='ltr'><em>alius</em></span> <span class='ocrx_word' id='word_1_761' title='bbox 582 4944 671 4996; x_wconf 90' lang='lat' dir='ltr'><em>alium</em></span> <span class='ocrx_word' id='word_1_762' title='bbox 690 4945 789 4997; x_wconf 86' lang='lat' dir='ltr'><em>merito</em></span> <span class='ocrx_word' id='word_1_763' title='bbox 808 4953 931 5012; x_wconf 88' lang='lat' dir='ltr'><em>superat,</em></span> <span class='ocrx_word' id='word_1_764' title='bbox 960 4945 1080 4998; x_wconf 86' lang='lat' dir='ltr'><em>Nabum.</em></span> <span class='ocrx_word' id='word_1_765' title='bbox 1092 4945 1128 4994; x_wconf 83' lang='lat'><em>2.-</em></span> <span class='ocrx_word' id='word_1_766' title='bbox 1152 4941 1228 4994; x_wconf 84' lang='lat' dir='ltr'><em>Vr&#39;sio</em></span> <span class='ocrx_word' id='word_1_767' title='bbox 1243 4957 1338 4993; x_wconf 87' lang='lat' dir='ltr'><em>eorum</em></span> <span class='ocrx_word' id='word_1_768' title='bbox 1352 4948 1488 5008; x_wconf 87' lang='lat' dir='ltr'><em>tanquam</em></span> <span class='ocrx_word' id='word_1_769' title='bbox 1506 4940 1677 5007; x_wconf 86' lang='lat' dir='ltr'><em>lampadum.</em></span> <span class='ocrx_word' id='word_1_770' title='bbox 1698 4940 1798 4992; x_wconf 87' lang='lat' dir='ltr'><em>Prima</em></span> 
     </span>
     <span class='ocr_line' id='line_1_55' title="bbox 96 5025 1797 5096; baseline -0.004 -12"><span class='ocrx_word' id='word_1_771' title='bbox 96 5029 159 5084; x_wconf 84' lang='lat' dir='ltr'><em>illic</em></span> <span class='ocrx_word' id='word_1_772' title='bbox 171 5028 247 5082; x_wconf 91' lang='lat' dir='ltr'><em>alius</em></span> <span class='ocrx_word' id='word_1_773' title='bbox 264 5029 352 5081; x_wconf 89' lang='lat' dir='ltr'><em>alium</em></span> <span class='ocrx_word' id='word_1_774' title='bbox 366 5028 549 5082; x_wconf 89' lang='lat' dir='ltr'><em>retributione</em></span> <span class='ocrx_word' id='word_1_775' title='bbox 567 5033 771 5083; x_wconf 83' lang='lat' dir='ltr'><em>transscendat.</em></span> <span class='ocrx_word' id='word_1_776' title='bbox 804 5032 883 5085; x_wconf 87' lang='lat' dir='ltr'><em>Unde</em></span> <span class='ocrx_word' id='word_1_777' title='bbox 903 5032 932 5083; x_wconf 90' lang='lat' dir='ltr'><em>in</em></span> <span class='ocrx_word' id='word_1_778' title='bbox 960 5031 1112 5083; x_wconf 72' lang='lat' dir='ltr'><em>diuersitas</em></span> <span class='ocrx_word' id='word_1_779' title='bbox 1125 5035 1165 5080; x_wconf 88' lang='lat' dir='ltr'><em>est</em></span> <span class='ocrx_word' id='word_1_780' title='bbox 1175 5044 1279 5093; x_wconf 87' lang='lat' dir='ltr'><em>eoram,</em></span> <span class='ocrx_word' id='word_1_781' title='bbox 1300 5027 1349 5096; x_wconf 87' lang='lat' dir='ltr'><em>qui</em></span> <span class='ocrx_word' id='word_1_782' title='bbox 1366 5035 1431 5079; x_wconf 87' lang='lat' dir='ltr'><em>ante</em></span> <span class='ocrx_word' id='word_1_783' title='bbox 1444 5026 1556 5094; x_wconf 86' lang='lat' dir='ltr'><em>faciem</em></span> <span class='ocrx_word' id='word_1_784' title='bbox 1574 5026 1649 5093; x_wconf 90' lang='lat' dir='ltr'><em>reqis</em></span> <span class='ocrx_word' id='word_1_785' title='bbox 1667 5025 1797 5079; x_wconf 72' lang='lat' dir='ltr'><em>babitaret</em></span> 
     </span>
     <span class='ocr_line' id='line_1_56' title="bbox 97 5112 1797 5185; baseline -0.004 -15"><span class='ocrx_word' id='word_1_786' title='bbox 97 5115 243 5185; x_wconf 82' lang='lat' dir='ltr'><em>eranqelio</em></span> <span class='ocrx_word' id='word_1_787' title='bbox 262 5116 369 5170; x_wconf 80' lang='lat' dir='ltr'><em>ueritas</em></span> <span class='ocrx_word' id='word_1_788' title='bbox 388 5115 475 5168; x_wconf 85' lang='lat' dir='ltr'><em>dicit:</em></span> <span class='ocrx_word' id='word_1_789' title='bbox 499 5116 537 5167; x_wconf 91' lang='lat' dir='ltr'><em>In</em></span> <span class='ocrx_word' id='word_1_790' title='bbox 563 5118 646 5169; x_wconf 87' lang='lat' dir='ltr'><em>domo</em></span> <span class='ocrx_word' id='word_1_791' title='bbox 663 5116 763 5170; x_wconf 89' lang='lat' dir='ltr'><em>Patris</em></span> <span class='ocrx_word' id='word_1_792' title='bbox 783 5118 837 5169; x_wconf 85' lang='lat' dir='ltr'><em>mei</em></span> <span class='ocrx_word' id='word_1_793' title='bbox 856 5136 932 5171; x_wconf 88' lang='lat' dir='ltr'><em>man·</em></span> <span class='ocrx_word' id='word_1_794' title='bbox 959 5125 985 5171; x_wconf 89' lang='lat' dir='ltr'><em>et</em></span> <span class='ocrx_word' id='word_1_795' title='bbox 1006 5119 1148 5168; x_wconf 87' lang='lat' dir='ltr'><em>intuentur</em></span> <span class='ocrx_word' id='word_1_796' title='bbox 1166 5131 1258 5180; x_wconf 87' lang='lat' dir='ltr'><em>reqcm</em></span> <span class='ocrx_word' id='word_1_797' title='bbox 1275 5122 1300 5166; x_wconf 86' lang='lat' dir='ltr'><em>et</em></span> <span class='ocrx_word' id='word_1_798' title='bbox 1312 5113 1422 5181; x_wconf 87' lang='lat' dir='ltr'><em>sociem</em></span> <span class='ocrx_word' id='word_1_799' title='bbox 1440 5113 1511 5180; x_wconf 80' lang='lat' dir='ltr'><em>ejus,</em></span> <span class='ocrx_word' id='word_1_800' title='bbox 1529 5112 1602 5165; x_wconf 86' lang='lat' dir='ltr'><em>sicut</em></span> <span class='ocrx_word' id='word_1_801' title='bbox 1620 5112 1724 5164; x_wconf 88' lang='lat' dir='ltr'><em>dictum</em></span> <span class='ocrx_word' id='word_1_802' title='bbox 1739 5119 1797 5164; x_wconf 89' lang='lat' dir='ltr'><em>est:</em></span> 
     </span>
     <span class='ocr_line' id='line_1_57' title="bbox 97 5198 1917 5265; baseline -0.001 -10"><span class='ocrx_word' id='word_1_803' title='bbox 97 5203 190 5257; x_wconf 89' lang='lat' dir='ltr'><em>sianes</em></span> <span class='ocrx_word' id='word_1_804' title='bbox 211 5201 315 5255; x_wconf 79' lang='lat' dir='ltr'><em>nsrsltae</em></span> <span class='ocrx_word' id='word_1_805' title='bbox 333 5209 404 5254; x_wconf 92' lang='lat' dir='ltr'><em>sunt.</em></span> <span class='ocrx_word' id='word_1_806' title='bbox 443 5201 503 5254; x_wconf 80' lang='lat' dir='ltr'><em>Secl</em></span> <span class='ocrx_word' id='word_1_807' title='bbox 522 5202 551 5253; x_wconf 92' lang='lat' dir='ltr'><em>in</em></span> <span class='ocrx_word' id='word_1_808' title='bbox 573 5203 680 5254; x_wconf 88' lang='lat' dir='ltr'><em>eisdem</em></span> <span class='ocrx_word' id='word_1_809' title='bbox 698 5202 792 5256; x_wconf 89' lang='lat' dir='ltr'><em>multis</em></span> <span class='ocrx_word' id='word_1_810' title='bbox 812 5205 933 5257; x_wconf 84' lang='lat' dir='ltr'><em>rnansio·</em></span> <span class='ocrx_word' id='word_1_811' title='bbox 960 5201 1135 5255; x_wconf 86' lang='lat' dir='ltr'><em>Habitabunt</em></span> <span class='ocrx_word' id='word_1_812' title='bbox 1156 5198 1226 5250; x_wconf 89' lang='lat' dir='ltr'><em>recti</em></span> <span class='ocrx_word' id='word_1_813' title='bbox 1245 5216 1341 5250; x_wconf 90' lang='lat' dir='ltr'><em>corum</em></span> <span class='ocrx_word' id='word_1_814' title='bbox 1359 5199 1438 5260; x_wconf 85' lang='lat' dir='ltr'><em>facie</em></span> <span class='ocrx_word' id='word_1_815' title='bbox 1451 5206 1508 5265; x_wconf 87' lang='lat' dir='ltr'><em>tua,</em></span> <span class='ocrx_word' id='word_1_816' title='bbox 1528 5205 1553 5251; x_wconf 91' lang='lat' dir='ltr'><em>et</em></span> <span class='ocrx_word' id='word_1_817' title='bbox 1568 5198 1672 5249; x_wconf 87' lang='lat' dir='ltr'><em>dictum</em></span> <span class='ocrx_word' id='word_1_818' title='bbox 1685 5213 1793 5265; x_wconf 85' lang='lat' dir='ltr'><em>quoque</em></span> <span class='ocrx_word' id='word_1_819' title='bbox 1809 5208 1855 5256; x_wconf 81' lang='lat' dir='ltr'><em>xx.</em></span> <span class='ocrx_word' id='word_1_820' title='bbox 1868 5209 1917 5253; x_wconf 83' lang='lat' dir='ltr'><em>as.</em></span> 
     </span>
     <span class='ocr_line' id='line_1_58' title="bbox 96 5285 1793 5357; baseline -0.004 -15"><span class='ocrx_word' id='word_1_821' title='bbox 96 5290 178 5343; x_wconf 85' lang='lat' dir='ltr'><em>nibus</em></span> <span class='ocrx_word' id='word_1_822' title='bbox 198 5288 251 5342; x_wconf 86' lang='lat' dir='ltr'><em>erit</em></span> <span class='ocrx_word' id='word_1_823' title='bbox 271 5288 368 5356; x_wconf 88' lang='lat' dir='ltr'><em>aliquo</em></span> <span class='ocrx_word' id='word_1_824' title='bbox 388 5291 471 5342; x_wconf 89' lang='lat' dir='ltr'><em>modo</em></span> <span class='ocrx_word' id='word_1_825' title='bbox 492 5287 557 5357; x_wconf 88' lang='lat' dir='ltr'><em>ipsa</em></span> <span class='ocrx_word' id='word_1_826' title='bbox 581 5289 794 5342; x_wconf 84' lang='lat' dir='ltr'><em>retributionum</em></span> <span class='ocrx_word' id='word_1_827' title='bbox 814 5289 930 5342; x_wconf 83' lang='lat' dir='ltr'><em>diversi·</em></span> <span class='ocrx_word' id='word_1_828' title='bbox 960 5297 1016 5341; x_wconf 83' lang='lat' dir='ltr'><em>est:</em></span> <span class='ocrx_word' id='word_1_829' title='bbox 1033 5287 1116 5341; x_wconf 86' lang='lat' dir='ltr'><em>Recti</em></span> <span class='ocrx_word' id='word_1_830' title='bbox 1132 5285 1263 5339; x_wconf 84' lang='lat' dir='ltr'><em>videbunt</em></span> <span class='ocrx_word' id='word_1_831' title='bbox 1276 5285 1383 5351; x_wconf 85' lang='lat' dir='ltr'><em>faciem</em></span> <span class='ocrx_word' id='word_1_832' title='bbox 1402 5285 1480 5353; x_wconf 75' lang='lat' dir='ltr'><em>ejus5</em></span> <span class='ocrx_word' id='word_1_833' title='bbox 1500 5285 1625 5336; x_wconf 88' lang='lat' dir='ltr'><em>secunda</em></span> <span class='ocrx_word' id='word_1_834' title='bbox 1643 5285 1793 5337; x_wconf 88' lang='lat' dir='ltr'><em>diuersitas</em></span> 
     </span>
     <span class='ocr_line' id='line_1_59' title="bbox 98 5368 1794 5444; baseline -0.004 -15"><span class='ocrx_word' id='word_1_835' title='bbox 98 5382 140 5430; x_wconf 86' lang='lat' dir='ltr'><em>tas</em></span> <span class='ocrx_word' id='word_1_836' title='bbox 158 5392 283 5439; x_wconf 89' lang='lat' dir='ltr'><em>concors,</em></span> <span class='ocrx_word' id='word_1_837' title='bbox 302 5375 369 5443; x_wconf 88' lang='lat' dir='ltr'><em>quia</em></span> <span class='ocrx_word' id='word_1_838' title='bbox 391 5382 472 5427; x_wconf 90' lang='lat' dir='ltr'><em>tanta</em></span> <span class='ocrx_word' id='word_1_839' title='bbox 489 5375 531 5428; x_wconf 87' lang='lat' dir='ltr'><em>vis</em></span> <span class='ocrx_word' id='word_1_840' title='bbox 550 5376 657 5428; x_wconf 89' lang='lat' dir='ltr'><em>amoris</em></span> <span class='ocrx_word' id='word_1_841' title='bbox 676 5375 707 5427; x_wconf 86' lang='lat' dir='ltr'><em>in</em></span> <span class='ocrx_word' id='word_1_842' title='bbox 725 5375 780 5428; x_wconf 89' lang='lat' dir='ltr'><em>illa</em></span> <span class='ocrx_word' id='word_1_843' title='bbox 796 5391 869 5444; x_wconf 91' lang='lat' dir='ltr'><em>pace</em></span> <span class='ocrx_word' id='word_1_844' title='bbox 881 5394 931 5430; x_wconf 90' lang='lat' dir='ltr'><em>nos</em></span> <span class='ocrx_word' id='word_1_845' title='bbox 959 5382 999 5428; x_wconf 89' lang='lat' dir='ltr'><em>est</em></span> <span class='ocrx_word' id='word_1_846' title='bbox 1019 5390 1122 5441; x_wconf 88' lang='lat' dir='ltr'><em>eorum,</em></span> <span class='ocrx_word' id='word_1_847' title='bbox 1141 5373 1176 5424; x_wconf 84' lang='lat' dir='ltr'><em>ds</em></span> <span class='ocrx_word' id='word_1_848' title='bbox 1195 5371 1295 5440; x_wconf 88' lang='lat' dir='ltr'><em>quibus</em></span> <span class='ocrx_word' id='word_1_849' title='bbox 1312 5371 1426 5424; x_wconf 87' lang='lat' dir='ltr'><em>dicunt:</em></span> <span class='ocrx_word' id='word_1_850' title='bbox 1446 5369 1540 5435; x_wconf 87' lang='lat' dir='ltr'><em>Beati,</em></span> <span class='ocrx_word' id='word_1_851' title='bbox 1558 5370 1608 5439; x_wconf 84' lang='lat' dir='ltr'><em>qui</em></span> <span class='ocrx_word' id='word_1_852' title='bbox 1619 5369 1745 5423; x_wconf 76' lang='lat' dir='ltr'><em>babitaret</em></span> <span class='ocrx_word' id='word_1_853' title='bbox 1763 5368 1794 5423; x_wconf 87' lang='lat' dir='ltr'><em>in</em></span> 
     </span>
     <span class='ocr_line' id='line_1_60' title="bbox 97 5456 1794 5530; baseline -0.005 -13"><span class='ocrx_word' id='word_1_854' title='bbox 97 5463 197 5530; x_wconf 89' lang='lat' dir='ltr'><em>sociat,</em></span> <span class='ocrx_word' id='word_1_855' title='bbox 214 5468 245 5514; x_wconf 87' lang='lat' dir='ltr'><em>ut</em></span> <span class='ocrx_word' id='word_1_856' title='bbox 264 5462 342 5529; x_wconf 85' lang='lat' dir='ltr'><em>quod</em></span> <span class='ocrx_word' id='word_1_857' title='bbox 360 5461 390 5513; x_wconf 92' lang='lat' dir='ltr'><em>in</em></span> <span class='ocrx_word' id='word_1_858' title='bbox 408 5477 438 5514; x_wconf 88' lang='lat' dir='ltr'><em>se</em></span> <span class='ocrx_word' id='word_1_859' title='bbox 457 5462 574 5530; x_wconf 84' lang='lat' dir='ltr'><em>quisque</em></span> <span class='ocrx_word' id='word_1_860' title='bbox 594 5479 649 5515; x_wconf 91' lang='lat' dir='ltr'><em>non</em></span> <span class='ocrx_word' id='word_1_861' title='bbox 667 5462 816 5529; x_wconf 85' lang='lat' dir='ltr'><em>acceperit,</em></span> <span class='ocrx_word' id='word_1_862' title='bbox 832 5463 884 5515; x_wconf 87' lang='lat' dir='ltr'><em>boc</em></span> <span class='ocrx_word' id='word_1_863' title='bbox 901 5477 931 5514; x_wconf 88' lang='lat' dir='ltr'><em>se</em></span> <span class='ocrx_word' id='word_1_864' title='bbox 960 5464 1045 5515; x_wconf 86' lang='lat' dir='ltr'><em>domo</em></span> <span class='ocrx_word' id='word_1_865' title='bbox 1062 5466 1129 5525; x_wconf 88' lang='lat' dir='ltr'><em>tua,·</em></span> <span class='ocrx_word' id='word_1_866' title='bbox 1149 5460 1235 5511; x_wconf 90' lang='lat' dir='ltr'><em>tertia</em></span> <span class='ocrx_word' id='word_1_867' title='bbox 1253 5475 1357 5523; x_wconf 89' lang='lat' dir='ltr'><em>eorum,</em></span> <span class='ocrx_word' id='word_1_868' title='bbox 1380 5456 1533 5526; x_wconf 84' lang='lat' dir='ltr'><em>dequibus</em></span> <span class='ocrx_word' id='word_1_869' title='bbox 1545 5456 1643 5524; x_wconf 79' lang='lat' dir='ltr'><em>ajunt:</em></span> <span class='ocrx_word' id='word_1_870' title='bbox 1664 5456 1731 5519; x_wconf 74' lang='lat' dir='ltr'><em>Quis</em></span> <span class='ocrx_word' id='word_1_871' title='bbox 1742 5458 1794 5509; x_wconf 87' lang='lat' dir='ltr'><em>ad·</em></span> 
     </span>
     <span class='ocr_line' id='line_1_61' title="bbox 97 5541 1795 5620; baseline -0.007 -14"><span class='ocrx_word' id='word_1_872' title='bbox 97 5549 239 5620; x_wconf 83' lang='lat' dir='ltr'><em>accepisse</em></span> <span class='ocrx_word' id='word_1_873' title='bbox 255 5549 286 5601; x_wconf 89' lang='lat' dir='ltr'><em>in</em></span> <span class='ocrx_word' id='word_1_874' title='bbox 303 5547 363 5601; x_wconf 87' lang='lat' dir='ltr'><em>alio</em></span> <span class='ocrx_word' id='word_1_875' title='bbox 382 5547 507 5602; x_wconf 82' lang='lat' dir='ltr'><em>easultet.</em></span> <span class='ocrx_word' id='word_1_876' title='bbox 554 5547 634 5602; x_wconf 87' lang='lat' dir='ltr'><em>Unde</em></span> <span class='ocrx_word' id='word_1_877' title='bbox 659 5555 685 5600; x_wconf 89' lang='grc'><em>11</em></span> <span class='ocrx_word' id='word_1_878' title='bbox 709 5565 766 5600; x_wconf 86' lang='lat' dir='ltr'><em>nan</em></span> <span class='ocrx_word' id='word_1_879' title='bbox 783 5563 871 5617; x_wconf 86' lang='lat' dir='ltr'><em>aeque</em></span> <span class='ocrx_word' id='word_1_880' title='bbox 888 5547 931 5600; x_wconf 88' lang='lat' dir='ltr'><em>la·</em></span> <span class='ocrx_word' id='word_1_881' title='bbox 960 5550 1072 5604; x_wconf 86' lang='lat' dir='ltr'><em>scendet</em></span> <span class='ocrx_word' id='word_1_882' title='bbox 1085 5548 1114 5601; x_wconf 88' lang='lat' dir='ltr'><em>in</em></span> <span class='ocrx_word' id='word_1_883' title='bbox 1128 5551 1247 5597; x_wconf 87' lang='lat' dir='ltr'><em>montem</em></span> <span class='ocrx_word' id='word_1_884' title='bbox 1258 5542 1336 5596; x_wconf 77' lang='lat' dir='ltr'><em>Deis</em></span> <span class='ocrx_word' id='word_1_885' title='bbox 1371 5541 1488 5608; x_wconf 83' lang='lat' dir='ltr'><em>Quarta,</em></span> <span class='ocrx_word' id='word_1_886' title='bbox 1508 5543 1543 5596; x_wconf 84' lang='lat' dir='ltr'><em>de</em></span> <span class='ocrx_word' id='word_1_887' title='bbox 1561 5542 1659 5611; x_wconf 86' lang='lat' dir='ltr'><em>quibus</em></span> <span class='ocrx_word' id='word_1_888' title='bbox 1674 5543 1795 5596; x_wconf 85' lang='lat' dir='ltr'><em>dicitur:</em></span> 
     </span>
    </p>
   </div>
   <div class='ocr_carea' id='block_1_3' title="bbox 0 0 2044 6004">
    <p class='ocr_par' dir='ltr' id='par_1_3' title="bbox 0 0 2044 6004">
     <span class='ocr_line' id='line_1_62' title="bbox 0 0 2044 6004; baseline 0 0"><span class='ocrx_word' id='word_1_889' title='bbox 0 0 2044 6004; x_wconf 95' lang='lat' dir='ltr'><em> </em></span> 
     </span>
    </p>
   </div>
  </div>
 </body>
</html>
