4050 6014
793 195 845 253 Da
860 195 953 253 true
969 194 1161 252 amaus.
1395 190 1399 203 ¹
1774 199 1834 260 289

138 343 257 413 no'rlouu
276 350 324 418 τῆς
340 354 526 425 κληρονομίας
541 350 647 409 colom
668 356 693 422 t,
711 371 737 409 v.
756 358 797 413 21.
815 352 888 420 Quia
901 351 973 409 enim
999 351 1160 425 ignominia,
1179 350 1227 406 sed
1246 350 1331 407 etiam
1350 354 1385 405 de
1401 354 1516 405 aeterna
1533 348 1643 420 piorum
1655 347 1746 420 gloria
1757 347 1836 404 audi·

138 434 176 504 pii
196 436 226 489 in
243 435 296 491 hae
312 436 371 491 rita
387 445 496 491 certant
514 438 616 492 bonum
628 447 766 495 cemamen
780 443 850 505 fidei
870 448 890 495 1.
902 440 973 494 Tim.
1000 439 1107 497 toribus
1131 440 1186 493 suis
1203 443 1422 511 proposuerunt3
1443 437 1470 506 t)
1487 453 1521 490 ea
1536 436 1633 491 carnr‘s
1649 442 1762 490 nostrae
1779 444 1836 488 tor·

139 527 162 586 6,
182 540 208 576 v.
223 527 264 579 11.
283 539 316 578 ac
334 525 416 599 ἔργον
433 529 481 592 τῆς
497 532 616 588 πίστεως
629 526 687 582 sive
698 535 796 583 πίστιν
813 529 864 581 τοῦ
882 529 974 602 ἔργου,
997 544 1069 596 pore
1093 544 1127 579 uc
1152 535 1277 595 omerno,
1302 542 1365 579 cum
1389 523 1462 579 enim
1487 523 1525 594 pii
1550 523 1578 577 in
1604 523 1656 577 bac
1680 522 1739 576 rita
1762 520 1837 575 eruci

138 607 213 663 τοῦτ’
228 610 303 664 ἔστιν
315 612 521 685 ἐνεργουμένην
532 619 637 680 πίστιν,
649 621 725 668 arcte
737 612 974 670 serenta'rhess.
1000 613 1056 669 sint
1090 613 1208 683 subjecti
1239 619 1268 667 et
1300 610 1453 681 majoribus
1492 607 1721 671 adversitatibus,
1753 625 1837 680 quam

140 701 163 763 1,
180 712 206 751 v.
225 701 248 751 ³.
280 702 301 752 1.
321 695 417 751 Thess.
442 703 463 765 l,
481 715 506 751 v.
528 704 568 753 11.
586 700 647 755 ital.
666 706 690 761 5,
708 719 734 752 v.
754 706 778 756 6.
802 701 866 755 ideo
891 699 975 754 etiam
1001 700 1126 754 homines
1143 698 1227 770 hujus
1244 698 1337 763 seculi,
1355 698 1517 769 pierumque
1536 696 1657 760 obnoxii,
1669 695 1732 750 ideo
1751 694 1836 748 animi

138 780 166 834 in
188 781 241 835 illis
262 782 413 844 laboribus,
432 800 501 854 quos
520 801 554 837 ex
573 784 628 840 tide
646 786 808 856 suscipiunt,
826 791 855 839 et
872 786 900 839 in
919 786 975 840 illis
1002 786 1123 856 ipsorum
1148 786 1176 839 in
1199 802 1275 856 spem
1301 784 1462 840 coelestium
1487 783 1672 855 praemiorum
1702 781 1837 852 erigendi,

138 870 331 938 passionibus,
360 888 430 942 quas
453 872 489 927 ob
514 872 578 927 fidei
605 873 807 929 contessionem
831 872 975 939 sustinent,
1001 889 1035 927 ne
1053 872 1143 926 carnis
1161 870 1321 926 infirmitate
1339 871 1460 924 animum
1483 868 1674 941 despondeant
1693 875 1745 922 etc.

138 954 224 1009 vitam
244 962 386 1010 aeternam
406 958 556 1027 respiciunt
579 960 751 1031 eandemque
770 960 853 1030 juxta
872 959 975 1031 gratui-

139 1046 197 1093 tam
215 1048 244 1095 et
264 1041 437 1097 infallibilem
451 1043 506 1098 Dei
523 1044 734 1115 promissionem
752 1050 922 1115 exspectant,
942 1061 975 1099 ac
1315 1073 1521 1082 ———----—

138 1125 217 1182 Deus
234 1145 379 1198 operosam
400 1130 524 1200 ipsorum
544 1130 628 1186 fidem
647 1147 703 1186 non
719 1136 828 1185 tantum
839 1138 976 1203 tempora-

139 1214 222 1280 libus,
242 1215 291 1269 sed
311 1215 395 1270 etiam
413 1216 533 1271 aeternis
556 1226 586 1271 et
605 1216 771 1273 coelestibus
790 1218 918 1288 praemiis
934 1233 975 1271 re·
1298 1248 1320 1309 0
1333 1249 1361 1309 Δ
1374 1248 1398 1309 1,
1412 1248 1479 1309 Π
1508 1247 1533 1307 1·

140 1308 310 1368 mnnmatur,
329 1318 385 1358 non
405 1319 438 1357 ex
456 1304 563 1368 merito,
581 1303 630 1358 sed
649 1320 682 1358 ex
697 1304 795 1376 gratia
813 1320 847 1358 ac
860 1304 976 1374 proinde
1403 1332 1406 1337 ·

139 1388 197 1442 vito
216 1396 330 1443 aeterna
353 1389 529 1445 credentibus
553 1397 595 1446 est
620 1407 725 1446 merces
751 1408 807 1445 non
825 1392 976 1461 ‹lipnitatis
1219 1407 1270 1461 ΒΕ
1286 1406 1620 1464 ’οΝοΜΛΤοΛοΓΜ,,

140 1483 189 1527 urst
215 1476 321 1535 maii,
352 1477 406 1529 sed
428 1476 610 1531 liberalitatis
640 1486 667 1530 et
688 1477 810 1547 prataiti
831 1480 975 1547 promisi.

141 1561 315 1632 Augustinus
333 1568 413 1617 tract.
431 1567 456 1619 3.
477 1562 504 1616 in
523 1562 601 1618 lob:
632 1563 666 1616 st
687 1567 761 1631 fides
777 1565 873 1634 pratia
892 1572 977 1618 estet
1036 1573 1060 1620 3.
1101 1564 1253 1634 Postquam
1281 1563 1368 1634 igitur
1395 1565 1431 1615 de
1454 1560 1570 1627 inferno
1590 1575 1639 1613 ssu
1657 1563 1769 1614 aemma
1789 1558 1839 1612 im·

140 1649 199 1701 vita
212 1655 328 1702 carrina
342 1650 538 1716 quasinserees
546 1649 629 1717 fidei,
648 1650 761 1703 oidmur
772 1652 852 1704 Deus
862 1652 976 1720 quidem
1002 1651 1110 1721 piorum
1130 1656 1217 1706 morte
1240 1657 1333 1704 aetum
1351 1649 1406 1703 fuit
1425 1647 1575 1710 hactenus,
1598 1661 1769 1715 consequens
1789 1650 1840 1712 est,

140 1734 226 1787 eitam
243 1742 387 1787 aeternam
408 1742 543 1803 ίαυρυααι
561 1736 684 1789 mutam
700 1739 829 1790 reddere.
857 1737 912 1791 cart
929 1740 976 1791 de·
1003 1744 1033 1792 ut
1052 1739 1088 1790 cte
1105 1738 1182 1790 coelo
1200 1753 1232 1790 ac
1251 1736 1310 1790 vita
1323 1734 1505 1790 aeternasive
1518 1732 1626 1803 piorum
1638 1730 1839 1802 glorificatione

142 1819 245 1872 bitum
263 1821 339 1888 fidei,
354 1821 499 1888 micipsa
515 1823 690 1890 ridespratia
707 1830 747 1875 est
759 1825 850 1876 morta
862 1831 977 1877 aetrno
1003 1824 1030 1877 in
1048 1823 1127 1878 coelo
1145 1820 1331 1892 exspectanda
1349 1821 1531 1890 inposterum
1550 1833 1666 1888 agarum
1685 1823 1713 1871 et
1729 1815 1839 1871 felicem

142 1907 239 1975 pratia
257 1914 297 1959 est
314 1924 369 1976 pro
387 1908 491 1974 pratea.
521 1906 624 1963 Confer
642 1907 785 1980 Lyranum
804 1909 833 1964 in
854 1926 915 1981 cap.
936 1916 975 1966 10.
1003 1909 1155 1965 clausulam
1179 1908 1245 1963 huic
1270 1908 1392 1964 locorum
1414 1904 1635 1976 theologicorum
1655 1905 1772 1977 ίργασίρ
1790 1903 1841 1956 im·

141 1992 206 2049 lob.
231 1999 260 2047 et
283 1992 436 2047 Lutherum
459 1995 488 2047 in
509 1993 572 2050 libr.
599 1995 634 2049 de
659 2012 729 2053 serv.
749 1996 845 2050 arbitr.
864 2003 931 2052 tom.
951 2003 975 2052 3.
1003 2013 1146 2066 ponamus.
1174 1995 1321 2050 Ordiamur
1339 2009 1404 2048 vero
1422 1992 1494 2046 hane
1511 1990 1703 2045 metationem
1723 1991 1757 2043 ab
1777 1988 2002 2080 ‹iro-¹0,0„m.

143 2078 204 2133 iat.
224 2096 289 2150 pag.
311 2084 367 2135 191.
406 2081 435 2134 Si
461 2081 522 2150 quis
548 2085 641 2136 umen
668 2083 704 2136 ad
722 2086 861 2157 φλυαρίας
880 2083 975 2138 Ponti·
1003 2087 1170 2157 ματολογίρ,
1189 2082 1225 2135 ad
1244 2098 1328 2153 quam
1341 2079 1463 2151 pertinet
1482 2084 1504 2133 1.
1521 2080 1698 2151 ίαυμολογία.
1716 2075 1841 2130 Vocatur
1853 2079 1945 2148 toytr,

141 2164 267 2219 liciorum
287 2181 320 2219 eo
338 2164 439 2220 fortius
461 2166 605 2221 elidendae
628 2167 657 2221 in
682 2167 777 2239 prinms
802 2167 911 2223 duabus
930 2185 977 2224 vo·
1002 2169 1098 2223 futura
1119 2169 1227 2239 piorum
1246 2168 1339 2239 gloria
1357 2169 1416 2220 nita
1433 2173 1557 2220 aeterna.
1596 2147 1966 2247 Vita‚⁸ppellatur„⁸,{„⁴,=2{”

94 2302 97 2308 ,
142 2250 235 2305 cabuli
252 2256 303 2306 rori
323 2257 416 2315 πίλους
429 2253 638 2323 acceptionibus
655 2255 733 2309 malit
750 2256 925 2328 acquiescere
944 2272 977 2310 ae
1003 2261 1035 2309 ut
1053 2255 1242 2326 distinguatur
1264 2253 1300 2308 ab
1316 2251 1515 2308 infelicissimo
1543 2257 1572 2304 et
1594 2249 1746 2304 miserrimo
1764 2248 1839 2303 dam·
1856 2252 1878 2304 1.
1897 2250 1998 2323 ἔτυμο-

142 2354 242 2394 nomen
262 2338 329 2392 illud
347 2356 404 2393 non
422 2340 510 2394 ethice
527 2341 575 2395 sed
589 2343 714 2411 physice,
738 2342 767 2396 id
791 2349 905 2398 estnon
926 2359 976 2413 pro
1003 2348 1132 2398 natorum
1151 2347 1235 2408 statu,
1256 2339 1304 2411 qui
1322 2338 1418 2394 mortis
1436 2338 1548 2394 nomine
1568 2335 1737 2406 exprimitur,
1761 2340 1793 2388 ut
1811 2333 1840 2388 in
1853 2321 1942 2430 {2ss

142 2425 265 2496 praemio
285 2425 329 2479 vel
346 2426 482 2493 mercede,
501 2427 550 2481 sed
570 2443 621 2497 pro
633 2427 731 2484 ultimo
750 2431 790 2484 rei
804 2430 888 2493 exitu,
907 2429 977 2485 acci·
1003 2428 1178 2499 praecedenti
1197 2426 1314 2482 articulo
1328 2424 1456 2480 vidimus.
1476 2423 1648 2496 Intelligitnr
1659 2428 1751 2495 autem
1765 2421 1840 2475 vitae
1853 2443 1955 2483 mama

142 2528 209 2582 pere
227 2529 309 2566 sensu
328 2528 374 2577 eo,
401 2513 477 2582 quod
495 2515 728 2584 quemadmodum
750 2516 872 2572 clausula
889 2516 977 2570 finalis
1003 2515 1113 2571 nomine
1130 2531 1185 2569 non
1204 2515 1283 2567 nuda
1306 2513 1423 2566 οαόααίὲα
1446 2511 1607 2566 cursualis
1630 2511 1666 2565 ab
1684 2509 1792 2564 animae
1811 2511 1840 2562 ct

142 2598 170 2652 in
188 2606 305 2669 peceato
323 2606 366 2653 cst
385 2617 458 2655 mors
476 2608 504 2655 et
522 2601 662 2671 interitus,
686 2603 727 2657 ita
748 2602 829 2658 fidem
848 2611 876 2659 ct
893 2620 979 2675 opera
1003 2603 1128 2673 eorporis
1160 2601 1263 2656 unione
1291 2599 1465 2671 dependens,
1496 2615 1529 2653 ea
1557 2597 1630 2652 enim
1662 2603 1691 2652 et
1723 2595 1776 2667 piis
1809 2594 1839 2648 in

138 2686 265 2755 justitiae
292 2700 325 2738 ex
352 2686 407 2740 tide
440 2689 516 2742 facta
547 2688 733 2758 subsequatur
763 2691 874 2745 tandem
901 2691 978 2746 velut
1004 2688 1096 2753 coelo,
1127 2694 1155 2742 et
1180 2685 1316 2741 damnatis
1343 2685 1371 2739 in
1394 2685 1503 2740 inferno
1528 2685 1580 2738 erit
1597 2681 1764 2743 eommunis,
1791 2679 1839 2734 ssd

142 2772 239 2825 ultima
257 2779 285 2825 et
305 2778 438 2842 exoptata
456 2773 581 2828 clausula
598 2775 656 2828 vita
673 2782 794 2844 aeterna,
818 2793 874 2832 non
892 2776 977 2831 refra-
1003 2774 1170 2840 beatissima,
1188 2780 1216 2828 et
1230 2773 1407 2841 felicissima
1426 2770 1543 2825 niventis
1567 2769 1706 2836 condito,
1731 2782 1803 2838 quae
1822 2780 1840 2818 a

141 2857 279 2928 gabimur.
305 2858 394 2915 Nobis
406 2859 458 2914 boc
476 2861 537 2915 loeo
555 2861 665 2930 sufficit,
682 2861 757 2932 quod
775 2863 848 2933 finis,
869 2882 978 2934 sooprss,
1004 2860 1132 2916 beatifica
1150 2860 1203 2914 Dei
1221 2858 1340 2914 urentis
1364 2856 1469 2912 risione
1493 2861 1522 2910 et
1540 2854 1663 2926 corporis
1684 2861 1712 2909 et
1730 2851 1839 2907 animae

142 2945 230 2997 caitae
250 2962 285 2998 ac
301 2946 441 3013 persentio
459 2946 529 3009 fidei
545 2953 656 3001 nostrae
676 2948 712 3002 sit
731 2947 789 3002 vita
803 2954 925 3012 aemma,
943 2967 976 3005 ex
1003 2947 1205 3020 glorificatione
1234 2946 1389 3016 dependet,
1418 2960 1468 3015 per
1493 2959 1575 3014 quam
1602 2942 1639 3012 pii
1665 2938 1839 2995 adamastis

142 3047 175 3086 eo
193 3031 267 3085 euim
283 3030 454 3101 collig'mns,
478 3047 596 3102 aequum
616 3049 692 3100 esse,
717 3043 749 3089 ut
765 3035 838 3089 inter
855 3034 976 3106 reliquos
1003 3034 1047 3088 vel
1073 3033 1191 3087 maxime
1225 3032 1442 3104 distinguuntur.
1495 3027 1733 3095 Quemadmodum
1765 3024 1838 3078 enim

139 3115 204 3171 fidei
220 3117 353 3172 articulos
369 3117 454 3171 etiam
468 3118 541 3172 hanc
556 3119 647 3189 ipsum
662 3120 812 3191 diligenter
825 3127 976 3177 tractemus
1003 3119 1056 3174 Dei
1078 3120 1170 3175 vivere
1198 3135 1255 3174 non
1280 3126 1323 3173 est
1344 3117 1450 3171 nudum
1475 3132 1536 3171 esse
1561 3123 1589 3170 et
1615 3114 1760 3180 exsistere,
1789 3110 1838 3165 sed

139 3210 167 3256 et
184 3204 212 3256 in
230 3203 393 3274 quotidiana
409 3204 588 3260 meditatione
609 3207 655 3276 pie
675 3194 873 3277 expendimus.
1003 3206 1174 3276 beatissime,
1198 3204 1425 3276 tranquillissime
1445 3207 1474 3257 et
1491 3201 1647 3257 felicissime
1667 3200 1773 3264 vivere;
1799 3197 1839 3251 sic

64 3323 119 3354 m.
175 3295 197 3347 2.
222 3290 430 3344 Commendatio
450 3290 533 3361 hujus
553 3293 663 3347 artictffi
683 3311 716 3348 ex
735 3294 833 3349 iisdem
851 3294 976 3351 fontibus
1004 3292 1111 3363 piorum
1141 3293 1170 3347 in
1206 3292 1291 3348 coelis
1323 3289 1551 3360 triumphantium
1583 3287 1676 3341 rivere
1704 3301 1759 3340 non
1789 3299 1839 3353 per

64 3366 126 3455 [2⁰3⁰
140 3377 197 3445 peti
216 3376 313 3444 debet,
337 3394 372 3431 ex
397 3377 498 3448 quibus
522 3380 750 3447 praecedentibus
771 3382 975 3449 commendatio
1003 3381 1107 3434 nudam
1121 3378 1318 3442 exsistentiam,
1338 3376 1387 3431 sed
1399 3393 1448 3446 per
1460 3374 1656 3442 beatissimam,
1670 3369 1838 3441 tranquillis·

64 3469 124 3508 ‚stes
139 3461 194 3516 fuit
213 3463 308 3534 petita,
327 3463 457 3518 videlicet
475 3470 497 3519 1.
518 3483 551 3518 er
568 3466 696 3531 utilitate,
716 3471 976 3526 tetrametram.
1004 3467 1100 3521 simam
1116 3461 1644 3522 aclelieissimamvitamdeliniendum.
1664 3456 1838 3529 Augustinus

143 3550 257 3603 Utilitas
276 3551 482 3607 demonstratur
499 3558 557 3605 tnm
578 3568 595 3605 a
613 3552 707 3622 priori,
733 3553 863 3610 videlieet
880 3573 913 3609 ee
931 3557 975 3609 di·
1003 3553 1032 3607 in
1062 3553 1193 3609 enchirid.
1220 3553 1256 3607 ad
1281 3553 1365 3607 Laur.
1393 3567 1452 3622 cap.
1478 3555 1525 3605 922
1556 3549 1623 3601 Non
1646 3553 1754 3601 moreat
1778 3560 1838 3608 nott

137 3638 205 3690 rina
217 3637 388 3691 revelatione
401 3638 431 3692 in
444 3637 529 3693 verbo
543 3639 694 3710 proposita,
713 3646 771 3694 tum
790 3642 977 3712 aposteriori,
1003 3643 1141 3710 quomodo
1161 3640 1192 3693 in
1209 3640 1352 3693 marnatis
1370 3638 1424 3691 erit
1444 3653 1546 3705 eorpus
1564 3630 1786 3702 incorruptibile,
1812 3630 1839 3682 si

76 3741 125 3783 ast.
137 3723 267 3777 videlicet
287 3740 320 3776 ee
339 3732 522 3794 consequente
540 3727 761 3789 fructificatione
779 3726 832 3796 piis
851 3745 868 3782 a
885 3729 976 3800 queti-
1005 3729 1102 3783 dolere
1116 3728 1231 3797 poterit,
1250 3732 1301 3780 esst
1319 3726 1458 3795 promotio
1477 3720 1704 3791 incorruptibile,
1721 3719 1750 3772 si
1766 3717 1840 3771 mori

136 3809 221 3863 diana
245 3808 369 3879 ejusdem
388 3810 569 3866 meditatione
590 3813 785 3882 exspectanda.
834 3813 886 3867 Est
903 3815 976 3869 enim
1002 3833 1058 3868 non
1075 3814 1188 3884 poterit.
1227 3814 1294 3866 Non
1314 3819 1354 3866 est
1371 3811 1444 3866 enim
1461 3826 1529 3863 vere
1547 3809 1614 3877 rita,
1635 3806 1693 3860 nisi
1710 3805 1760 3859 ubi
1774 3804 1841 3866 feli·

91 3943 94 3946 ,
140 3895 197 3950 vita
214 3901 328 3951 aeterna
346 3898 467 3950 omniurn
486 3899 679 3962 beneficiorum
698 3898 806 3952 Christi
822 3901 930 3957 coronis
948 3907 977 3956 et
1003 3903 1073 3955 citer
1088 3901 1205 3969 madar,
1232 3915 1283 3954 nce
1300 3915 1368 3952 rere
1393 3896 1583 3966 incorruptio,
1607 3894 1666 3946 nisi
1689 3892 1739 3947 abi
1761 3891 1842 3945 salas

140 3983 377 4052 complementum,
401 3983 449 4052 pia
466 3983 590 4055 ejusdem
610 3984 754 4041 meditatie
769 3992 811 4040 est
829 3986 976 4043 saluberri·
1003 3989 1082 4043 nrtilo
1102 3988 1203 4042 dolore
1221 3986 1418 4055 corrumpitur.
1459 3982 1513 4037 Ubi
1528 3989 1619 4035 autem
1638 3978 1742 4046 infelia
1767 3977 1844 4031 mori

140 4085 215 4123 mum
234 4072 370 4123 adamus
392 4078 511 4138 peceato
536 4069 767 4146 προφυλαατικόυ
796 4079 825 4128 et
860 4073 896 4128 ab
925 4075 976 4129 im·
1003 4093 1058 4128 non
1075 4074 1190 4140 finitur,
1213 4073 1305 4126 atita
1325 4072 1433 4138 dicam,
1462 4086 1538 4124 mors
1556 4067 1621 4137 ipsa
1638 4083 1694 4119 nen
1713 4064 1841 4130 moritur,
1854 4077 1897 4120 xx.
1914 4077 1961 4124 ast.

140 4155 244 4225 pietate
272 4165 480 4210 anorum-entem
506 4158 748 4227 efficacissimum,
776 4159 847 4215 bene
872 4160 975 4232 agendi
1003 4168 1028 4213 et
1052 4161 1101 4213 ubi
1124 4159 1208 4213 dolor
1231 4165 1386 4230 perpetuus
1411 4173 1469 4210 non
1486 4154 1627 4208 interemit
1655 4153 1707 4205 sed
1724 4150 1841 4218 afflipit,

140 4239 309 4317 ὁρμητήριον
318 4243 390 4297 etad
397 4244 530 4311 pietatem
539 4244 754 4310 incitamentum,
767 4248 857 4301 omnis
863 4248 975 4301 solidae
1001 4248 1066 4316 ipsa
1080 4247 1227 4315 corruptio
1241 4263 1296 4298 non
1308 4245 1420 4313 finitur.
1433 4259 1513 4296 serm.
1523 4245 1565 4296 tt.
1575 4239 1610 4292 de
1620 4234 1697 4291 verb.
1710 4233 1839 4291 Domini:

141 4329 342 4383 consolationis
357 4329 386 4384 in
407 4329 551 4400 quibusvis
573 4331 699 4385 adversis
722 4331 797 4386 basis
817 4350 850 4387 ac
867 4336 973 4398 funda·
1002 4336 1068 4388 Non
1086 4350 1217 4403 mapnnm
1236 4339 1276 4385 est
1294 4332 1345 4385 rint
1363 4331 1453 4383 virere
1473 4335 1522 4380 ant
1539 4339 1646 4393 semper
1663 4323 1769 4388 meere,
1787 4320 1840 4374 sed

140 4423 268 4484 manum,
288 4415 428 4471 uberrima
445 4417 559 4471 divinae
578 4418 792 4487 glorificationis
812 4421 928 4475 materia
947 4428 975 4476 et
1001 4438 1131 4490 mapnum
1150 4427 1191 4472 est
1210 4420 1287 4472 beate
1304 4417 1402 4470 nieme.
1438 4415 1504 4466 Non
1530 4419 1571 4464 est
1586 4411 1679 4462 meere
1695 4409 1763 4476 rita,
1787 4409 1839 4461 sed

140 4504 361 4572 irritamentum,
386 4511 418 4558 ut
444 4504 472 4559 in
490 4522 543 4559 usu
567 4505 690 4575 practico
709 4504 822 4560 inferius
840 4515 974 4562 monstra-
1001 4507 1104 4572 natue,
1122 4504 1199 4559 canit
1215 4505 1307 4574 polita.
1339 4501 1403 4555 Huc
1421 4498 1561 4568 pertinent
1579 4495 1656 4550 dicta
1671 4493 1839 4565 Scripturas,

140 4589 224 4648 bitur.
242 4591 402 4644 Necessitas
418 4598 534 4662 apparet
553 4596 578 4657 1)
596 4609 630 4645 en
647 4593 743 4645 divino
760 4578 974 4649 mandatotum
1001 4593 1028 4646 in
1048 4590 1148 4663 quibus
1168 4588 1199 4646 rb
1229 4589 1323 4644 vivere
1349 4590 1497 4655 usurpatur
1522 4599 1571 4654 pro
1594 4581 1704 4636 felicem
1724 4597 1756 4635 ac
1775 4596 1838 4651 pro·

141 4677 271 4746 pennati
297 4677 332 4731 de
359 4676 515 4731 novissimis
542 4685 676 4749 perpetuo
704 4678 887 4747 ruminandis,
915 4687 974 4736 tum
1001 4696 1111 4749 sperum
1130 4694 1204 4745 esse,
1230 4675 1342 4742 laetam,
1370 4687 1500 4744 prospere
1518 4685 1609 4741 agere.
1643 4673 1663 4723 1.
1681 4667 1751 4738 Reg·
1772 4672 1794 4735 ¹5
1812 4683 1840 4724 V·

141 4763 268 4833 speciali,
283 4763 359 4833 qnod
369 4762 507 4834 colligitur
518 4780 551 4818 ex
568 4765 695 4820 omnibus
708 4765 867 4836 Scripturae
884 4766 974 4836 dietis,
1001 4770 1047 4820 25:
1082 4763 1162 4817 Vivat
1186 4781 1250 4828 ree,
1278 4760 1362 4831 Terg.
1381 4742 1473 4834 ntur,
1499 4757 1565 4812 feli¹
1583 4755 1632 4823 811,
1652 4759 1838 4826 111011181θῖ11·

140 4866 212 4921 quae
231 4849 266 4904 de
283 4849 392 4920 gaudiis
407 4850 481 4904 vitae
496 4857 623 4906 aeternae
641 4858 743 4923 aguut3
762 4851 789 4920 1)
803 4869 837 4906 er
851 4854 974 4906 menteris
1000 4851 1103 4906 Psalm.
1122 4853 1163 4918 22,
1180 4867 1206 4903 v.
1226 4855 1274 4904 27:
1304 4847 1475 4901 Laudabunt
1492 4845 1654 4911 Dominum,
1678 4843 1727 4912 qui
1744 4841 1837 4911 repiti-

141 4936 325 4990 erelesiastici
341 4937 440 5004 debito,
458 4937 594 4993 incumbit
607 4939 680 4992 enim
693 4938 826 4996 ecclesiae
843 4940 974 4994 ministris
1000 4946 1066 4992 runt
1085 4954 1153 5002 eum,
1170 4935 1241 4990 siret
1260 4952 1310 4988 eor
1329 4951 1424 4987 cortem
1442 4932 1471 4985 in
1488 4931 1623 4998 seculrtm,
1641 4927 1711 4982 illud
1729 4930 1769 4982 sic
1789 4945 1836 4983 cx·

141 5038 197 5078 non
215 5028 322 5077 tantum
343 5022 602 5079 comminationibus
622 5040 774 5095 poenarum
798 5026 974 5083 infernalium
1001 5022 1115 5096 ponitur
1131 5021 1233 5076 Psalm.
1253 5027 1296 5091 69,
1314 5038 1340 5077 v.
1361 5024 1406 5076 33:
1436 5019 1572 5073 Videbunt
1590 5016 1694 5084 afflicti
1712 5023 1737 5068 et
1749 5016 1837 5067 laete-

141 5108 296 5178 spectatis
314 5109 439 5164 homiues
457 5126 586 5176 avocare,
608 5111 657 5167 sed
680 5112 763 5167 etiam
787 5114 976 5183 promissioni·
1002 5113 1102 5164 brentam
1120 5115 1284 5180 qtmerentes
1302 5109 1404 5171 Deum,
1423 5106 1494 5159 viaet
1514 5121 1564 5157 cor
1580 5111 1710 5158 vestirem.
1729 5101 1794 5156 toh.
1812 5108 1837 5163 4,

142 5194 193 5249 bns
222 5195 404 5265 praemiorum
434 5197 593 5252 coelestium
619 5196 655 5252 ad
683 5198 755 5254 bene
781 5200 920 5271 agendum
948 5208 976 5256 et
1001 5216 1027 5252 r.
1046 5203 1092 5253 50:
1119 5196 1213 5250 Filias
1230 5202 1296 5248 meus
1314 5195 1396 5263 trinit,
1421 5192 1451 5246 id
1476 5197 1519 5246 est
1536 5207 1621 5244 sanus
1638 5194 1693 5255 est,
1718 5189 1789 5243 bene
1807 5203 1837 5240 se

141 5281 216 5336 mala
233 5283 370 5352 patienter
388 5282 504 5337 serenda
524 5299 571 5338 eos
584 5282 716 5350 invitar03
737 5285 764 5350 3)
782 5303 816 5339 er
825 5287 976 5356 propieta-
1001 5283 1094 5339 habet.
1127 5281 1239 5337 interim
1256 5287 1348 5336 tamen
1369 5277 1544 5350 Augustinus
1559 5275 1578 5332 l.
1601 5281 1640 5332 19.
1659 5275 1694 5328 de
1713 5274 1764 5329 civ.
1784 5273 1837 5328 Dei

140 5385 211 5431 rum,
236 5367 343 5423 Cirr-isti
360 5378 385 5422 et
404 5370 593 5438 apostolorum
612 5370 745 5441 cntempla,
768 5370 808 5425 1111
828 5371 900 5426 cmm
919 5388 976 5428 uon
1002 5388 1026 5426 c.
1046 5376 1086 5427 14.
1105 5372 1208 5436 censet,
1226 5384 1289 5421 curn
1307 5365 1497 5421 additamento
1515 5361 1637 5434 quodam
1655 5367 1757 5416 sutum
1771 5359 1837 5414 bea·

141 5454 231 5510 solnm
250 5454 404 5510 doctrinam
423 5455 458 5510 de
475 5455 644 5526 sempiterna
668 5455 813 5525 impiorum
831 5473 924 5529 poena
948 5463 1094 5512 atterum
1112 5453 1267 5511 vocandum
1287 5469 1348 5507 esse
1371 5451 1456 5505 vitam
1481 5456 1634 5519 aeternam,
1660 5454 1692 5502 ut
1719 5464 1737 5501 a
1760 5448 1836 5501 dam·

193 5553 304 5593 (lethardi
322 5554 375 5596 loci,
389 5552 425 5594 lx.
1604 5541 1634 5591 19
