4050 6014
178 204 242 261 'ltu
850 191 1084 255 moestus
1103 192 1270 251 TERTIUS

180 350 296 405 tironus
313 349 374 403 Dei
392 355 439 414 eet,
459 357 537 403 terra
554 349 801 418 subpedamentam
821 350 890 421 ejus,
912 350 1017 403 dietum
1045 365 1100 403 non
1117 349 1260 403 ridebitur
1280 347 1379 413 αιαίαα,
1399 348 1449 417 qui
1467 349 1574 403 nidum
1585 348 1681 412 fecit
1721 348 1823 404 Patrne
1842 365 1883 406 re·

181 444 222 492 est
240 444 341 503 orsam,
353 436 512 505 praeterire
526 435 632 490 coelum
651 442 677 489 et
695 443 807 501 terram,
826 435 922 505 bisque
930 453 1015 506 prae·
1045 435 1178 504 spondet:
1198 434 1280 490 Audi
1296 450 1363 504 erpo
1381 452 1461 494 nunc.
1496 434 1610 490 Caelum
1627 436 1713 502 istud,
1732 437 1810 508 quod
1820 436 1884 491 visi·

182 524 351 577 tereuntibua
371 529 480 592 oportet
497 523 581 576 etiam
600 524 673 577 letne
693 523 794 591 Deum,
818 524 869 592 qui
891 540 1017 592 supereo·
1045 521 1099 574 bile
1118 530 1159 575 eet
1178 530 1205 575 et
1218 522 1385 593 pertransit,
1405 521 1545 590 eiquidem
1558 530 1680 590 propter
1692 530 1778 577 semet
1791 523 1885 592 iprum

182 612 257 675 deut,
273 609 444 678 praeterire,
465 617 491 663 et
510 609 576 663 ideo
594 626 650 662 non
667 610 739 663 lsuna
766 627 825 663 ease
843 611 944 678 Deum,
969 610 1018 680 qui
1044 608 1154 671 sactum
1181 617 1259 673 esset,
1285 607 1398 661 habaet
1412 606 1550 672 fortasssis
1566 609 1750 678 quotidiam,
1770 609 1885 679 aliquid

181 700 218 751 sit
236 715 322 767 nuper
342 697 426 752 omni.
460 694 603 755 ‚irenaeus
625 713 691 752 vero
713 695 864 766 respondet
886 695 942 750 illis
966 695 1018 749 hoc
1045 693 1175 765 rationis,
1187 695 1254 765 quio
1273 694 1377 748 resolui
1385 694 1499 748 minime
1517 695 1686 761 deberet5si
1693 702 1886 766 sarapropter

183 785 277 840 modo:
296 784 392 838 Primo
405 783 516 852 quidem
528 782 661 850 nesciant,
679 783 750 852 quid
768 783 806 836 eit
818 783 925 836 eoelum
944 781 1019 834 tlsro-
1047 780 1130 833 atiud
1148 780 1219 849 quid
1239 783 1349 846 fuctum
1368 788 1408 834 eet
1427 788 1454 834 et
1471 798 1527 834 non
1537 789 1656 850 propter
1673 798 1712 847 se,
1723 783 1884 837 necmsario

182 891 234 926 nus
244 880 269 926 et
283 879 361 926 terra
371 871 594 940 subpedaneum
612 888 663 925 nec
683 871 756 924 enim
773 872 874 941 sciunt,
894 872 965 939 qaid
982 872 1020 925 eit
1046 864 1177 934 solvetur,
1196 876 1227 920 ut
1241 867 1326 930 illud,
1336 883 1394 935 pro
1412 882 1466 936 9¹⁴0
1480 868 1586 934 foetum
1601 866 1721 937 uidetur,
1734 877 1883 938 appareat.

182 962 269 1024 Deus,
288 962 342 1012 sed
356 965 466 1030 putant,
484 975 546 1012 eum
562 969 639 1011 more
660 958 781 1012 bominis
799 959 896 1012 sedere
915 966 942 1011 et
954 975 1018 1012 con·

181 1047 274 1114 timeri,
301 1062 356 1099 non
382 1053 472 1099 autem
496 1046 655 1113 continere;
676 1047 727 1099 sed
747 1052 774 1099 et
788 1045 1019 1114 praeteritionem

182 1132 256 1186 coeli
273 1137 299 1186 et
317 1140 411 1185 terrae
427 1133 570 1202 ipnorant.
611 1131 721 1185 Pardus
739 1138 830 1185 autem
859 1150 915 1186 non
940 1132 1018 1201 ipno-

180 1219 255 1273 ravit
275 1218 386 1274 dicens:
400 1218 544 1273 Praeterit
564 1224 656 1272 autem
679 1220 773 1288 fipura
798 1218 884 1287 bajus
909 1221 1017 1274 mundi.

183 1306 296 1359 Deinde
316 1304 506 1372 quaestionem
518 1321 613 1358 eorum
622 1305 706 1359 solvit
719 1306 825 1372 Dauid,
842 1307 935 1373 sipara
948 1306 1018 1360 enim

182 1393 266 1461 liujus
286 1391 387 1444 mundi
398 1397 596 1462 praetereunte
606 1408 662 1445 non
682 1390 773 1444 solum
791 1393 881 1445 Deum
895 1392 937 1446 eit
951 1408 1018 1462 per·
1309 1394 1491 1457 οΔΡΠΤ
1525 1393 1618 1455 ΙΙΙ.

71 1499 116 1545 1¹·
129 1497 163 1540 ³5,
180 1495 320 1543 severare,
347 1479 441 1532 sedet
464 1494 560 1532 servor
582 1479 660 1548 ejus,
685 1477 786 1533 Psalm
809 1483 866 1548 102,
884 1497 910 1533 v.
930 1484 972 1534 26.
991 1485 1019 1533 et

181 1565 411 1623 audiamur:
432 1565 512 1619 initio
532 1571 637 1619 terram
665 1571 696 1618 tu
718 1565 862 1629 fundasti.
888 1566 1017 1633 Domine,
1080 1527 1132 1584 DE
1149 1529 1276 1588 CAUSA
1291 1526 1518 1589 EFFIOEENTE
1537 1527 1850 1592 DESTBUCTIONIS

182 1662 207 1707 a
225 1669 313 1722 opera
333 1669 462 1706 manuam
480 1660 592 1706 tuarum
610 1659 675 1706 uest
692 1653 773 1722 coeli,
800 1652 858 1722 ipsi
877 1652 1019 1722 peribunt,
1392 1618 1528 1676 MUNDI·

182 1747 212 1793 tu
230 1747 322 1794 autem
339 1739 597 1807 perseverabisetc.
611 1739 930 1804 monifesteoetendene‚
947 1754 1019 1809 qaae
1084 1741 1122 1791 10.
1161 1735 1254 1789 Cerceo
1273 1737 1400 1801 efficiens
1415 1739 1589 1808 principalis
1606 1738 1664 1796 sive
1677 1758 1764 1812 agens
1780 1742 1883 1813 prima·
1896 1756 1979 1800 auno

182 1827 247 1892 sint,
265 1842 336 1898 quae
349 1825 570 1894 praeterierunt,
585 1825 685 1893 etquis
703 1832 752 1891 eet,
766 1824 816 1892 qui
827 1841 939 1895 semper
954 1842 1019 1894 per-
1046 1821 1117 1875 rium
1135 1820 1164 1874 in
1183 1822 1279 1876 mundi
1295 1822 1482 1880 destructione
1490 1832 1534 1880 est
1552 1826 1612 1896 ipse
1624 1825 1710 1896 Deus,
1724 1828 1799 1900 quud
1820 1846 1883 1902 pro
1896 1810 1979 1902 mg

183 1922 291 1968 seomot
310 1915 390 1966 Deue
407 1931 467 1966 cum
487 1912 575 1966 seroie
594 1911 653 1964 ruis
666 1916 719 1966 etc.
743 1908 802 1965 Nos
820 1910 1021 1981 simplicissime
1047 1906 1130 1962 batur
1153 1913 1174 1964 1.
1191 1900 1358 1980 Sospitae
1370 1911 1461 1964 dictis
1490 1909 1593 1967 Psalm,
1614 1917 1672 1981 102,
1690 1931 1716 1970 ν.
1736 1912 1979 2006 27.Hebr.32112¹

182 2001 389 2074 respondemus,
414 1999 503 2069 primo
527 2015 563 2053 ne
588 1996 701 2068 quidem
725 1995 753 2050 in
776 1996 972 2052 sublunaribus
993 2004 1022 2052 et
1049 1999 1072 2062 1,
1086 2012 1111 2050 v.
1128 2000 1173 2050 ll:
1196 1993 1277 2049 Coeli
1292 1997 1366 2049 aaut
1383 1997 1571 2051 uestimentum
1590 2007 1767 2069 veterascent,
1785 2009 1812 2054 et
1831 2002 1884 2056 ric·

182 2088 310 2145 humanis
329 2084 456 2157 procedit
474 2082 528 2138 hoe
550 2086 754 2153 argumentum,
781 2081 856 2152 quod
881 2082 1020 2137 domicilio
1045 2088 1077 2132 ut
1096 2082 1285 2135 indumentum
1303 2082 1422 2136 mutabis
1442 2100 1488 2137 soe
1505 2092 1532 2138 et
1546 2085 1734 2142 mutabuntur.
1765 2086 1839 2143 Dan.
1859 2091 1885 2156 2,

182 2174 322 2232 dmtrncto
349 2171 433 2226 etiam
457 2174 554 2239 pereat
580 2167 729 2224 habitator.
772 2167 899 2224 Secundo
926 2170 1019 2222 Deum
1046 2183 1071 2220 v.
1090 2172 1136 2222 45:
1156 2168 1248 2237 Lepte
1266 2167 1326 2222 eine
1346 2169 1474 2223 manibus
1488 2170 1627 2225 abrasum
1655 2172 1792 2227 commit
1825 2174 1886 2238 ser·

183 2280 233 2316 nec
253 2260 339 2326 coelo,
353 2275 404 2311 nec
421 2265 498 2310 terra
516 2255 664 2323 contineri,
681 2255 733 2308 sed
749 2255 842 2309 coelos
853 2255 950 2325 palmo
967 2273 1019 2310 me·
1045 2271 1117 2321 rum,
1137 2271 1192 2323 aes,
1208 2261 1306 2307 testam
1326 2258 1377 2311 etc.
1412 2254 1506 2327 Hagg.
1526 2262 1552 2325 2,
1570 2274 1597 2312 v.
1616 2263 1631 2312 'l
1641 2273 1647 2313 :
1672 2258 1792 2313 Mooebo
1823 2278 1884 2316 coe·

182 2348 233 2403 tiri
252 2364 287 2401 ac
305 2344 396 2398 tribus
417 2341 516 2410 dipitie
534 2341 635 2395 molem
654 2349 747 2394 terrae
773 2343 936 2411 appendere
953 2340 1018 2396 Esa.
1046 2337 1104 2391 lum
1123 2348 1149 2394 et
1167 2348 1279 2395 terram.
1320 2346 1343 2396 1.
1362 2340 1425 2395 Cor.
1446 2346 1487 2407 15,
1505 2358 1531 2396 s.
1550 2347 1596 2398 tt:
1616 2343 1776 2399 Evacuobit
1801 2343 1976 2401 Certum

182 2441 223 2494 40,
250 2451 277 2487 v.
307 2436 344 2486 12.
371 2428 445 2484 unde
471 2433 589 2499 negetur
612 2444 697 2496 super
721 2434 826 2480 terram
846 2426 975 2482 habuere
994 2434 1018 2486 1.
1045 2434 1103 2479 stur
1117 2444 1223 2482 omnem
1236 2427 1432 2498 principatum
1457 2437 1484 2483 et
1504 2438 1673 2499 potestatem
1697 2440 1723 2486 et
1745 2433 1884 2490 virtutem.

183 2521 252 2592 Reg.
268 2524 291 2582 8,
305 2537 331 2572 v.
344 2522 385 2572 27.
401 2533 433 2570 eo
448 2514 556 2570 scilicet
569 2513 659 2582 modo,
678 2518 710 2567 nt
719 2513 894 2569 contineatur
906 2515 1019 2583 mundo,
1047 2517 1071 2566 2.
1089 2511 1164 2569 Patr.
1183 2519 1207 2579 3,
1228 2532 1252 2567 s.
1276 2519 1321 2571 12:
1341 2516 1399 2569 Per
1417 2518 1493 2570 diem
1512 2517 1633 2571 Domini
1649 2519 1722 2573 coeli
1739 2520 1803 2587 ipne
1821 2538 1884 2574 suc·

182 2607 255 2662 sicut
273 2605 355 2659 homo
375 2603 530 2658 continetur
551 2593 648 2655 domus
667 2616 734 2654 snae
751 2599 910 2656 habitaculo
929 2618 962 2656 ec
988 2608 1019 2656 nt
1045 2600 1123 2652 censi
1138 2601 1289 2670 solventur,
1314 2601 1343 2656 id
1367 2607 1409 2657 est
1432 2601 1461 2657 in
1486 2602 1634 2658 novissimo
1663 2603 1712 2658 illo
1735 2604 1781 2659 die
1804 2605 1884 2662 Deus

184 2693 220 2747 ad
240 2691 282 2746 sni
305 2688 492 2746 exsistentiam
516 2686 620 2741 mundo
643 2685 775 2758 indigeat.
799 2686 912 2741 additur
936 2688 1017 2754 enim,
1045 2685 1135 2741 coelos
1153 2686 1218 2758 igne
1238 2687 1378 2744 dissolvet.
1413 2688 1501 2758 Apoc.
1520 2694 1562 2751 20,
1581 2707 1606 2743 s.
1627 2695 1671 2745 ll:
1697 2691 1725 2744 A
1741 2693 1820 2757 socie
1842 2709 1884 2748 se-

184 2781 260 2851 quod
276 2776 349 2832 coeli
373 2775 514 2829 coelorum
539 2789 600 2826 eum
623 2791 680 2827 non
704 2774 818 2845 capiant
838 2777 863 2827 2.
880 2773 973 2831 Paral.
994 2780 1018 2838 2,
1046 2771 1136 2825 dentis
1153 2790 1240 2842 super
1258 2772 1387 2826 tironum
1404 2775 1480 2842 sapit
1506 2783 1584 2829 terra
1609 2783 1635 2829 et
1657 2777 1773 2834 coelam.
1817 2776 1884 2834 Huc

182 2885 207 2920 v.
228 2871 252 2921 6.
274 2882 296 2921 c.
315 2869 339 2927 0,
358 2881 384 2918 v.
406 2865 446 2917 18.
487 2859 582 2915 'l'ertio
605 2859 683 2914 Deua
706 2859 743 2914 eb
768 2866 880 2915 aeterno
906 2861 1019 2927 exstitit,
1044 2858 1184 2929 pertinent
1203 2857 1287 2914 etiam
1305 2858 1353 2913 ille
1374 2860 1534 2931 Scripturas
1549 2860 1631 2927 dicta,
1647 2861 1676 2916 in
1689 2861 1791 2934 quibus
1804 2863 1884 2920 Deus

184 2956 332 3022 antequam
353 2946 463 3004 coelum
480 2952 508 3001 et
531 2955 605 3002 terra
624 2951 784 3001 crearentur
801 2947 904 3003 Psalm.
923 2953 965 3012 00,
992 2966 1017 3003 v.
1046 2945 1149 3001 dicitur
1166 2945 1241 3013 ipnis
1260 2962 1423 3000 consumens
1441 2945 1555 3001 Denter.
1573 2954 1598 3012 t,
1617 2965 1643 3002 s.
1657 2953 1698 3005 24.
1737 2948 1822 3006 Hebr.
1844 2954 1884 3020 12,

185 3044 208 3095 2.
230 3038 310 3094 Prov.
328 3040 352 3099 8,
370 3053 396 3091 v.
411 3038 453 3090 22.
471 3038 523 3089 etc.
542 3049 608 3104 ergo
622 3032 705 3087 etiam
723 3033 863 3087 destructo
882 3033 951 3089 coeli
965 3040 1019 3089 ter·
1045 3049 1071 3086 v.
1092 3036 1132 3087 20.
1154 3031 1182 3085 in
1197 3030 1299 3103 quibus
1314 3031 1417 3087 dicitnr
1428 3034 1458 3087 in
1477 3035 1541 3102 ipne
1560 3035 1801 3103 adjudicandum
1817 3054 1884 3092 oen·

184 3140 287 3195 raeque
307 3119 418 3191 opificio
435 3119 464 3176 in
482 3126 625 3173 aeternum
643 3135 804 3189 permanere
824 3120 923 3191 potuit
963 3119 1018 3177 Sed
1045 3127 1125 3172 tetrus
1141 3117 1245 3176 Pselm.
1264 3123 1306 3186 50,
1325 3135 1351 3174 v.
1371 3123 1395 3174 3.
1413 3118 1478 3174 Esa.
1499 3123 1542 3179 60,
1562 3138 1587 3174 s.
1607 3125 1647 3176 15.
1666 3127 1718 3176 etc.
1732 3121 1798 3194 quia
1810 3122 1884 3196 ignis

184 3211 212 3265 in
229 3226 258 3264 re
278 3206 425 3263 manifesta
443 3205 570 3277 pluribus
590 3222 660 3276 opus
679 3222 734 3260 non
755 3211 804 3259 est.
847 3210 870 3260 3.
897 3208 924 3260 A
949 3207 1019 3260 divi·
1047 3204 1092 3259 ille
1110 3204 1204 3259 divina
1223 3207 1325 3260 virtute
1346 3204 1482 3261 excitatus
1507 3206 1599 3260 omnia
1624 3207 1746 3263 vastabit
1770 3214 1799 3265 et
1818 3226 1884 3266 con·

184 3314 239 3351 nae
265 3296 418 3351 voluntatis
447 3294 680 3347 immutabilitate.
721 3293 755 3347 st
777 3294 857 3346 Deus
886 3296 1019 3348 mundum
1045 3297 1144 3359 sumet,
1162 3290 1191 3344 in
1211 3290 1429 3362 quibuscoelum
1449 3301 1474 3346 et
1495 3294 1886 3352 terredicuntaroerboDei

184 3391 279 3453 utpote
307 3382 468 3445 aedificium
494 3398 512 3432 a
536 3397 566 3434 ee
585 3387 771 3434 constructum
790 3381 890 3433 iterum
911 3382 1019 3433 destro-
1046 3384 1288 3453 τεθησαυρισμένα
1306 3384 1353 3433 eal
1374 3386 1444 3454 aopi
1463 3376 1621 3457 τηρούμενα
1643 3387 1667 3441 2.
1685 3382 1761 3438 Petr.
1781 3389 1804 3452 3,
1816 3400 1843 3442 s.
1857 3390 1882 3440 ’1.

184 3477 250 3527 eret.
268 3470 399 3523 voluntas
417 3468 479 3536 ejus
495 3472 660 3531 mutaretur,
680 3484 714 3522 ue
733 3465 835 3518 cimilia
849 3467 1020 3520 essdarclsi-
1047 3464 1113 3536 quie
1136 3463 1190 3518 hoe
1213 3464 1367 3533 repositum
1389 3466 1419 3518 in
1445 3467 1503 3520 Dei
1526 3467 1666 3521 thesauris
1690 3468 1774 3524 Deut
1794 3474 1837 3539 32,
1855 3488 1882 3528 v.

184 3553 758 3625 tectodeetruenti,p1todaedifir·aeerat.
797 3551 1020 3622 Respondemus:
1047 3556 1088 3606 31.
1125 3556 1148 3608 2.
1167 3551 1348 3619 Argumentis
1368 3552 1394 3619 1)
1414 3571 1433 3606 a
1447 3554 1597 3623 primaeva
1616 3555 1766 3611 creatione.
1804 3556 1882 3614 ldem

185 3643 262 3697 Deus
283 3648 388 3696 utnon
406 3646 449 3696 est
466 3640 494 3695 in
512 3656 564 3694 sna
582 3639 702 3694 essentia
720 3655 753 3693 ac
773 3638 915 3694 voluntate
933 3646 1020 3694 muta·
1048 3637 1096 3708 qni
1117 3638 1146 3692 in
1166 3637 1302 3708 principio
1322 3638 1430 3694 coelum
1448 3648 1476 3694 et
1492 3646 1594 3695 terram
1620 3642 1754 3712 condidit,
1777 3642 1806 3697 in
1827 3644 1884 3700 line

185 3737 230 3784 tns
244 3747 299 3800 per
317 3728 418 3781 mundi
434 3728 613 3790 creationem,
632 3725 671 3779 ita
689 3741 799 3795 quoque
818 3743 874 3778 non
902 3725 1020 3780 mutabi·
1048 3724 1134 3779 seculi
1152 3724 1249 3778 eedem
1269 3724 1399 3783 destruet.
1433 3725 1534 3782 Psalm.
1556 3731 1611 3797 102,
1629 3744 1655 3781 s.
1674 3732 1722 3784 2οε
1744 3731 1835 3785 Initio
1854 3739 1884 3786 aa

185 3824 230 3871 tur
248 3834 301 3886 per
314 3814 413 3868 mundi
427 3813 649 3866 destructionem.
681 3810 832 3866 Constituit
850 3812 887 3867 ab
909 3820 1020 3867 aeterno
1052 3813 1173 3866 Domine
1193 3811 1329 3877 fundenti
1347 3820 1463 3879 terram,
1478 3820 1503 3867 et
1522 3831 1610 3883 opera
1628 3832 1758 3869 manuum
1770 3825 1884 3872 tuarum

186 3906 291 3956 certum
312 3900 393 3959 diem,
412 3898 441 3952 in
462 3913 516 3969 quo
540 3904 630 3952 totum
653 3896 706 3951 hoc
731 3898 889 3952 universum
915 3899 1021 3955 destru-
1047 3907 1112 3952 arsut
1128 3898 1208 3965 coeli,
1226 3915 1251 3953 u.
1269 3903 1311 3953 21.
1331 3900 1453 3953 mutabis
1465 3918 1512 3954 eor
1527 3909 1557 3954 ut
1569 3903 1766 3958 vestimentum.
1780 3901 1882 3961 aEsd

185 3993 282 4041 cturus
301 3993 351 4054 est,
369 3990 400 4038 nt
419 3984 579 4054 Scripturae
599 3981 713 4037 oracula
731 3987 877 4038 testantur.
914 3984 1020 4050 Quodsi
1048 3991 1072 4047 6,
1089 4002 1113 4039 s.
1133 3991 1163 4041 6:
1181 3985 1274 4039 Facta
1292 3993 1356 4039 aunt
1372 3989 1467 4041 omnia
1486 3996 1584 4041 creata
1597 4005 1650 4058 per
1674 4005 1717 4042 me
1740 3989 1833 4044 tolum
1856 3994 1883 4045 et

186 4090 252 4144 ergo
272 4089 327 4126 non
348 4071 510 4130 destrueret,
530 4068 559 4122 id
576 4072 618 4122 est
635 4069 658 4122 si
678 4087 734 4124 non
752 4067 866 4138 iaceret,
890 4071 964 4143 quod
990 4089 1019 4127 se
1046 4089 1101 4126 non
1112 4090 1168 4141 per
1186 4071 1281 4141 olium,
1299 4081 1326 4126 et
1337 4074 1407 4142 sinis
1421 4090 1477 4142 per
1495 4091 1537 4128 me
1549 4075 1639 4129 solum
1654 4083 1680 4129 et
1693 4093 1815 4147 noviper
1829 4074 1883 4133 eli·

186 4159 325 4214 lecturum
338 4156 527 4222 constituerat,
539 4160 597 4209 tum
610 4155 707 4225 ntique
721 4157 871 4211 voluntatis
883 4159 943 4228 ejus
957 4143 1100 4242 con-ium.
1139 4159 1165 4226 2)
1184 4159 1210 4211 A
1230 4167 1401 4213 mortuorum
1420 4162 1676 4214 resuscitationem
1700 4164 1817 4217 eatremi
1833 4164 1882 4233 ju·

186 4244 279 4299 silium
297 4250 457 4299 mutaretur.
503 4241 559 4296 Nec
581 4240 649 4295 vitio
672 4243 787 4295 vertitur
813 4241 973 4314 architecto,
997 4246 1021 4299 si
1047 4244 1118 4296 dicii
1135 4245 1388 4302 adoninietratione.
1428 4242 1457 4298 Is
1475 4245 1523 4316 qui
1543 4245 1710 4302 dormientes
1735 4263 1770 4304 ex
1792 4254 1882 4305 terrae

186 4331 341 4388 aedificium
367 4335 503 4385 vetustate
533 4328 659 4383 attritum
688 4345 721 4383 ac
743 4331 840 4384 ruinae
865 4332 1021 4402 proximum
1047 4329 1160 4401 pulvere
1178 4329 1355 4385 excitabitet
1373 4331 1563 4401 adjudicium
1582 4349 1630 4386 eos
1649 4332 1769 4405 vocabit,
1798 4336 1882 4391 etiam
1952 4398 1956 4406 ¹

187 4420 311 4475 destruat
330 4417 509 4488 ejusdemque
532 4415 593 4469 loco
617 4430 718 4468 novum
742 4415 824 4487 longe
849 4417 1021 4483 splendidius
1046 4417 1179 4472 mundum
1198 4423 1227 4471 et
1244 4417 1345 4485 omnis,
1366 4433 1438 4488 quae
1455 4417 1484 4471 in
1498 4434 1530 4471 eo
1550 4424 1624 4484 sunt,
1648 4419 1781 4476 abolebit.
1816 4420 1882 4477 Esa.

187 4512 215 4560 et
232 4506 378 4576 augustius
404 4504 501 4575 eriget.
537 4501 664 4559 Clemens
683 4501 824 4556 Romanus
841 4501 886 4557 lib.
909 4508 1019 4559 treco·
1046 4511 1088 4572 60,
1107 4522 1131 4557 v.
1151 4508 1193 4559 16:
1230 4503 1267 4556 In
1287 4507 1351 4572 ipne
1372 4506 1511 4559 Dominus
1523 4506 1669 4574 judicabit
1685 4515 1712 4560 et
1731 4509 1761 4562 in
1781 4508 1882 4580 plodio

187 4592 256 4664 gnit.
277 4589 385 4644 inducit
403 4589 541 4645 Simonem
559 4587 674 4659 Magum
694 4588 779 4642 Petro
807 4589 933 4659 apostolo
950 4592 1020 4662 ejus·
1046 4609 1096 4644 suo
1115 4592 1402 4658 odomnemearnem‚
1422 4599 1447 4644 et
1462 4591 1723 4660 asultipticotuntur
1741 4591 1885 4659 interfecti

188 4678 261 4734 modi
279 4676 434 4749 quaesitum
451 4682 664 4745 proponentem:
685 4675 719 4728 Si
737 4676 846 4729 visibile
865 4676 942 4730 istud
960 4694 1019 4731 coe·
1046 4697 1065 4731 a
1085 4678 1216 4732 Domino.
1250 4679 1278 4742 3)
1298 4679 1324 4729 A
1342 4685 1472 4731 secutura
1492 4680 1559 4730 noni
1575 4679 1647 4734 coeli
1668 4697 1702 4733 ac
1721 4697 1809 4735 novae
1829 4690 1882 4737 ter·

186 4766 253 4831 lam,
270 4772 300 4818 nt
320 4765 373 4828 aie,
393 4762 568 4826 dissolvetur,
588 4778 639 4815 cur
659 4762 695 4814 ab
719 4761 798 4815 initio
822 4765 931 4826 facttum
957 4767 1021 4818 est!
1047 4780 1098 4816 roe
1113 4765 1262 4819 creatione.
1281 4761 1308 4816 ls
1327 4762 1376 4835 qui
1396 4778 1469 4818 nova
1486 4763 1600 4832 creabit,
1618 4772 1713 4822 vetere
1732 4767 1816 4823 etiam
1835 4784 1883 4823 en·

187 4848 346 4920 Respondet
360 4848 465 4917 Petrus,
474 4855 592 4916 propter
609 4847 751 4900 lominum
761 4852 1021 4916 praesentembonc
1047 4850 1176 4922 liquebit.
1216 4850 1279 4907 Esa.
1299 4856 1340 4919 bt,
1359 4870 1385 4907 v.
1407 4856 1455 4907 tt:
1477 4852 1552 4907 Eece
1571 4870 1621 4922 epo
1642 4870 1705 4908 creo
1724 4854 1816 4910 coelos
1833 4873 1882 4911 no·

186 4940 296 5002 factum
314 4951 372 4988 esee
388 4935 483 4995 vitam,
501 4942 532 4987 ut
552 4941 622 4987 esset
646 4935 802 5002 interjectio
824 4938 964 5002 quaedam
987 4956 1022 4992 ac
1047 4945 1156 4993 roseto.
1183 4936 1243 4991 Erit
1261 4944 1354 4992 sutem
1374 4938 1442 4993 hoec
1460 4939 1556 4994 mundi
1574 4940 1726 4995 destructio
1740 4943 1815 4996 actio
1824 4938 1885 4996 Dei

188 5024 300 5092 divisio,
318 5039 352 5075 ne
369 5022 432 5091 quie
447 5022 525 5086 forte
549 5021 685 5088 indignus
708 5021 909 5074 habitationem
935 5024 1021 5077 coele·
1049 5023 1280 5077 extraordinaria
1299 5042 1334 5076 ac
1347 5024 1512 5094 compuleris,
1531 5025 1632 5096 quiasi
1644 5026 1802 5097 generalem
1818 5043 1881 5084 oau-

187 5112 270 5164 stium
293 5117 320 5163 et
337 5109 398 5161 Dei
419 5108 509 5177 ipsias
534 5109 627 5160 sedem
644 5107 760 5171 videret,
784 5123 856 5174 quae
881 5107 925 5159 lis
945 5109 1022 5176 solie,
1048 5125 1096 5163 see
1119 5109 1223 5178 primae
1247 5124 1411 5165 coneursum
1441 5111 1470 5165 in
1496 5110 1593 5166 mundi
1623 5113 1825 5168 sustentatione
1850 5131 1883 5170 ao

189 5196 238 5262 qui
257 5197 354 5249 mundi
371 5197 456 5248 corde
474 5201 545 5262 runt,
564 5193 689 5245 vr'denda
697 5202 919 5260 praeparantur.
939 5193 1020 5248 Exci·
1046 5193 1248 5266 gubernatione
1265 5195 1403 5265 respicere
1421 5196 1545 5266 velimus,
1560 5200 1643 5269 juxta
1666 5215 1730 5254 eum
1747 5207 1883 5270 perpetuo

188 5280 230 5350 pit
250 5279 356 5335 Simon:
378 5279 412 5333 Si
430 5279 559 5333 conditor
579 5278 665 5330 bonus
685 5286 725 5330 est
742 5286 767 5331 et
786 5282 907 5333 mundos
936 5280 1021 5333 bonos
1046 5281 1146 5335 durare
1172 5286 1266 5349 posset
1290 5282 1422 5351 mundus,
1453 5284 1501 5337 sed
1530 5285 1643 5354 qnando
1670 5285 1747 5339 Deus
1771 5302 1883 5342 manum

189 5374 236 5433 eet,
255 5369 393 5438 qrsomodo
413 5367 498 5419 bonta
522 5365 592 5417 lona
615 5363 746 5416 dissolvet
768 5365 949 5434 aliquando?
987 5365 1023 5420 Si
1045 5385 1123 5423 suam
1143 5368 1223 5438 qnasi
1243 5366 1388 5424 subtrahet
1406 5386 1440 5423 oo
1450 5370 1557 5435 faeiem
1569 5388 1650 5425 suam
1664 5381 1764 5426 evertet
1780 5372 1883 5431 Psalm.

189 5460 281 5505 autem
299 5453 382 5521 quasi
402 5452 507 5504 matum
531 5447 647 5503 resolvit
671 5465 704 5502 αα
727 5451 854 5519 destruit,
882 5454 1019 5520 orsoruodo
1050 5458 1106 5524 101,
1125 5470 1150 5509 v.
1173 5459 1298 5511 2010οα
1318 5461 1408 5512 totum
1424 5455 1519 5511 mundi
1537 5457 1695 5515 aedilicium
1720 5458 1883 5532 collabetur,
