4050 6014
714 280 766 335 DE
783 279 1113 340 CONSUMMATIONE
1130 281 1276 341 SECULI.
1769 295 1824 351 191

137 435 262 485 catorum
282 430 415 488 violentia
430 439 459 488 et
475 433 583 505 piorum
611 436 754 506 patientia.
790 437 969 493 calamitates
998 453 1022 496 v.
1042 441 1066 494 8.
1085 456 1120 492 ao
1136 440 1259 509 proinde
1276 438 1394 494 rers'tnti
1409 439 1607 493 vaticiniorum
1620 441 1656 493 de
1669 441 1727 507 fine
1740 440 1831 493 aredi

135 516 244 586 piorum
264 535 318 572 non
338 518 391 573 nisi
409 520 438 573 in
456 519 538 592 hujus
558 522 633 577 vitae
649 522 800 579 finefinem
821 524 969 594 accipiunt,
992 526 1121 593 proeium
1148 527 1268 580 instante
1291 544 1346 595 per
1372 527 1536 595 hypothesin
1566 526 1721 580 chiliastici
1747 527 1830 596 repni

136 602 223 672 Apoc.
244 608 269 667 2,
290 622 314 660 v.
336 611 380 661 lo:
416 608 486 660 Esto
509 609 604 673 fidelia
628 627 713 678 usqne
737 613 778 664 nd
800 618 924 677 mortem,
943 615 969 661 et
996 611 1069 664 nihil
1095 613 1242 680 decedere,
1271 612 1337 682 quia
1363 611 1556 682 propinquitas
1589 612 1638 667 illa
1665 628 1720 666 non
1747 613 1828 666 aesti-

136 689 210 742 slnho
229 690 281 742 tibi
297 709 428 745 coronam
447 694 530 762 ritae,
550 695 623 751 unde
640 713 704 765 spes
716 696 852 751 duntaxat
869 694 969 750 salutis
997 703 1087 751 matur
1104 704 1232 768 respectu
1250 698 1354 752 aeterni
1371 699 1437 765 Dei,
1455 697 1504 753 sed
1522 703 1649 768 respectu
1674 700 1773 766 nostri,
1798 704 1829 752 ut

134 774 189 843 piis
208 775 236 828 in
257 776 310 831 hac
327 779 386 832 vita
404 781 580 849 promittitur,
605 799 652 836 res
676 799 742 838 vero
766 782 876 837 futurae
895 782 969 835 vitae
997 782 1136 853 colligitur
1160 800 1193 838 ex
1224 785 1297 838 dicto
1322 783 1425 839 Christi
1448 784 1548 843 hiatth.
1573 790 1620 852 24,
1645 802 1669 841 v.
1695 790 1742 840 32:
1783 785 1829 838 Ab

134 869 291 917 reservatur
315 863 395 920 Rom.
416 872 444 931 8,
461 885 485 922 v.
504 873 545 925 24.
571 872 595 923 2.
615 869 675 924 Cor,
696 878 727 934 5,
750 888 775 924 v.
796 876 818 925 7.
854 867 888 922 In
911 867 969 920 rita
997 869 1098 922 arbore
1114 872 1163 934 rici
1182 871 1282 924 discite
1297 872 1552 940 parobolam‚cnrn
1568 872 1630 939 jam
1647 890 1745 924 ramas
1766 872 1828 941 ejas

134 954 247 1004 aeterna
265 951 375 1007 demum
394 960 538 1023 peccatum
556 961 585 1009 et
613 973 707 1010 omnes
726 956 835 1027 peccati
854 970 968 1025 poenae,
996 955 1088 1019 fuerit
1106 963 1184 1010 tener
1203 965 1229 1010 et
1251 958 1329 1020 folin
1352 966 1431 1025 nota,
1448 958 1536 1021 scitia,
1562 959 1630 1025 qaia
1656 959 1687 1010 in
1708 958 1826 1027 propin·

135 1049 208 1087 mors
229 1042 258 1090 et
274 1039 367 1094 omnia
385 1040 460 1095 mala
477 1042 590 1111 penitus
608 1041 793 1097 abolebuntur
813 1048 836 1097 2.
854 1042 928 1096 Petr.
944 1045 967 1108 3,
995 1056 1049 1107 qao
1069 1048 1109 1095 est
1128 1051 1241 1109 aestar;
1257 1059 1283 1100 v.
1298 1048 1339 1099 33.
1356 1044 1397 1097 ita
1417 1052 1443 1097 et
1462 1062 1519 1111 vos,
1537 1061 1600 1096 enm
1614 1044 1741 1097 videritne
1760 1043 1828 1095 hoec

134 1138 158 1173 v.
179 1128 218 1176 13.
239 1125 342 1181 t.Cor.
363 1131 402 1191 15,
424 1145 450 1184 v.
473 1134 513 1183 54.
532 1128 619 1199 Apoc.
639 1133 680 1197 21,
700 1146 724 1186 r.
743 1136 773 1198 ⁴3
792 1128 968 1184 inhaerere
995 1128 1098 1193 onnia,
1121 1130 1225 1194 emoto,
1245 1131 1313 1199 quia
1328 1146 1421 1199 prope
1446 1139 1485 1184 est
1514 1132 1544 1184 in
1566 1131 1673 1197 innuis.
1709 1128 1827 1195 Quando

133 1207 191 1262 vita
212 1212 316 1264 renatis
335 1228 398 1266 cum
415 1220 539 1286 peceato,
560 1215 672 1277 Satana,
696 1214 809 1282 mundo,
830 1219 917 1268 morte
940 1217 968 1267 et
994 1211 1063 1267 ficus
1080 1215 1220 1284 protrudit
1236 1215 1304 1270 iolla
1321 1222 1349 1271 et
1371 1233 1489 1287 grossos,
1516 1216 1544 1270 in
1568 1216 1724 1287 propinquo
1750 1215 1829 1270 adest

133 1293 218 1348 variis
236 1297 451 1353 adversitatibus
477 1300 567 1355 adhuc
588 1301 794 1356 colluctandum
817 1308 887 1355 teste
906 1298 966 1353 uni·
995 1305 1097 1369 aestas,
1113 1302 1153 1357 sic
1174 1303 1366 1371 praesentibus
1391 1304 1479 1374 signis
1503 1320 1521 1357 a
1546 1302 1654 1359 Christo
1678 1301 1828 1373 praedictis

133 1397 213 1436 versa
234 1381 387 1455 Scriptura.
429 1387 493 1441 Huc
516 1388 656 1457 pertinent
678 1388 838 1459 parabolae
867 1385 967 1440 saesa-
994 1383 1057 1439 finis
1075 1388 1172 1442 mnndi
1189 1390 1313 1459 proxime
1332 1389 1426 1445 instat.
1462 1389 1593 1455 Quamvis
1614 1405 1680 1460 ergo
1700 1394 1827 1459 respectu

134 1470 210 1538 toris,
230 1487 302 1542 quae
320 1473 469 1528 ostendunt
488 1474 646 1529 mixtionem
671 1474 804 1529 bonorum
829 1481 858 1527 et
882 1471 967 1526 malo·
995 1474 1135 1544 signorum
1162 1491 1177 1529 e
1201 1475 1351 1548 longinquo
1374 1474 1457 1532 finem
1483 1476 1579 1531 mundi
1605 1475 1827 1531 antecedentium

133 1571 193 1608 rum
209 1556 238 1608 in
257 1557 374 1613 ecclesia
389 1577 597 1630 permansurum
615 1578 704 1633 usque
723 1561 759 1618 ad
778 1560 850 1615 diem
867 1558 967 1629 judicii
995 1562 1120 1631 exceptio
1143 1562 1194 1616 illa
1219 1563 1310 1617 locum
1335 1563 1438 1619 babere
1454 1563 1553 1634 possit,
1577 1568 1670 1618 tamen
1700 1567 1827 1633 respectu

133 1645 161 1694 et
177 1644 440 1700 consummationem
464 1647 559 1718 seculi,
578 1647 677 1715 Matth,
697 1653 736 1713 13,
757 1664 782 1699 r.
802 1652 843 1703 30.
864 1651 905 1702 33.
925 1651 966 1701 49.
995 1647 1225 1718 propinquorum,
1250 1648 1470 1704 immediatorum
1501 1667 1534 1704 ac
1561 1650 1745 1721 proximorum
1773 1648 1827 1718 sig·

132 1741 156 1779 c.
174 1732 216 1792 25,
231 1746 257 1782 ν.
278 1735 319 1787 32.
355 1730 442 1803 Atqui
462 1734 484 1786 si
504 1733 580 1789 mille
605 1734 686 1788 annis
708 1739 773 1788 ante
797 1732 882 1788 seculi
903 1749 967 1787 con·
995 1749 1091 1786 norum
1111 1751 1167 1789 non
1185 1742 1277 1806 potest
1294 1735 1413 1792 admitti.
1443 1736 1528 1792 Adde
1548 1737 1622 1808 quod
1642 1752 1675 1792 ex
1688 1735 1743 1790 illis
1760 1734 1827 1805 ipsis

134 1816 345 1872 summationem
363 1819 480 1874 ecclesia
494 1821 576 1875 meris
593 1820 699 1876 deliciis
717 1837 750 1874 ac
767 1818 966 1890 voluptatibus,
993 1817 1080 1890 signis
1098 1837 1116 1875 a
1133 1819 1243 1877 Christo
1261 1829 1290 1877 et
1308 1823 1439 1894 apostolis
1457 1824 1487 1877 iu
1510 1822 1653 1893 Scriptura
1679 1821 1827 1893 praedietis

132 1900 275 1957 exstinctis
305 1904 433 1960 omnibus
462 1905 568 1978 impiis,
598 1907 627 1961 in
660 1914 771 1978 sperato
798 1907 850 1962 illo
880 1922 966 1976 regno
994 1905 1135 1962 evidenter
1154 1909 1308 1979 colligatur,
1329 1915 1432 1965 statum
1444 1910 1655 1965 novissimorum
1672 1917 1826 1980 temporum

131 1985 286 2045 chiliastico
309 2000 382 2048 esset
400 1993 578 2063 perfruitura,
597 1994 733 2066 quomodo
752 1992 898 2065 permixtio
918 1991 965 2047 bo·
993 1991 1051 2047 fore
1073 1992 1156 2066 longa
1180 1996 1376 2063 miserrimum,
1400 1997 1577 2052 invalituram
1606 1996 1694 2051 omnis
1718 1995 1827 2067 generis

131 2089 228 2130 norum
247 2083 274 2131 et
292 2077 427 2134 malorum
446 2097 535 2151 nsque
555 2080 591 2136 ad
606 2080 868 2136 consummationem
880 2079 965 2134 seculi
992 2077 1162 2148 impietatem
1189 2087 1217 2135 et
1239 2083 1430 2153 securitatem,
1458 2101 1602 2154 pressuras
1627 2088 1658 2137 et
1683 2081 1827 2152 angustias

56 2176 118 2217 .1ls.
131 2163 326 2229 permaneret?
356 2166 493 2236 quomodo
517 2166 637 2223 ecclesia
659 2167 713 2222 sub
738 2184 820 2223 cruce
843 2171 966 2238 gemeret
992 2165 1028 2218 ad
1063 2184 1200 2223 summum
1230 2186 1318 2241 usque
1350 2171 1468 2241 gradum
1500 2175 1697 2241 perventuras,
1734 2174 1766 2222 ut
1798 2166 1827 2220 in

132 2262 219 2317 usque
245 2249 281 2303 ad
311 2253 406 2308 mundi
433 2251 536 2308 finem?
562 2254 700 2325 quomodo
733 2253 773 2325 pii
802 2269 853 2324 per
879 2258 965 2307 totam
993 2268 1081 2320 praec.
1105 2259 1183 2312 tract.
1207 2261 1230 2322 1.
1249 2261 1290 2312 88.
1316 2255 1371 2310 fuit
1398 2257 1622 2311 demonstratum.
1659 2255 1699 2308 At
1723 2255 1746 2307 si
1763 2261 1828 2308 ante

131 2332 216 2388 vitam
251 2336 303 2391 sub
329 2339 465 2409 pressuris
496 2348 589 2396 essent
620 2340 784 2398 constituti?
831 2339 966 2404 Breviter,
992 2339 1089 2395 mundi
1106 2339 1188 2396 finem
1206 2348 1263 2397 tam
1282 2349 1399 2414 pacatus
1420 2351 1448 2400 et
1462 2344 1571 2415 quietus
1586 2342 1614 2395 in
1632 2342 1712 2397 terris
1730 2346 1827 2405 status,

131 2420 314 2480 chiliasticum
332 2443 448 2498 regnum
466 2434 515 2483 aut
539 2429 575 2483 ad
602 2444 742 2498 praesens,
766 2434 816 2482 aut
837 2427 873 2482 ad
891 2425 965 2481 iutu-
993 2426 1103 2495 qualem
1131 2427 1282 2483 chiliastae
1317 2429 1397 2483 nobis
1423 2428 1593 2498 describunt,
1618 2433 1691 2482 esset
1714 2442 1826 2497 speran-

131 2524 192 2563 rum
212 2511 335 2567 seculum
352 2513 480 2584 pertinet.
516 2514 598 2569 Prius
624 2513 679 2569 dici
703 2513 808 2585 nequit,
834 2513 901 2584 quia
919 2511 966 2566 de·
994 2512 1059 2578 dus,
1085 2514 1223 2584 quomodo
1247 2514 1422 2570 tristissimae
1445 2515 1509 2570 illae
1531 2516 1663 2586 querelae
1687 2530 1721 2568 ae
1747 2529 1827 2583 prae·

132 2598 243 2668 scriptio
263 2599 323 2669 ejus
338 2616 394 2655 nou
408 2591 536 2657 convenit
552 2619 616 2657 cum
634 2601 742 2671 piorum
759 2600 788 2655 in
804 2599 856 2655 hoc
873 2598 967 2654 seculo
993 2598 1127 2655 dictiones
1143 2600 1267 2655 seriis
1287 2600 1371 2656 robur
1390 2600 1566 2657 obtinerent?
1594 2601 1673 2656 Sicut
1692 2600 1828 2655 diluvium

131 2684 307 2756 conditione,
325 2687 462 2757 posterius
479 2687 576 2744 itidem
595 2687 650 2742 dici
675 2687 780 2758 nequit,
806 2686 874 2758 quia
891 2685 966 2740 iutu-
992 2685 1148 2741 immediate
1160 2687 1311 2757 praecessit
1328 2689 1453 2759 proJeeta
1465 2687 1608 2742 hominum
1628 2687 1743 2752 malitia,
1756 2687 1828 2741 sicut

132 2788 192 2826 rum
212 2772 337 2828 seculum
354 2792 409 2830 non
429 2774 505 2830 mille
523 2791 658 2831 annonem
671 2773 788 2830 termino
806 2772 965 2839 includitur,
993 2771 1181 2828 Israelitarum
1203 2792 1236 2830 ex
1255 2776 1388 2847 Aegypto
1406 2774 1597 2830 liberationem
1618 2779 1828 2829 antecesserunt

132 2859 181 2914 sed
198 2865 241 2915 est
251 2867 393 2917 aeternum
407 2869 434 2918 et
451 2862 664 2918 interminatum.
689 2860 718 2917 Si
731 2860 859 2932 excipere
871 2859 965 2928 velint,
992 2875 1091 2929 graves
1105 2877 1257 2931 pressurae,
1271 2861 1344 2917 sicut
1352 2867 1463 2932 partum
1473 2860 1703 2932 antegrediuntur
1716 2859 1829 2925 ὠδῖνες,
1841 2881 1885 2924 xx.
1900 2880 1945 2922 115.

131 2946 324 3002 mensorium
349 2947 430 3003 illurn
459 2948 660 3017 quietissimam
686 2964 745 3003 ease
772 2946 965 3002 intermedium
992 2946 1032 3000 ita
1051 2947 1314 3004 consummationem
1337 2948 1424 3004 seculi
1448 2963 1593 3019 pressurae
1616 2947 1750 3018 gentium,
1779 2964 1826 3001 an·

132 3034 270 3099 ostendam
289 3042 393 3088 etatum
411 3036 484 3089 inter
502 3035 624 3089 swnlnrn
633 3050 773 3104 praesens
785 3041 812 3088 et
827 3034 964 3099 saturam,
993 3031 1108 3087 xietates
1126 3034 1269 3101 cordium,
1287 3034 1512 3090 antichristianae
1536 3034 1757 3105 persecutiones,
1783 3051 1826 3089 ex·

132 3119 297 3188 opponimus
311 3120 365 3175 illis
378 3120 564 3177 immediatam
577 3120 865 3192 oppositioneminter
877 3133 965 3189 prae·
994 3125 1083 3174 trema
1099 3119 1241 3176 hominum
1260 3122 1443 3176 securitas-ao
1461 3122 1547 3176 totius
1566 3129 1680 3176 naturae
1699 3119 1827 3192 gemitus,

132 3221 196 3259 sens
225 3214 252 3260 et
281 3207 411 3271 intumos
437 3209 575 3278 secutam,
607 3224 678 3280 quae
706 3207 905 3279 cogitationem
933 3205 968 3260 de
993 3220 1049 3259 non
1075 3211 1168 3261 autem
1195 3206 1378 3262 chiliasticum
1406 3206 1519 3280 aliquod
1547 3224 1678 3278 regnum,
1710 3205 1740 3260 in
1772 3221 1827 3276 quo

132 3297 208 3347 statu
233 3292 353 3364 quodam
379 3291 542 3350 intermedio
567 3309 680 3365 prorsus
706 3294 843 3363 excludit,
868 3292 967 3349 Matth.
995 3291 1095 3347 deletis
1112 3292 1205 3365 impiis
1217 3293 1336 3365 justitia,
1349 3293 1538 3365 tranquillitas
1556 3294 1719 3349 etomnium
1735 3308 1828 3347 rerum

134 3383 174 3443 12,
191 3395 217 3434 a.
236 3384 277 3435 32.
994 3379 1074 3448 copia
1094 3380 1196 3451 rigeat,
1213 3380 1367 3436 anoecedet.
1402 3378 1514 3435 Vanum
1541 3381 1655 3451 proinde
1677 3385 1719 3434 est
1738 3378 1828 3433 suavi·

73 3466 118 3556 ⁴2¹0}
167 3470 208 3521 83.
241 3473 266 3523 3.
288 3469 316 3520 Α
344 3468 404 3522 diei
432 3469 579 3523 monensi
603 3467 891 3538 appropinquatione.
939 3466 968 3524 Si
995 3465 1046 3520 bus
1073 3466 1187 3521 somniis
1214 3466 1248 3521 do
1273 3466 1355 3522 heato
1373 3467 1493 3537 quodam
1519 3468 1548 3521 in
1573 3467 1615 3521 his
1641 3466 1720 3522 terris
1738 3465 1827 3520 mille·

56 3528 118 3617 ibii-
131 3551 208 3608 mille
231 3553 313 3623 anni,
339 3554 440 3625 quibus
466 3552 593 3609 Chxistus
622 3554 650 3609 in
677 3555 757 3610 terris
780 3571 843 3610 cum
862 3554 919 3608 suis
939 3552 966 3607 in
994 3552 1072 3608 nario
1098 3552 1190 3608 adhuc
1218 3553 1402 3623 exspectando
1426 3570 1487 3608 sese
1507 3552 1661 3617 oblectare,
1688 3568 1720 3607 ae
1744 3551 1826 3623 louge

59 3620 117 3661 ¹⁰⁰⁸·
132 3639 207 3694 omni
224 3639 358 3696 bonorum
379 3641 551 3697 abundantia
576 3642 678 3700 dicitur
700 3646 875 3713 regnaturus,
899 3658 966 3695 non·
994 3638 1147 3694 consultius
1171 3639 1207 3693 ad
1230 3637 1332 3694 Christi
1357 3639 1507 3695 adrentum
1530 3640 1654 3711 proxime
1677 3639 1825 3693 instantem

131 3725 196 3780 dum
228 3732 294 3783 sunt
321 3727 456 3793 inchoati,
487 3727 589 3783 nedum
617 3727 703 3792 finiti,
729 3727 869 3800 sequitur,
894 3725 967 3782 ultra
993 3731 1022 3780 ot
1037 3725 1176 3796 judicium
1190 3731 1342 3780 extremum
1366 3724 1442 3781 brevi
1466 3731 1626 3781 secuturum
1649 3741 1716 3779 vera
1732 3722 1827 3794 poeni·

131 3812 207 3868 mille
229 3831 316 3871 annos
341 3821 436 3871 nostra
465 3821 630 3886 temperas
653 3814 699 3869 die
719 3813 821 3884 judicii
853 3819 881 3870 et
903 3829 966 3868 con·
993 3812 1093 3878 tentia,
1112 3811 1182 3877 fide,
1208 3810 1354 3882 precibus,
1379 3812 1472 3867 studio
1496 3812 1608 3882 pietatis
1635 3828 1669 3867 ac
1694 3808 1829 3881 patientia

131 3900 315 3957 summatione
332 3902 418 3958 seculi
438 3901 530 3958 adhuc
547 3902 659 3957 distare,
686 3900 770 3955 Ratio
789 3899 967 3955 connexionis
994 3916 1054 3954 sess
1072 3914 1246 3970 praeparare.

133 3996 176 4043 est
201 3989 361 4054 manifesta,
384 3989 451 4061 quia
470 3994 536 4045 aute
557 3986 657 4060 judicii
685 3987 758 4043 diem
785 3986 967 4042 chiliasticum
1029 3992 1070 4042 34.
1106 3993 1130 4042 4.
1159 3987 1206 4040 En
1235 3981 1419 4041 anhatanticti
1447 3987 1547 4040 mnndi
1570 3985 1686 4039 interitu
1717 4002 1752 4038 ar
1782 3985 1828 4036 de·
1841 4002 1862 4041 s.
1877 3999 1909 4040 nx
1923 4000 1976 4039 ruo-

132 4073 203 4129 illnd
227 4093 343 4148 regnum
360 4076 452 4131 adhuc
479 4075 666 4131 inchoandum
684 4081 713 4130 et
738 4074 890 4130 finiendum
908 4088 968 4129 esse
994 4074 1154 4128 structione.
1190 4072 1223 4128 In
1247 4073 1369 4130 secundo
1397 4071 1499 4128 Christi
1525 4072 1647 4127 adventu
1672 4070 1780 4125 coelum
1804 4077 1829 4123 et
1842 4051 1970 4143 ffif'}„‚

133 4165 266 4219 statuunt
308 4162 487 4235 Consequens
512 4168 651 4235 repugnat
678 4167 737 4216 tum
765 4161 847 4216 dietis
872 4160 969 4231 Scrip·
995 4169 1073 4214 terro
1092 4160 1251 4213 transibant
1269 4167 1295 4213 et
1312 4177 1331 4213 n
1348 4159 1428 4223 faeie
1447 4160 1572 4213 sedentis
1589 4176 1674 4227 snper
1699 4157 1829 4210 thronum
1842 4154 1980 4246 maffia

132 4254 222 4320 turae,
243 4265 315 4320 quae
331 4249 428 4305 mundi
444 4248 527 4304 finem
548 4251 578 4303 in
591 4249 755 4318 propinquo
780 4263 840 4304 esse
865 4252 967 4302 testam
994 4248 1037 4301 ita
1054 4247 1172 4317 sapient,
1199 4254 1229 4299 at
1252 4246 1331 4300 loona
1356 4246 1417 4300 illio
1442 4264 1498 4301 non
1523 4245 1647 4314 amplius
1670 4243 1830 4297 inveniatur
1843 4269 1880 4298 ns.

132 4339 187 4400 tur,
209 4340 231 4389 1.
254 4333 315 4390 Cor.
339 4342 378 4405 10,
397 4353 424 4390 v.
445 4342 485 4394 11.
511 4343 534 4394 1.
552 4335 626 4392 Petr.
646 4341 672 4403 4,
690 4352 714 4392 v,
735 4343 758 4392 i.
777 4333 839 4391 lac.
860 4340 885 4403 5,
901 4351 924 4388 v.
944 4337 967 4388 8.
995 4334 1083 4405 Apoc.
1104 4340 1145 4400 20,
1164 4350 1191 4393 v.
1212 4338 1252 4388 11.
1291 4332 1412 4396 Quando
1428 4333 1561 4386 ridebant
1584 4331 1693 4385 Filium
1711 4328 1829 4383 hominis

136 4424 158 4474 1.
181 4419 245 4476 Joh.
265 4426 297 4489 2,
324 4440 349 4477 r.
371 4428 408 4479 18.
432 4423 520 4494 Apoc.
539 4427 571 4490 6,
590 4438 615 4478 r.
638 4426 677 4476 11.
701 4426 761 4475 tum
784 4419 875 4489 signis
899 4418 968 4483 illia,
993 4422 1144 4476 venientem
1165 4419 1194 4472 in
1214 4419 1333 4473 nobitas
1351 4419 1425 4473 coeli
1442 4435 1503 4471 cnm
1528 4418 1629 4470 oirtnte
1653 4415 1751 4485 malta,
1768 4431 1828 4468 eoe-

134 4524 207 4578 quae
227 4508 323 4563 mundi
340 4508 424 4564 finem
441 4509 566 4580 proxime
583 4514 793 4563 antecessurae
812 4505 922 4562 Christo
940 4511 969 4560 et
995 4508 1052 4560 inm
1080 4515 1107 4561 st
1132 4513 1211 4560 terra
1235 4507 1394 4560 transibunt
1417 4503 1514 4559 Mattla
1539 4509 1585 4570 24,
1611 4520 1638 4560 r.
1664 4507 1706 4558 30.
1734 4509 1762 4557 et
1786 4506 1827 4557 33.

132 4595 265 4665 apostolis
284 4603 349 4652 sunt
367 4595 519 4667 praedicta,
547 4595 645 4651 Mutth.
662 4601 704 4652 24.
728 4594 813 4649 Marc.
836 4598 875 4649 13.
900 4591 967 4647 Luc.
995 4592 1107 4664 quando
1127 4593 1189 4647 dies
1211 4591 1332 4646 Domini
1356 4591 1494 4655 adveniet,
1518 4588 1547 4643 id
1573 4595 1615 4644 est
1640 4588 1752 4660 quando
1772 4588 1828 4643 Do·

134 4686 174 4735 21.
201 4687 224 4739 l.
242 4681 339 4740 Thess.
359 4691 382 4739 5.
411 4687 435 4740 2.
456 4682 553 4737 Thess.
573 4687 598 4740 2.
627 4689 648 4738 1.
667 4679 739 4735 tim.
760 4685 783 4735 4.
808 4683 832 4734 2.
848 4678 924 4735 Petr.
944 4684 968 4733 2.
995 4678 1087 4733 minus
1108 4694 1123 4732 e
1146 4678 1225 4733 coelo
1251 4677 1392 4747 adveniet,
1416 4682 1482 4731 tunc
1509 4675 1582 4730 coeli
1598 4693 1700 4744 magno
1725 4674 1828 4744 impetn

134 4784 251 4839 quornm
268 4768 401 4841 pleraque
420 4767 464 4823 vel
478 4767 606 4839 jamdum
624 4766 744 4838 impleta,
769 4765 814 4821 vel
832 4765 862 4820 in
881 4764 968 4835 ipsius
995 4765 1155 4819 transibant
1175 4769 1199 4820 2.
1218 4764 1291 4819 Petr.
1314 4769 1337 4829 3,
1355 4782 1380 4818 v.
1405 4770 1444 4819 1o.
1466 4762 1640 4819 Transibunt
1660 4766 1753 4818 autem
1772 4776 1829 4814 non

135 4855 331 4926 complementi
359 4854 435 4932 ἀκμῇ
458 4861 610 4913 versantur.
647 4853 749 4910 Confer
770 4869 817 4918 ea,
843 4867 914 4924 quae
939 4850 968 4905 in
995 4869 1045 4921 per
1062 4851 1269 4907 renovationem
1286 4867 1318 4905 ac
1342 4850 1508 4922 qualitatum
1533 4849 1760 4915 immutationem,
1779 4845 1828 4902 sed

135 4942 311 5013 praecedenti
340 4949 460 4999 tracmu
492 4942 527 4996 de
555 4941 611 4996 illis
641 4940 727 5013 signis
756 4940 844 5002 dicte,
876 4944 910 4993 ut
941 4944 970 4994 et
996 4955 1045 5009 per
1062 4938 1271 4994 substantialem
1284 4937 1471 5006 abolitionem,
1490 4944 1521 4993 ut
1534 4937 1617 5009 paulo
1635 4943 1699 4993 ante
1717 4934 1828 4990 demon·

136 5029 350 5086 Chanmannum
385 5027 594 5100 Flinspachinm
621 5027 649 5083 in
688 5033 797 5083 tractat.
834 5025 869 5081 de
904 5041 967 5080 con·
996 5025 1150 5081 stravimus.
1186 5024 1261 5096 Ergo
1278 5023 1404 5080 Christus
1429 5031 1493 5095 post
1516 5041 1596 5080 suum
1620 5021 1737 5079 ecoelis
1756 5020 1828 5076 redi-

132 5117 249 5188 jecturis
276 5122 459 5172 extremorum
486 5122 653 5185 temporum,
679 5114 839 5185 Philippum
859 5111 968 5168 Nicolai
997 5118 1056 5167 tum
1074 5129 1131 5167 non
1148 5111 1277 5183 regnabit
1300 5112 1329 5166 iu
1355 5116 1430 5166 terra
1455 5111 1529 5166 mille
1554 5109 1645 5179 aunis,
1667 5108 1735 5164 alias
1755 5107 1829 5163 enim

136 5204 229 5262 libi.
252 5204 287 5259 de
315 5220 401 5274 regno
428 5200 529 5257 Christi
556 5208 585 5255 et
612 5200 694 5268 alios,
724 5201 772 5273 qui
804 5199 968 5271 prudentem
996 5206 1072 5256 terra
1099 5197 1211 5254 deberet
1239 5204 1378 5270 superstes
1413 5214 1531 5255 manere.
1575 5198 1638 5256 Non
1666 5204 1721 5261 est,
1753 5195 1828 5267 quod

136 5297 292 5347 nostrornm
324 5299 479 5360 temporum
509 5287 683 5343 collationem
714 5305 777 5343 cum
809 5286 911 5341 Christi
943 5294 971 5343 et
998 5286 1145 5357 excipiant,
1158 5285 1385 5354 dntinpnendnm
1400 5303 1458 5341 osae
1473 5285 1547 5340 inter
1561 5287 1708 5340 aduentsnn
1723 5283 1831 5340 Christi

138 5378 327 5450 apostolorum
356 5377 391 5432 de
422 5374 478 5430 fine
506 5374 591 5429 seculi
619 5373 756 5429 vaticiniis
782 5374 969 5431 instituerunt.
997 5376 1037 5426 ad
1054 5389 1170 5442 repnnm
1188 5372 1380 5426 millenarium
1405 5381 1430 5427 et
1449 5372 1645 5443 adjudicium
1671 5378 1829 5440 extremam,

138 5464 199 5523 Non
218 5470 272 5531 est,
293 5463 367 5536 qnod
388 5463 541 5534 excipiant,
568 5461 646 5516 mitte
671 5479 761 5516 annos
784 5479 881 5516 eoram
907 5464 971 5516 Deo
997 5461 1027 5514 in
1052 5458 1214 5529 posteriore
1240 5460 1348 5514 demum
1376 5462 1498 5516 advenn
1528 5462 1636 5516 eoelum
1661 5476 1694 5513 nc
1723 5467 1829 5512 terrain

137 5567 195 5605 esse
220 5552 292 5605 sient
316 5552 391 5604 diem
417 5566 502 5603 renum
522 5548 623 5605 Psalm.
646 5553 688 5613 90,
712 5564 737 5600 v.
757 5553 782 5602 4.
809 5554 834 5604 1.
851 5549 927 5603 Petr.
946 5554 970 5611 3,
998 5563 1057 5601 erae
1084 5547 1233 5603 abolendo.
1278 5545 1420 5616 Scriptura
1450 5547 1524 5603 eninr
1552 5564 1608 5603 uon
1634 5545 1688 5601 nisi
1717 5545 1829 5599 unicum
