4050 6014
203 307 242 362 44
856 289 1273 349 sescsssussuemus

204 451 317 518 tantm,
340 449 462 519 majoris
478 449 662 518 perfeetionis
682 449 776 503 sancti
794 455 947 517 martyres,
969 446 1036 500 reli·
1065 453 1096 501 ut
1115 445 1217 500 latere
1239 461 1346 513 corpus
1367 452 1519 499 assumtum
1537 447 1653 513 aspele,
1678 448 1747 516 quta
1773 464 1829 500 non
1852 457 1911 502 ute·

203 536 289 603 picei,
307 536 357 604 peti
374 535 469 589 omnio
485 534 671 602 reliquerunt,
697 534 873 588 discludunt
891 532 993 586 esaar
1011 539 1037 584 et
1063 532 1148 585 botre·
1178 530 1237 584 cita
1264 530 1396 585 cninwls‘.
1449 529 1674 600 Respondemus:
1708 538 1730 588 1.
1748 533 1848 588 Matth.
1869 540 1911 599 26,

206 621 317 676 Otr-isto
333 628 364 673 ut
384 635 538 674 cremares
551 620 716 688 jrmpentar,
733 620 789 673 irno
808 626 839 673 ut
856 617 1037 673 collaterales
1063 635 1088 673 v.
1108 623 1149 673 ³1.
1174 621 1305 671 notanter
1323 614 1441 680 dicitur,
1465 632 1527 669 cum
1546 618 1652 671 venerit
1669 618 1766 671 lilius
1789 619 1910 672 lerninis

204 707 233 759 in
251 706 313 774 ejus
330 708 395 759 sede
414 705 553 759 redamat.
588 704 677 775 Atqui
694 710 791 760 nouus
807 705 882 758 hanc
898 702 1034 774 hypothe-
1063 704 1093 757 in
1110 702 1209 772 plor-ic
1226 718 1280 754 sua
1302 707 1328 753 et
1346 717 1442 754 omncs
1461 701 1559 770 sepeli
1576 718 1639 754 cam
1659 719 1699 770 eo,
1720 711 1785 757 tunc
1803 703 1909 759 sedebit

203 791 245 846 sin
264 791 359 847 itidem
377 792 475 847 merito
492 797 608 863 urgetur
628 791 797 863 generalitas
815 791 954 846 dictorum
966 789 1036 844 Scri·
1063 805 1149 858 snper
1167 789 1261 842 redens
1282 787 1444 855 majestatie
1462 801 1540 842 reus.
1576 786 1652 859 Ergo
1676 789 1768 858 angeli
1794 805 1813 843 a
1833 790 1908 858 judi-

203 882 309 949 pturae,
329 895 401 948 quse
413 893 508 932 omnes
523 883 634 932 sanctos
651 883 728 931 certe
743 877 851 932 ratione
862 875 1037 946 judicaturos
1064 875 1155 930 cando
1173 890 1229 928 non
1249 877 1367 943 possunt
1386 872 1549 943 simpliciter
1568 874 1685 928 excludi.
1718 880 1742 929 t.
1761 874 1805 928 Pii
1820 875 1908 931 honsi-

203 969 337 1018 essernnt.
373 963 506 1019 Libenter
523 963 631 1018 interim
651 963 784 1029 fatemur,
801 962 877 1033 pios,
904 961 952 1032 qui
969 968 1036 1015 tem·
1063 978 1113 1016 nes
1140 962 1273 1014 mundum
1293 967 1320 1013 ct
1347 961 1465 1028 angelos
1487 959 1573 1016 melos
1593 961 1775 1028 judicabunt.
1814 968 1835 1017 1.
1855 961 1909 1018 Ce-

203 1065 270 1119 pore
288 1049 488 1119 persecutionis
500 1056 612 1118 propter
624 1048 765 1104 Christum
780 1053 809 1102 et
822 1046 909 1118 ipsius
922 1046 1037 1102 verbum
1064 1046 1146 1101 riutb.
1162 1052 1188 1110 6,
1208 1063 1234 1101 v.
1252 1052 1268 1102 2
1286 1051 1317 1100 et
1334 1051 1358 1100 3.
1379 1045 1478 1115 quidni
1499 1046 1584 1101 etiem
1602 1047 1695 1117 augeli
1716 1046 1782 1102 boni
1797 1049 1907 1119 judica·

204 1134 297 1189 omnis
313 1133 499 1204 reliquerunt,
521 1132 672 1203 peculiaria
691 1134 814 1204 praemia
831 1133 860 1187 in
878 1131 924 1185 die
937 1131 1038 1200 judicii
1064 1133 1119 1188 turi
1137 1138 1203 1188 snut
1224 1131 1331 1186 malos?
1367 1136 1391 1185 3.
1418 1130 1496 1185 Medi
1514 1130 1569 1197 illi,
1591 1132 1691 1202 quibus
1708 1139 1819 1188 seuctos
1831 1134 1907 1204 judi·

202 1219 306 1274 etrite
326 1224 440 1274 aeterne
458 1235 517 1274 esse
536 1226 709 1288 recepturos;
740 1220 807 1289 quid
830 1219 866 1273 de
885 1224 1038 1287 spontanee
1064 1224 1174 1275 ceturos
1201 1233 1262 1272 esse
1291 1215 1424 1280 diximus,
1456 1216 1583 1288 plerique
1605 1232 1700 1272 omnes
1724 1219 1807 1272 etiem
1827 1219 1908 1275 bouis

203 1305 325 1360 omnium
344 1303 537 1367 abdicatione,
558 1319 630 1374 quae
646 1303 706 1359 sine
723 1303 889 1359 necessitate
910 1309 938 1357 et
956 1317 1036 1357 voce·
1063 1304 1170 1375 angelis
1182 1302 1361 1358 conveniunt
1394 1307 1419 1358 l.
1438 1301 1525 1356 Sedes
1537 1303 1735 1371 apostolorum,
1754 1304 1784 1358 in
1804 1305 1907 1376 quibus

202 1389 278 1445 tione
296 1406 359 1444 cum
378 1388 507 1459 opinione
524 1388 672 1458 singularis
690 1390 781 1444 meriti
799 1388 962 1460 suscipitur,
980 1392 1035 1441 ste·
1059 1388 1241 1461 judicabunt,
1270 1388 1413 1443 Salmeron
1441 1394 1537 1442 censet
1564 1387 1624 1444 fore
1651 1391 1729 1444 seras
1755 1397 1785 1445 et
1811 1392 1907 1463 aliquo

203 1476 336 1530 tuendum
359 1473 409 1540 sit,
437 1474 503 1528 alibi
526 1474 682 1545 exponitur.
718 1482 741 1530 3.
768 1473 975 1545 simplicissime
994 1489 1036 1526 re·
1062 1475 1209 1547 splendore
1233 1474 1384 1536 notabiles,
1412 1474 1524 1529 eosdem
1547 1475 1722 1544 judicaturos
1747 1494 1780 1532 ea
1798 1479 1905 1534 ratione

204 1561 365 1632 spondetur,
387 1577 480 1614 ornnes
499 1561 623 1614 nomines
640 1561 810 1616 etsicetiem
823 1565 934 1616 muetos
947 1558 1035 1629 primo
1061 1560 1228 1625 arbitretur,
1256 1559 1333 1631 quod
1360 1560 1526 1614 sententiam
1552 1559 1581 1614 in
1607 1562 1690 1617 corde
1708 1563 1771 1634 lege
1790 1564 1842 1619 Dei
1861 1564 1905 1619 in·

203 1647 315 1718 quidem
332 1661 425 1700 coram
446 1644 576 1701 bibeneli
594 1645 696 1702 christi
714 1647 874 1702 statuendos
894 1661 968 1708 esse,
987 1645 1035 1700 sed
1061 1653 1167 1702 cuncto
1190 1645 1312 1701 habituri
1336 1650 1366 1698 et
1385 1644 1446 1699 aliis
1467 1645 1656 1701 denuntiaturi
1677 1647 1734 1701 sint
1751 1649 1809 1704 sive
1838 1650 1904 1704 ille-

202 1748 265 1788 mox
292 1733 322 1785 in
347 1749 492 1786 ocwrens
508 1730 617 1785 Olrsots'
641 1733 670 1785 in
698 1738 768 1786 cera
789 1737 849 1787 tum
874 1730 911 1786 eb
928 1730 1034 1802 angelis
1061 1734 1203 1800 minando,
1220 1738 1253 1786 ut
1264 1730 1357 1801 angeli
1370 1730 1524 1800 superiores
1534 1731 1702 1787 annuntiant
1720 1733 1904 1803 inferioribus,

201 1825 259 1873 tum
277 1817 405 1888 agilitate
415 1817 539 1888 corporis
551 1816 696 1889 glorificati
708 1818 863 1887 rapiendos
878 1822 900 1874 1.
910 1815 1034 1872 Thessal.
1062 1819 1119 1874 sive
1140 1819 1292 1887 mouendo,
1318 1823 1350 1872 ut
1373 1816 1517 1871 interiores
1535 1815 1733 1886 superioribus.
1768 1820 1845 1874 Idem
1867 1822 1903 1876 de

202 1913 226 1962 l.
244 1923 269 1960 v.
290 1910 331 1962 11.
348 1920 382 1958 ac
400 1921 456 1959 una
474 1921 536 1959 cum
554 1904 664 1959 Christo
682 1911 711 1960 et
727 1903 873 1974 apostolis,
894 1902 941 1973 qui
959 1902 1035 1959 velut
1060 1903 1168 1975 angelis
1185 1903 1302 1974 cogitari
1319 1907 1419 1973 potest
1457 1909 1481 1957 6.
1512 1902 1643 1966 Quamvis
1664 1905 1759 1975 angeli
1779 1905 1806 1959 iu
1819 1906 1902 1977 epiri-

202 1991 334 2060 primoree
360 1997 388 2045 et
410 2006 563 2045 messores
585 1990 663 2060 regni
681 1989 792 2046 Christo
812 1994 893 2044 erunt
908 1989 1033 2059 proximi,
1060 1990 1129 2045 tuali
1148 2006 1199 2044 sua
1224 1995 1325 2044 ustura
1352 2005 1407 2043 non
1433 1987 1541 2058 possint
1567 1987 1656 2042 rideri
1681 1990 1718 2044 ab
1743 1990 1901 2047 homiuibus

203 2077 335 2132 mundum
359 2081 388 2130 et
410 2075 524 2147 angelos
550 2077 637 2131 malos
661 2091 721 2130 esse
734 2075 918 2145 judicaturos
952 2075 1034 2129 dudi·
1060 2074 1211 2139 demnatis,
1239 2079 1332 2128 umen
1358 2072 1447 2129 rideri
1473 2078 1590 2144 possunt
1612 2089 1630 2126 s
1649 2074 1775 2131 diabolis.
1814 2082 1839 2132 6.
1871 2077 1900 2132 81

202 2163 306 2219 cabant
325 2161 471 2228 mundum,
488 2161 518 2214 id
535 2168 578 2216 est
594 2160 719 2217 homines
734 2161 889 2217 mundanos
904 2161 994 2230 juste,
1015 2177 1034 2215 a
1060 2160 1224 2232 perfectioni
1243 2161 1387 2231 angelicae
1405 2160 1587 2232 derogaretur
1604 2176 1655 2231 per
1672 2163 1705 2216 td
1720 2161 1824 2218 hebere
1841 2181 1899 2219 cor·

202 2264 257 2320 quo
273 2247 329 2319 ipsi
344 2247 464 2317 judicati
487 2253 553 2302 snut
573 2247 677 2317 injuste
700 2264 734 2303 ec
756 2247 823 2319 quie
840 2247 958 2303 victores
974 2247 1032 2303 die·
1060 2264 1125 2317 pus,
1153 2262 1294 2316 nunquam
1319 2247 1348 2299 in
1368 2262 1481 2315 corpore
1502 2251 1624 2301 assumto
1644 2247 1674 2301 in
1692 2247 1734 2302 his
1752 2249 1832 2303 terris
1848 2266 1897 2319 ep-

202 2335 260 2391 boli
277 2334 308 2387 in
327 2333 381 2388 hec
396 2332 455 2388 rite
475 2350 525 2405 per
547 2332 629 2388 iidem
646 2333 728 2394 tecti,
756 2332 820 2388 ideo
836 2333 951 2403 praemii
971 2333 1033 2389 loco
1059 2332 1224 2405 paruissent.
1275 2330 1475 2387 concludimus
1508 2330 1594 2402 igitur
1623 2331 1716 2387 verbis
1747 2333 1898 2404 Augustini

201 2419 254 2475 hoc
271 2418 414 2490 recipient,
432 2424 465 2474 ut
480 2418 534 2490 ipsi
552 2417 692 2476 eChriste
705 2420 766 2490 jem
782 2420 910 2490 judicato
926 2425 955 2475 et
969 2437 1033 2476 cun·
1059 2419 1106 2474 lib.
1121 2423 1144 2475 2
1163 2419 1197 2473 de
1216 2421 1322 2488 peccm
1343 2416 1432 2474 merit.
1450 2422 1479 2472 et
1497 2418 1601 2472 remiss.
1620 2434 1684 2489 cap.
1700 2418 1747 2476 ult
1761 2421 1837 2475 circe
1850 2421 1898 2477 lin.

201 2507 330 2562 demusto
350 2513 482 2577 tanquam
509 2505 581 2562 hosti
606 2506 717 2577 penitus
739 2512 878 2577 prosueto
901 2522 935 2562 ec
959 2507 1033 2563 leoni
1065 2506 1118 2560 Uti
1133 2507 1168 2558 dc
1180 2521 1212 2558 rc
1226 2503 1424 2558 obscurarimc
1440 2503 1613 2572 disputetur,
1629 2521 1685 2558 non
1698 2507 1898 2574 adiacentem

200 2597 307 2648 ιιιοιιιιο
327 2591 468 2659 insultent,
486 2591 516 2649 id
534 2591 609 2664 qnod
629 2592 745 2647 embolis
761 2599 859 2662 utpote
871 2592 1033 2664 superbissi-
1060 2589 1222 2646 diuinarum
1231 2588 1448 2657 Scriptnrorum
1462 2589 1696 2659 certissimeque
1716 2592 1898 2662 documentis,

200 2679 251 2733 mis
261 2677 403 2748 spiritibus
411 2684 441 2734 et
452 2695 559 2749 poenae
572 2684 601 2734 et
610 2678 778 2749 ignominiae
786 2678 846 2734 loco
855 2679 916 2733 erit
942 2677 1034 2744 Quare
1060 2677 1188 2731 conitere
1205 2691 1236 2730 se
1253 2675 1333 2729 debet
1352 2674 1477 2728 temone
1494 2676 1677 2744 praesumtio,
1695 2676 1768 2730 nils‘l
1777 2677 1897 2745 faciens

198 2773 228 2819 ut
251 2766 374 2832 cispiaco
401 2765 513 2820 ohaam
539 2767 699 2834 moselant
727 2782 830 2834 spem
862 2764 961 2820 Metth.
990 2771 1032 2831 26,
1059 2764 1090 2817 in
1107 2762 1229 2817 cltersnn
1242 2768 1355 2831 partem
1374 2761 1552 2816 declinando.

198 2869 224 2905 v.
246 2857 269 2908 1.
289 2857 322 2906 ιιι
340 2851 414 2907 sires
432 2851 493 2922 regi
510 2851 671 2908 adventanti
694 2851 807 2906 honoris
833 2866 919 2907 causa
937 2866 1032 2908 occur·

198 2944 277 3008 runt;
308 2937 350 2993 sic
373 2937 463 2992 moti
480 2936 594 2992 Christo
613 2936 727 2992 coelesti
744 2953 846 3008 sponso
868 2954 903 2992 ec
919 2937 978 3009 regi
994 2938 1031 2995 ed
1375 2987 1580 2996 --.

194 3024 331 3093 judicium
348 3023 470 3078 venienti
491 3024 520 3077 in
539 3039 606 3079 esre
623 3024 792 3094 prodeuntes
809 3024 838 3077 in
852 3023 974 3080 nubibus
984 3041 1031 3080 oc·

198 3113 317 3175 currem,
337 3114 483 3180 resurgent
498 3109 571 3163 enim
584 3108 614 3162 in
628 3124 743 3179 corpure
763 3108 925 3180 glorificato,
945 3110 1032 3167 nihilo

198 3201 290 3250 tamen
308 3195 398 3250 minus
418 3202 516 3266 postea
532 3195 561 3248 in
579 3193 728 3249 universali
741 3194 847 3266 judicio
866 3197 1031 3252 seutentiam
1333 3205 1356 3268 c
1372 3205 1400 3267 Α
1416 3205 1441 3266 1³
1455 3207 1523 3268 up
1551 3207 1611 3269 Π,

199 3289 326 3337 aeternae
346 3280 490 3334 felicitatis
507 3279 635 3340 audient,
660 3279 777 3334 eandem
800 3279 918 3347 scilicet,
947 3299 1031 3354 quem

198 3367 226 3421 in
244 3367 348 3421 iudicio
365 3364 526 3436 particulari
548 3364 576 3418 in
600 3372 689 3420 morte
705 3366 782 3435 prins
802 3376 981 3437 acceperunt,
1003 3377 1032 3424 et
1103 3359 1160 3413 DE
1178 3355 1387 3413 MATERIA
1405 3355 1583 3412 JUDICH
1602 3356 1850 3416 NOVISSIML

197 3452 286 3507 modis
305 3451 388 3522 paulo
406 3458 471 3504 ante
491 3450 622 3520 expositis
645 3451 772 3506 diabulos
795 3457 825 3506 et
841 3453 941 3524 impios
957 3455 1031 3525 judi·

197 3536 308 3593 fflbuni
343 3537 441 3593 ΡΜ
461 3535 563 3593 sumt
584 3542 656 3607 itm·
676 3542 700 3592 3·
725 3537 828 3607 disput.
847 3544 889 3594 57·
914 3547 982 3596 teti·
1000 3545 1031 3596 ²²
1092 3555 1134 3605 46.
1160 3548 1290 3604 Materte
1315 3547 1395 3600 circo
1418 3562 1503 3615 pssom
1532 3546 1591 3600 sies
1615 3546 1751 3615 objectum
1777 3549 1894 3603 extremi
1907 3577 2003 3620 mm

197 3624 356 3693 flavitum?
373 3623 465 3676 ‘Mt'
481 3623 513 3677 ‘'st
540 3616 685 3677 mmm
707 3622 815 3678 Olmii
837 3625 867 3678 ⁸3⁸
889 3630 970 3695 alra,
1001 3636 1032 3681 “t
1055 3634 1155 3707 Judicii
1175 3634 1277 3705 duplex
1296 3632 1382 3687 stetui
1400 3638 1506 3703 potest,
1531 3631 1669 3702 objectum
1688 3635 1846 3701 personale
1868 3645 1895 3691 ct
1909 3629 1973 3671 ⁰¹¹⁰·
1996 3642 2014 3671 ²

197 3709 238 3762 t'lt'
262 3711 292 3763 r'n
317 3709 387 3763 “tlte
404 3709 638 3779 φῑθηᾶῑᾶὺθῑπῑῦ
659 3711 743 3779 Mi
759 3709 859 3765 llum
878 3712 1034 3768 miden&
1057 3722 1144 3777 recle.
1174 3718 1420 3776 1.Personalesire
1431 3717 1572 3774 materiale
1580 3716 1895 3790 judiciiobjectumsunt
1906 3683 2016 3775 lllrlbez

198 3797 239 3850 ad
268 3793 413 3865 juditium
441 3796 635 3864 moliendum
667 3795 697 3850 ὑὶ
723 3796 839 3850 utlibet
872 3798 1032 3867 eplendidt't
1058 3804 1442 3876 tumonpeli‚tumltominer.
1471 3803 1626 3874 leugues
1641 3803 1670 3857 iu
1684 3803 1832 3861 novissimo
1845 3807 1892 3863 die
1905 3785 2016 3878 ffifl's

198 3881 283 3950 erari
301 3880 409 3936 usone
434 3882 570 3935 assistant
594 3888 620 3935 c
643 3881 802 3950 aseae,
829 3884 872 3936 ta
893 3891 985 3940 enen
1003 3893 1034 3939 ut
1054 3892 1221 3964 judicandos
1247 3908 1308 3947 csse
1337 3890 1473 3962 expressis
1499 3890 1590 3946 verbu
1619 3890 1718 3944 mem
1748 3885 2016 3979 apostolusprggrss

198 3969 332 4038 ΜΨ,
349 3986 400 4023 ⁸2⁴⁰
421 3970 520 4022 “diste
540 3975 568 4048 ti
586 3969 683 4037 timu
697 3970 863 4037 122072622ἳῖθ
881 3973 1033 4056 cmm,
1062 3984 1084 4036 l.
1102 3977 1224 4034 Corinth.
1239 3983 1264 4043 6,
1283 3996 1309 4032 v.
1325 3983 1353 4033 3ι
1378 3976 1515 4041 Nescitis,
1534 3977 1666 4045 qnoniam
1684 3978 1798 4044 angelos
1811 3978 1892 4046 imtr-
1904 3988 1968 4032 nau.
1981 3950 2011 3990 ι’

149 4076 163 4103 ³.
198 4057 274 4109 nnete
293 4055 324 4108 in
342 4053 583 4123 splendidior-itus
600 4062 627 4108 ct
639 4053 751 4108 cereto
763 4055 945 4112 ιιίιιιιιονίιιιι
958 4059 1034 4114 tlro·
1060 4064 1203 4118 catinus!
1220 4063 1249 4116 id
1270 4062 1344 4134 quod
1362 4068 1455 4118 temen
1468 4061 1626 4132 specialiter
1640 4061 1676 4116 de
1692 4062 1798 4133 angelis
1809 4065 1895 4119 made

198 4141 244 4194 nis
261 4140 442 4195 considebunt
459 4140 590 4209 apostoli.
626 4138 680 4194 Sed
707 4140 774 4212 quid
800 4140 835 4196 de
861 4143 965 4198 meritis
986 4145 1033 4200 be·
1060 4149 1267 4220 accipiendum,
1287 4153 1320 4203 ut
1337 4153 1412 4204 recte
1429 4152 1543 4202 monent
1560 4146 1784 4217 chrysostomus,
1804 4149 1893 4207 Theo·

199 4226 321 4282 bendum
339 4226 383 4296 slt,
400 4225 466 4282 alibi
484 4226 639 4299 expositum
655 4225 723 4294 fuit;
744 4228 867 4298 opinioni
883 4229 1034 4287 demeritis
1059 4235 1185 4304 doretus,
1211 4234 1438 4305 Theophylsctus
1461 4240 1490 4288 et
1507 4232 1675 4288 Anchelmus
1698 4235 1727 4288 iu
1745 4242 1894 4294 comment.

199 4311 349 4368 fortissime
381 4311 537 4383 refragatur
561 4312 700 4383 judicium
737 4313 884 4369 electorum
917 4316 952 4370 de
977 4317 1034 4372 suis
1059 4320 1133 4376 unde
1158 4320 1193 4374 de
1220 4320 1287 4392 ipsis
1310 4320 1424 4388 dicitur,
1452 4325 1475 4374 2.
1494 4320 1568 4374 Petr.
1586 4323 1610 4388 2,
1631 4336 1656 4373 v.
1670 4328 1693 4377 l.
1718 4322 1795 4392 quod
1812 4324 1894 4377 Deus

199 4397 328 4468 operibus
351 4397 451 4456 Metth.
472 4403 514 4467 25,
537 4415 562 4451 v.
589 4402 629 4453 31.
659 4415 693 4452 ec
726 4404 821 4456 votnm
850 4401 1033 4471 apostolicum
1058 4406 1135 4475 specs
1155 4407 1186 4461 in
1204 4415 1345 4461 tatarum
1368 4409 1498 4460 detrusos
1521 4407 1626 4459 cetenis
1649 4406 1780 4475 calipius
1802 4411 1893 4464 tradi-

200 4488 225 4542 2.
242 4482 361 4540 timoth.
383 4489 406 4550 1,
425 4502 450 4537 r.
471 4487 516 4541 18:
541 4486 600 4538 Det
618 4485 666 4539 illi
684 4485 824 4540 Dominus
841 4487 967 4542 invenire
984 4490 1033 4543 m'e
1059 4493 1134 4546 derit
1153 4493 1183 4545 ιιι
1197 4493 1341 4561 judicium
1360 4492 1502 4546 reservari
1519 4494 1614 4562 (quem
1626 4508 1687 4547 esse
1704 4493 1892 4563 metaphoram

199 4570 386 4625 sericordiom
399 4571 429 4625 ln
448 4572 494 4624 die
511 4571 581 4640 s'llc,·
595 4570 656 4642 jem
672 4587 739 4627 vero
757 4587 872 4642 opernm
889 4574 988 4631 merita
1004 4579 1034 4630 et
1057 4593 1076 4632 e
1095 4576 1227 4632 meletius
1245 4577 1274 4632 in
1292 4577 1465 4633 tenebricoso
1482 4593 1593 4633 carcere
1604 4594 1692 4648 usque
1709 4579 1745 4634 sd
1762 4580 1893 4650 supplicii
1999 4574 2007 4579 “

199 4655 386 4711 misericordie
409 4651 596 4729 ἀντιφατικιῑς
621 4655 675 4710 sibi
701 4655 817 4714 invicem
845 4667 1032 4730 opponuntur.
1057 4663 1131 4717 diem
1157 4663 1275 4719 detentis
1300 4664 1411 4718 ducum
1440 4662 1595 4718 monuimus
1621 4664 1767 4734 superius),
1793 4666 1836 4721 sel
1860 4674 1894 4724 ut
1948 4678 1954 4691 ·

198 4741 278 4798 Rom
299 4747 340 4811 11,
358 4759 384 4798 v.
404 4748 428 4797 6.
1057 4748 1147 4805 ludas
1173 4748 1295 4819 loquitur
1318 4749 1348 4803 in
1375 4747 1527 4819 epistole.
1548 4753 1572 4803 6.
1599 4749 1674 4821 quod
1695 4751 1892 4819 adjudicium

233 4834 275 4886 tt.
300 4827 448 4894 Quaeritur
464 4828 517 4882 hoc
531 4828 601 4895 loco,
620 4846 659 4882 on
676 4830 761 4884 eiam
774 4831 872 4901 angeli
887 4831 944 4887 rint
951 4833 1031 4901 jede
1058 4849 1175 4903 mcpnce
1190 4835 1251 4889 disi
1259 4835 1379 4888 sineere
1391 4835 1513 4889 ascrae
1529 4834 1690 4905 (voluntatis
1704 4852 1737 4891 ac
1747 4837 1891 4908 potentiae

199 4916 313 4970 coluri!
350 4913 442 4984 Negat
459 4913 542 4982 Alpis
562 4913 706 4971 Salmcron
728 4921 806 4971 tract
828 4923 868 4974 26.
886 4916 915 4972 iu
935 4934 1031 4976 comm.
1057 4921 1179 4989 divinae)
1196 4921 1247 4973 sat
1266 4919 1389 4989 caligine
1405 4918 1442 4988 (h.
1455 4936 1479 4977 e.
1492 4921 1521 4975 in
1539 4920 1599 4975 loco
1617 4921 1768 4992 caliginoso
1787 4924 1844 4979 sive
1860 4925 1890 4979 iu

199 5017 222 5058 c.
242 5007 281 5057 19.
307 4998 407 5055 Metth.
425 5004 490 5055 tom.
511 5006 535 5055 l.
559 5017 586 5070 p.
605 5004 664 5055 361.
689 5000 730 5056 sic
749 5002 887 5058 scribens:
918 5005 1030 5075 Angeli,
1054 5005 1174 5073 inferno)
1187 5005 1372 5075 detineantur,
1390 5014 1543 5075 propterea
1560 5010 1703 5078 qaodnon
1718 5012 1890 5064 secaverint

199 5086 269 5156 quie
286 5103 343 5141 non
360 5086 525 5141 conueniant
542 5085 573 5139 ln
590 5092 696 5140 nelma
717 5103 779 5147 tum
799 5087 908 5145 Glrs‘eto
924 5091 1029 5162 indice,
1055 5093 1107 5162 τὴν
1124 5094 1231 5149 ἑαυτῶν
1245 5088 1334 5169 ἀρχήν
1352 5094 1498 5162 (originem
1514 5112 1604 5158 sunm,
1622 5094 1651 5149 id
1669 5101 1712 5150 est
1727 5097 1891 5168 originalem

198 5191 248 5229 nec
261 5179 396 5241 potensest
415 5172 507 5227 oiders'
523 5190 542 5225 a
561 5172 718 5242 ennete,
745 5189 795 5228 nec
815 5177 931 5246 sedes-s,
959 5179 1031 5233 steret
1055 5178 1250 5239 conditionem,
1268 5178 1297 5232 in
1316 5196 1372 5250 qua
1389 5179 1516 5249 primitus
1535 5184 1611 5237 luere
1628 5180 1732 5236 conditi
1747 5176 1889 5250 dehent,

201 5273 250 5313 nec
267 5259 348 5314 Deus
368 5259 422 5312 lenc
440 5258 557 5323 radone,
574 5256 632 5311 nebi
649 5265 784 5327 queuntes
802 5260 882 5317 bomo
901 5271 949 5331 eet,
966 5264 1030 5318 linc
1055 5284 1079 5319 v.
1098 5270 1138 5321 ll.
1175 5264 1300 5336 Vulgata
1323 5265 1455 5333 reddidit,
1482 5285 1561 5321 cuum
1581 5268 1790 5340 princtputum,
1822 5273 1889 5342 quia

200 5343 297 5412 angeli
309 5346 351 5399 od
360 5345 552 5413 judicandum
567 5346 603 5398 de
616 5343 684 5399 αιὶιι
695 5361 752 5398 non
763 5356 944 5415 assumentur,
962 5351 1030 5420 poio
1054 5351 1126 5405 iuter
1143 5350 1257 5422 angelos
1277 5357 1342 5405 sunt
1356 5352 1537 5421 principentur
1556 5369 1591 5407 ac
1611 5361 1764 5422 potcstawc
1781 5355 1887 5412 Coloss.

194 5431 331 5501 jrrdicorc
344 5432 461 5484 deretur
480 5431 520 5486 eis
541 5433 582 5486 od
597 5430 806 5501 perfectionem.
835 5434 876 5489 Et
888 5436 1030 5505 perfectio
1058 5443 1080 5503 1,
1097 5453 1122 5492 v.
1146 5442 1184 5492 16.
1205 5435 1306 5508 liphne.
1327 5445 1349 5506 1,
1367 5455 1391 5493 v.
1411 5443 1452 5494 21.
1478 5454 1534 5507 qno
1557 5439 1638 5494 modo
1661 5440 1743 5495 etiam
1766 5443 1889 5500 reddidit

202 5535 259 5573 non
277 5524 319 5573 err
338 5517 369 5572 in
387 5533 434 5587 eo,
454 5520 532 5588 quod
550 5518 719 5574 memerito
737 5527 818 5575 ento
834 5529 968 5578 ιιαιιιιαιιι
984 5523 1029 5579 rei
1055 5521 1220 5592 Lethaeus),
1259 5524 1311 5579 sed
1346 5524 1512 5595 reliquerint
1549 5520 1581 5579 τὸ
1619 5527 1693 5581 ἴδιον
1729 5525 1887 5604 οἰκητήριον
