4050 6014
591 173 644 230 DE
659 172 827 232 neronio
846 172 919 231 SEU
938 171 1070 229 MORTE
1086 173 1276 232 Arruntio.
1719 188 1781 247 257

87 326 199 394 fabam
214 327 381 383 matiam
402 329 547 392 mundo.
579 329 620 385 At
636 331 866 385 rotaminandue
884 336 926 383 eet
951 330 1002 400 qui
1020 337 1046 383 et
1062 332 1104 384 ad
1119 332 1202 394 finem
1217 347 1272 400 per
1291 338 1429 386 tormenta
1442 336 1582 403 proporat
1600 342 1626 388 et
1649 333 1709 387 eine
1727 337 1783 399 fine

88 416 220 485 affectui,
244 415 295 484 qui
311 416 578 485 dicinaerepuqnct
593 417 712 473 ueritati.
752 417 853 472 Vincat
877 415 924 479 as·
952 416 1084 483 deficiene
1103 417 1195 470 durat.
1233 416 1283 470 Fit
1301 433 1369 486 erqo
1389 417 1501 471 mirmie
1519 436 1595 473 more
1608 419 1669 472 eine
1686 428 1782 488 morte,

88 503 195 565 sectum
204 509 288 570 atque
300 503 468 556 intellectum
476 504 603 557 muotie
611 521 647 557 ac
648 504 724 572 fidei
735 503 785 557 uu'e.
808 503 926 572 Praepor
951 501 1016 562 tinio
1034 501 1094 555 eine
1110 503 1179 570 tine,
1203 504 1330 569 defeatur
1349 505 1409 558 eine
1430 505 1552 571 defectu,
1576 505 1645 575 quia
1662 513 1688 559 et
1707 523 1782 560 more

91 585 149 646 [3.
168 587 203 642 dc
220 587 279 641 vita
296 590 442 658 contempl,
462 605 522 659 cap.
545 594 590 646 12:
616 589 779 655 Cruciatur,
799 591 882 643 dolor
900 597 926 643 et
951 588 1018 641 uiuit
1038 596 1064 641 et
1079 589 1144 652 finis
1163 606 1272 657 comper
1288 590 1387 658 incipit
1407 598 1433 645 et
1452 593 1581 657 defectui
1598 594 1718 657 deicae
1736 609 1783 647 ne·
1814 643 1817 647 .

91 676 209 744 qemitue
225 682 354 744 torquent
366 676 475 729 animae
487 680 686 731 damnatorum
697 684 925 744 accentorcuent¹
951 673 1011 729 ecit.
1030 672 1079 728 lib.
1100 679 1140 730 15.
1166 674 1261 728 moral.
1289 691 1350 744 cup.
1378 681 1424 734 11:
1456 678 1618 732 Damnatus
1640 697 1697 733 ποπ
1719 695 1784 732 ocn-

88 761 213 828 puniunt
237 777 360 829 corpora
386 764 523 816 damnato
547 780 598 816 nec
613 763 724 830 finiunt.
766 762 842 824 Quce
861 762 925 815 ideo
951 760 1072 813 munitur
1082 759 1112 813 in
1121 769 1219 827 morte,
1229 762 1296 831 quia
1304 763 1331 815 ei
1342 771 1548 818 connumeretur
1559 766 1620 819 cita
1633 765 1784 833 morientia,

93 845 151 898 eibi
168 848 318 914 deputatae
336 848 411 917 iqua
429 849 664 919 incaetinquibilie
690 866 747 903 nom
768 848 924 915 eaetinpuit,
953 863 1014 899 cum
1040 847 1100 900 cita
1123 848 1207 901 deam
1223 865 1317 917 poena
1343 851 1487 917 finiretur5
1521 854 1574 905 ced
1593 861 1623 906 ut
1642 853 1704 907 eine
1724 852 1785 922 sine
1859 904 1861 906 .

92 939 124 985 ut
137 942 320 1001 permanente
337 937 478 990 emtiendi
493 937 551 990 ritu
566 952 661 1004 poena
671 943 837 1005 permaneat
850 943 875 989 et
887 936 927 989 aci
953 932 1100 997 matrum
1119 934 1211 988 cicere
1230 935 1292 988 eine
1310 936 1366 999 fine
1384 937 1415 989 in
1429 952 1525 1005 poena
1544 938 1732 1007 compellitur,
1754 946 1786 991 ut

93 1018 247 1072 dolendum
272 1020 363 1088 macic
386 1040 470 1090 quam
494 1024 536 1076 ad
558 1023 848 1078 uiuendumaetcrnie
865 1039 925 1076 cor·
953 1020 1033 1087 cuiue
1046 1021 1105 1074 cita
1122 1019 1167 1072 lie
1184 1029 1297 1074 mortua
1315 1022 1374 1087 fuit
1391 1023 1421 1076 in
1435 1023 1529 1092 culpa,
1549 1025 1611 1078 illic
1631 1024 1693 1092 ciue
1710 1040 1786 1079 more

88 1105 210 1172 poribue
238 1108 408 1175 compeditos
434 1109 547 1177 habeat,
576 1126 645 1178 quoe
664 1111 694 1163 iu
708 1108 835 1178 flammie
851 1109 924 1162 cicc·
953 1104 1027 1157 vivat
1043 1107 1074 1159 in
1087 1123 1188 1175 poena.
1215 1106 1365 1161 Cruciatur
1383 1115 1409 1161 et
1426 1126 1483 1162 non
1497 1109 1689 1180 eartinquitur,
1703 1109 1787 1163 ncn‘·

42 1201 78 1250 ut.
93 1190 170 1244 cibue
206 1193 407 1248 immortalitas
440 1197 579 1250 eecundao
613 1196 710 1249 mortio
736 1196 848 1249 occidat
874 1199 925 1249 etc.
953 1198 1000 1242 tur
1017 1199 1043 1246 et
1062 1192 1141 1258 uicit,
1167 1194 1262 1261 deficit
1287 1201 1313 1247 ct
1332 1193 1473 1261 eubeietit,
1502 1195 1600 1259 sinitur
1624 1211 1733 1264 eemper
1761 1202 1787 1249 et

91 1277 334 1350 staindeomnee,
353 1280 403 1348 qui
419 1281 449 1334 in
465 1281 591 1349 yelenna
603 1282 736 1335 dicuntur
752 1281 853 1350 cecidi,
871 1298 927 1333 ποπ
952 1277 1013 1330 eine
1035 1277 1090 1341 fine
1111 1286 1159 1332 eet.
1201 1279 1281 1332 Haec
1309 1280 1370 1334 eolo
1401 1280 1502 1334 auditu
1528 1281 1613 1336 ualde
1644 1283 1786 1337 terribilia

70 1362 126 1416 -e'a
145 1380 207 1416 cum
223 1364 285 1417 illie
304 1366 408 1432 aqitur,
425 1374 456 1419 ut
478 1368 605 1421 mammio
624 1367 761 1422 conante·
780 1367 927 1421 doloribue
952 1370 1031 1427 eunt,
1055 1372 1158 1433 quanto
1183 1366 1274 1433 moqie
1289 1367 1432 1434 paccione.
1453 1366 1482 1420 in
1502 1383 1600 1426 comm.
1623 1372 1644 1423 1.
1663 1367 1733 1439 ch.
1754 1373 1784 1426 2:

94 1448 252 1517 aliquando
267 1452 407 1519 deficiant,
425 1454 478 1505 eed
495 1454 567 1506 utin
581 1453 642 1506 illie
649 1453 813 1522 poenaliter
824 1452 927 1506 uiuant.
954 1448 990 1502 lm
1007 1450 1121 1511 inferno
1141 1451 1222 1505 nalo
1241 1453 1364 1506 inueniri
1385 1461 1517 1524 poterunt
1536 1455 1657 1508 coneilio
1674 1454 1786 1510 uolutie.

93 1532 219 1588 Ieidorue
241 1534 350 1591 Clariae
367 1544 435 1592 orat.
455 1543 495 1594 lt.
520 1539 741 1594 extraordinaria
759 1545 824 1594 tom.
846 1543 872 1594 1:
896 1538 930 1592 Si
954 1534 1117 1591 Ambrosius
1142 1536 1297 1592 Anebertue
1324 1537 1372 1594 lib.
1395 1545 1429 1603 bl
1453 1537 1482 1592 in
1510 1539 1627 1608 Apocal.
1655 1555 1715 1609 cop.
1743 1545 1788 1596 14:

93 1620 173 1675 mille
192 1639 330 1677 οππονπνπ
342 1624 414 1677 ultio
426 1624 621 1694 intentaretur,
639 1627 769 1680 deberent
788 1641 856 1678 eane
873 1642 928 1678 cm·
955 1623 1060 1675 tunm
1079 1623 1215 1676 indicium
1233 1625 1284 1676 dot
1300 1624 1465 1688 futurarum
1471 1625 1661 1694 flammarum,
1679 1632 1705 1679 et
1720 1627 1787 1694 quia

93 1708 358 1765 neeealcrreecere.
389 1711 464 1764 Nom
479 1712 529 1781 qui
541 1712 571 1765 in
583 1713 637 1765 lac
653 1713 712 1765 cita
724 1712 834 1781 aliquot
845 1712 927 1766 lorc-
955 1708 1080 1777 quomie
1099 1710 1160 1762 eine
1173 1710 1341 1764 nutrimento
1353 1710 1503 1778 liquorum,
1522 1727 1674 1781 corporeae
1694 1718 1788 1765 tamen

94 1812 158 1848 νππι
182 1796 276 1864 epatic
300 1797 430 1851 acerbiue
451 1805 632 1867 torquentur,
659 1799 815 1852 miserrimi
835 1799 928 1852 eaieti·
954 1801 1048 1848 manet
1065 1795 1139 1864 iqnie
1156 1796 1347 1864 reproborum,
1364 1797 1430 1850 ideo
1446 1797 1556 1862 fumum
1573 1798 1788 1866 ejueeempiter·

95 1888 216 1934 munim.
253 1880 294 1935 At
316 1900 382 1935 cero
407 1883 486 1938 mille
508 1882 591 1937 annie
612 1885 723 1953 iquiltu
745 1884 927 1938 cruciandum
955 1897 1019 1932 num
1042 1880 1112 1935 dicit
1133 1897 1204 1948 erec,
1224 1882 1292 1950 quia
1307 1883 1422 1951 inquam
1442 1882 1502 1935 eino
1517 1884 1574 1950 fine
1591 1883 1726 1952 reprcbce
1742 1902 1789 1937 ar·

95 1974 200 2036 qeeamc
217 1975 259 2020 eet
276 1969 411 2034 acerbiue,
429 1969 515 2023 malm
535 1985 602 2023 uero
619 1973 710 2040 ποοῦ
727 1971 755 2023 ei
773 1973 868 2024 decem
879 1979 928 2023 cut
955 1968 1021 2021 dere
1041 1968 1191 2037 conopicit,
1214 1969 1323 2023 idcirco
1341 1968 1452 2032 fumum
1475 1977 1673 2024 tormentcrum
1696 1971 1728 2023 iu
1746 1986 1788 2024 ee·

95 2061 204 2106 eentum
214 2054 338 2108 millibue
348 2073 486 2109 annorum
501 2056 674 2125 baecpcena
689 2065 760 2111 meet
778 2059 927 2112 duratura.
955 2053 1020 2108 cula
1034 2054 1192 2109 rotulorum
1205 2056 1475 2133 cdeeendereldicit,
1496 2072 1568 2125 quae
1581 2058 1672 2126 maqie
1690 2057 1789 2111 timore

99 2139 181 2202 Quoad
198 2148 290 2194 tumen
307 2143 430 2210 epatium
449 2143 641 2196 heumannum
657 2144 802 2197 οίάονοεον
822 2152 848 2198 ee
865 2153 928 2197 tan-
954 2139 1082 2210 indiqent
1104 2158 1188 2210 quam
1211 2142 1381 2213 emporiticae
1404 2147 1455 2196 etc.
1501 2142 1578 2205 Quae
1594 2143 1678 2198 remei
1695 2160 1789 2213 poena

95 2243 178 2294 quam
204 2235 382 2297 momentum,
408 2229 436 2281 ei
460 2231 565 2283 dietum
578 2231 662 2299 priue
680 2238 765 2297 meet,
785 2238 824 2283 tct
842 2248 928 2285 aunc-
954 2227 985 2280 in
1003 2235 1145 2281 tartarum
1159 2228 1310 2298 pertrahit,
1331 2228 1529 2282 mirericordia
1548 2229 1669 2284 ulterius
1686 2232 1728 2283 ad
1744 2246 1789 2283 ce·

95 2330 157 2366 rum
173 2314 298 2368 miltilue
309 2332 367 2368 eece
380 2316 409 2368 in
421 2317 734 2388 iqneccmmcrundum,
747 2325 813 2387 quot
825 2334 929 2371 urenae
955 2315 1033 2367 uiam
1051 2331 1107 2368 non
1123 2314 1243 2370 reducit.
1279 2314 1371 2370 Idicta
1394 2315 1429 2370 de
1446 2315 1538 2372 innoc.
1558 2315 1658 2386 perdit
1676 2332 1738 2386 cap.
1757 2321 1787 2371 6:
1802 2319 1845 2364 Π.
1859 2320 1904 2365 mc.

95 2400 235 2454 minutula
254 2419 346 2471 qrana
361 2403 391 2455 in
404 2403 457 2456 loc
471 2405 575 2473 templo
587 2406 829 2459 concluderentur
854 2404 929 2458 Rur·
957 2400 1111 2455 Damnata
1128 2398 1210 2455 nulla
1227 2402 1351 2470 ampliue
1370 2402 1423 2455 crit
1434 2402 1483 2455 ria
1499 2402 1722 2470 mirericordiae,
1739 2404 1791 2457 red

94 2503 143 2540 aer
166 2487 218 2540 loc
241 2489 325 2541 etiam
348 2497 457 2542 tantum
482 2492 606 2560 epatium
632 2493 718 2561 (quac
742 2492 815 2545 euim
833 2491 929 2545 recula
955 2486 986 2539 in
1004 2487 1069 2556 ique
1088 2495 1203 2541 aeterno
1219 2487 1366 2542 ardebunt.
1384 2486 1521 2541 Rabanue
1538 2486 1586 2544 lib.
1599 2494 1624 2543 b,
1645 2487 1674 2542 in
1683 2487 1790 2544 Euclea.

95 2574 305 2627 orenamillam
319 2575 507 2646 calaurirent,
523 2577 551 2629 ei
566 2577 715 2631 milleeimc
733 2592 842 2646 quoque
856 2593 930 2630 anno
956 2589 1017 2643 cup.
1041 2579 1065 2629 1:
1092 2574 1247 2643 Pcetquam
1270 2575 1351 2628 ltcmo
1374 2575 1434 2628 eine
1459 2576 1646 2643 poenitentiae
1664 2575 1790 2628 remedio

96 2661 235 2714 cumaeae
258 2662 410 2727 mumolum
432 2680 518 2715 unum
540 2664 735 2732 auferreturt)
759 2663 929 2732 pronihilo
957 2659 1055 2714 coierit
1071 2670 1097 2714 et
1115 2661 1177 2715 illic
1191 2662 1271 2730 jmec
1286 2663 1345 2716 Dei
1359 2662 1680 2729 judicioccndcmnatue
1691 2663 1791 2728 fuerit,

91 2754 252 2814 putaretur.
272 2748 299 2800 ei
316 2749 345 2800 in
362 2748 433 2802 nanc
444 2767 564 2817 poenum
579 2766 613 2802 ca
629 2757 854 2808 commutaretur.
875 2767 930 2818 qua
956 2748 1016 2800 uiue
1041 2747 1096 2810 tine
1119 2748 1239 2803 ardebit.
1275 2746 1504 2818 Theophylactue
1527 2748 1556 2801 in
1576 2764 1672 2803 comm.
1691 2746 1789 2804 Mauo.

95 2840 256 2887 reverentur
275 2834 305 2886 in
327 2836 418 2904 iqncm
438 2837 570 2889 damnati
590 2843 630 2889 tot
649 2853 789 2889 annorum
806 2837 931 2890 mittitur
958 2839 1003 2889 25:
1027 2833 1106 2888 Sicut
1125 2834 1392 2887 canctiinceeeabite
1409 2834 1510 2887 babent
1522 2836 1667 2903 qoeedium,
1687 2837 1729 2888 ita
1747 2836 1789 2888 im·

95 2918 126 2972 in
144 2936 176 2972 eo
195 2930 673 2989 eree,quontuearenaeuumerue
693 2924 828 2985 tutatae,
855 2924 932 2993 quod
951 2921 1028 2989 jurii
1057 2921 1258 2975 indaeinentem
1285 2937 1422 2990 poenam,
1454 2922 1588 2974 dicuntur
1615 2922 1689 2975 euim
1721 2922 1792 2975 ituri

97 3005 172 3059 inter
195 3007 302 3060 coelun
329 3017 355 3061 et
372 3016 478 3061 terram
497 3009 648 3076 interjacet
672 3010 781 3077 epatio,
807 3026 931 3078 compre·
957 3010 987 3061 in
1004 3007 1174 3079 supplicium
1198 3015 1356 3077 adamum,
1374 3008 1399 3060 lt.
1420 3024 1443 3062 e.
1464 3025 1606 3076 nunquam
1630 3009 1801 3073 finiendum·

96 3090 184 3144 luendi
199 3103 302 3162 parcet.
333 3095 373 3147 Et
392 3104 485 3148 tamen
504 3095 737 3164 contemplatione
756 3097 932 3149 aeternitatis
958 3093 1133 3150 Bernhurdue
1159 3093 1188 3148 in
1211 3095 1256 3149 lib.
1289 3093 1459 3148 meditatim.
1486 3110 1547 3164 cap
1578 3100 1602 3148 3.
1629 3095 1680 3149 col
1708 3098 1788 3152 119³:

95 3179 345 3240 (leuiore-endam
357 3199 452 3235 rerum
465 3183 597 3246 sacmml)
614 3183 665 3235 loc
676 3183 759 3236 mum
772 3191 830 3236 tam
838 3198 931 3251 paene
961 3181 1066 3234 l’rccul
1083 3199 1102 3234 a
1121 3181 1202 3233 beata
1217 3182 1355 3250 paradiei
1369 3183 1470 3250 patria
1490 3181 1611 3234 acutae·
1627 3183 1791 3235 cruciabun-

97 3264 239 3329 infinitum
255 3273 361 3335 tempue
377 3286 433 3339 pro
450 3283 482 3321 re
495 3268 660 3337 qratieeima
670 3275 817 3340 optaretur
831 3277 856 3322 et
871 3286 932 3323 cen·
957 3276 1005 3321 tur
1017 3267 1048 3320 in
1059 3268 1184 3335 yelenna
1194 3277 1340 3337 perpetuo,
1351 3284 1492 3336 nunquam
1506 3267 1595 3320 lucem
1607 3268 1703 3331 oieuri,
1721 3286 1791 3321 nun·

98 3351 150 3403 tier
169 3370 204 3404 cc
222 3353 328 3407 milliee
344 3355 428 3408 etiam
444 3357 609 3424 repetitum,
633 3357 718 3409 modo
735 3358 806 3425 Jinie
825 3356 931 3425 aliquia
958 3370 1041 3421 quam
1059 3355 1244 3423 resriqerium
1262 3355 1403 3424 adepturi,
1422 3355 1474 3406 cod
1488 3369 1543 3422 per
1560 3354 1654 3408 millia
1671 3354 1792 3408 endiium

98 3439 213 3492 tandem
231 3440 366 3509 inciperet
377 3459 529 3510 apparere.
562 3443 637 3496 Nom
656 3443 717 3496 π’πο
736 3443 931 3511 ullounqucm
958 3457 1094 3492 annorum
1118 3441 1148 3493 in
1175 3439 1289 3504 iufemc
1310 3441 1473 3502 cruciandi,
1499 3456 1549 3493 nec
1576 3441 1642 3494 inde
1668 3458 1792 3511 unquam

91 3525 321 3595 finequempiam
337 3529 522 3595 torquendum
536 3545 604 3597 eree,
623 3529 676 3582 boc
696 3545 761 3582 uero
778 3529 857 3582 ultra
875 3547 931 3582 om·
958 3526 1107 3585 liberandi,
1147 3526 1200 3593 Ubi
1217 3543 1268 3579 nee
1287 3527 1337 3594 qui
1353 3533 1475 3595 torquet,
1503 3526 1660 3596 aliquando
1684 3529 1792 3596 fatiqu-

97 3626 147 3663 πον
166 3612 372 3681 deeperate'cnie
391 3614 523 3668 terruinor
539 3616 643 3679 fertur.
683 3614 760 3677 Quid
778 3615 852 3668 enim
865 3633 931 3682 pra·
957 3620 1021 3682 tur,
1048 3627 1100 3665 nec
1129 3612 1178 3681 qui
1201 3620 1360 3682 torquetur,
1384 3614 1543 3682 aliquando
1574 3615 1700 3669 moritur.
1744 3612 1792 3666 Sic

97 3697 159 3750 ciue
178 3715 260 3766 quom
274 3715 383 3768 eemper
400 3700 479 3766 celte,
499 3702 725 3769 quodnunquam
744 3702 806 3768 erit,
826 3709 852 3754 et
863 3719 930 3754 eem-
958 3699 1030 3751 cuim
1048 3698 1121 3767 iqnie
1138 3699 1178 3751 ibi
1189 3700 1333 3766 coneumit,
1352 3707 1384 3752 ut
1399 3716 1506 3769 ecmper
1525 3706 1662 3768 rceercet,·
1680 3701 1722 3752 eia
1737 3706 1792 3752 tore

93 3800 148 3854 per
175 3784 262 3850 nolle,
287 3787 364 3853 quod
388 3803 530 3853 nunquam
551 3804 605 3840 ποπ
623 3789 699 3839 criti
731 3788 768 3841 In
788 3795 931 3840 arianum
958 3794 1050 3838 menta
1076 3793 1214 3855 aquntur,
1241 3793 1272 3838 ut
1295 3802 1405 3854 comper
1427 3794 1601 3842 renouentur.
1643 3784 1793 3839 Ardebunt

92 3877 227 3940 peccator
241 3888 297 3924 ποπ
317 3879 487 3941 coaequetur,
501 3874 653 3941 quodvult,
668 3882 694 3926 et
710 3873 854 3943 qucdnon
864 3874 931 3941 mult,
959 3873 1055 3926 miseri
1070 3873 1100 3925 in
1117 3873 1181 3939 ique
1199 3880 1312 3926 ameno
1329 3873 1358 3925 in
1373 3881 1515 3927 oeternum
1531 3880 1556 3926 et
1571 3872 1658 3936 ultra,
1676 3873 1717 3924 eia
1736 3889 1792 3926 mo·

96 3957 278 4010 mbiicmiuue
293 3957 322 4009 iu
332 3966 474 4011 aeternum
489 3968 604 4026 cupetur
615 3961 685 4028 pati.
710 3958 890 4015 euciodcrm
903 3961 931 4015 in
958 3960 1076 4026 mentm,
1093 3967 1125 4011 ut
1137 3975 1245 4028 eemper
1262 3960 1376 4028 cicant,-
1401 3967 1428 4012 et
1452 3959 1493 4012 ric
1510 3960 1609 4023 vicent,
1637 3966 1667 4011 ut
1684 3974 1793 4026 temper

95 4040 200 4098 Pealm.
215 4047 260 4097 20:
283 4045 371 4097 letam
386 4046 558 4111 eontentiom,
580 4048 617 4100 ite
632 4047 767 4114 iniqnem
781 4055 931 4116 aeternum,
957 4047 1125 4099 moriantur.
1167 4062 1246 4100 eorm.
1272 4046 1308 4099 de
1330 4061 1453 4100 convoco.
1479 4045 1514 4099 ed
1538 4042 1651 4100 clericor
1679 4061 1740 4115 cap.
1761 4050 1792 4101 le

97 4129 228 4183 ἀοπιποιι·
257 4139 474 4200 consequentur,
507 4140 538 4184 ut
569 4141 710 4202 perpetua
738 4136 856 4203 flamma
885 4137 932 4188 de·
960 4132 1077 4187 Peccati
1094 4133 1185 4202 ipetm
1201 4140 1227 4188 et
1250 4133 1347 4186 carnit
1370 4134 1577 4202 quodammodo
1596 4131 1699 4185 cimilia
1718 4132 1792 4185 cide·

95 4224 234 4270 narentur.
265 4217 340 4270 Nam
350 4220 508 4286 jureicuem
528 4219 649 4272 Domini
670 4221 752 4274 nulla
771 4238 852 4274 mora
871 4222 932 4274 eub
960 4220 1034 4272 bitur
1051 4235 1110 4273 ereo
1126 4219 1262 4284 conditio,
1279 4227 1310 4271 ut
1329 4220 1563 4287 quemadmodum
1583 4218 1671 4285 culpo
1686 4232 1794 4286 eemper

95 4304 230 4372 οοοπππν,
248 4306 301 4358 eed
322 4321 386 4359 mcc
407 4312 438 4357 ut
457 4306 601 4375 dieecrnit,
621 4306 765 4377 impletum
786 4315 835 4360 eet.
874 4307 933 4361 Inte
956 4305 1057 4374 puniri
1067 4305 1173 4373 poterit
1198 4321 1248 4359 nec
1266 4319 1389 4373 uuqruim
1405 4305 1509 4373 poterit
1528 4303 1653 4372 expiari·
1682 4305 1724 4357 eie
1741 4319 1792 4358 neo

96 4397 189 4443 umen
212 4391 286 4459 iqnie
309 4391 351 4443 eic
370 4392 504 4456 abeumit,
526 4393 875 4460 meanwarorum,
902 4402 932 4446 ut
959 4393 989 4444 in
1011 4408 1129 4461 corpore
1150 4392 1308 4460 aliquando
1336 4398 1473 4444 tormenta
1499 4389 1579 4452 finiri
1614 4406 1664 4442 nec
1689 4404 1792 4460 corpur

96 4476 214 4539 mutiet,
240 4477 408 4549 dabiturque
433 4478 543 4533 mireris
559 4478 618 4530 uita
637 4478 781 4545 mortalit,
809 4486 840 4530 ut
857 4497 932 4532 more
957 4479 1049 4548 iprum
1065 4479 1160 4531 caleat
1178 4479 1207 4530 in
1222 4476 1526 4531 tormentieeainaniri.
1556 4475 1664 4530 Merito
1679 4475 1792 4545 quidem

95 4562 241 4617 caracam.
265 4561 313 4617 lib.
337 4563 372 4618 da
397 4567 481 4620 anim.
506 4581 566 4635 cap.
593 4569 647 4621 191·
679 4563 757 4626 Quae
777 4566 831 4618 erit
854 4566 931 4618 cala·
957 4565 1204 4632 ulticeempitcrna
1213 4563 1361 4628 desaeviet,
1375 4562 1794 4631 qucdnunquampceeitculpa

96 4649 179 4703 mitae
204 4649 314 4702 me'eerie
333 4650 363 4703 in
388 4658 531 4703 oeternum
550 4651 693 4716 cruciari,
718 4669 861 4719 nunquam
885 4653 931 4705 de-
957 4650 1060 4716 rieleri,
1088 4659 1115 4703 ct
1134 4667 1184 4704 nec
1201 4650 1360 4705 eecbutantia
1376 4650 1474 4702 carnii
1491 4648 1616 4720 deficiet,
1639 4665 1690 4703 nea
1708 4649 1793 4703 timul

96 4739 188 4803 ficere,
211 4738 253 4790 ita
273 4736 345 4789 enim
359 4745 515 4806 pomatuae
531 4754 642 4807 poenae
661 4739 820 4799 tradentur,
837 4745 867 4791 ut
888 4738 930 4792 in·
957 4747 1071 4805 conetur
1088 4738 1172 4789 etiam
1185 4736 1307 4805 afflictio
1325 4736 1422 4789 cornio
1440 4735 1597 4790 terminari.
1628 4735 1794 4791 Hinomarue

95 4824 191 4888 fauete
209 4839 319 4893 ecmper
339 4824 472 4878 excidere
495 4825 715 4893 comprobentur.
757 4824 853 4879 Dolor
870 4826 931 4880 eino
957 4822 1101 4878 Romeneie
1135 4822 1164 4876 in
1193 4822 1273 4893 epiet.
1300 4821 1336 4875 ud
1366 4821 1548 4876 Hincmurum
1578 4822 1793 4878 Lunduncneem

94 4910 159 4979 fine,
173 4926 270 4979 poena
289 4912 349 4964 eine
368 4912 472 4980 requie,
500 4913 626 4980 afflictio
650 4913 711 4966 eine
735 4929 800 4981 epe,
824 4912 929 4965 malum
957 4927 1017 4981 cap.
1050 4917 1095 4967 et:
1126 4910 1258 4964 Animam
1284 4909 1483 4964 immortaliter
1511 4911 1671 4964 moriendum
1697 4917 1794 4963 rectue

96 4998 328 5054 incommutabile.
368 4997 416 5052 Sic
438 4999 511 5050 euim
533 5000 658 5052 uarietae
681 4999 784 5052 citicea
801 4979 930 5069 punitur,
955 4998 1075 5052 incolcet
1094 5004 1121 5050 ct
1138 4997 1334 5050 indoicienter
1351 5013 1407 5051 nom
1425 4997 1598 5065 deficientem
1618 5013 1729 5049 carnem
1747 5011 1793 5063 qe·

95 5092 125 5136 ut
141 5084 206 5152 ciue
224 5080 554 5138 damnatic'nullatenue
575 5085 743 5143 immutetur.
777 5083 929 5156 Gregorius
955 5086 1047 5139 lenna
1070 5089 1220 5138 canumet.
1262 5082 1362 5137 Patrae
1382 5081 1521 5138 Bleecneie
1546 5082 1626 5153 epist
1647 5088 1692 5138 61:
1722 5081 1794 5135 Tota

95 5167 144 5226 lib.
168 5174 192 5225 9.
215 5169 311 5226 morel.
334 5186 394 5240 cup.
417 5174 464 5227 39:
491 5169 642 5239 Supplicia
658 5171 771 5240 insumi
786 5173 814 5225 in
831 5189 862 5225 ee
881 5173 928 5225 de·
952 5170 1073 5226 bominis
1102 5170 1199 5224 mieeri
1221 5170 1379 5223 rubricatio
1404 5169 1584 5225 decorabitur
1611 5166 1795 5237 iueaetinqui·

95 5272 200 5312 mereor
220 5263 247 5311 et
262 5257 341 5311 ultra
358 5258 434 5311 circe
453 5256 593 5324 cruciant,
617 5264 644 5310 et
664 5257 695 5310 in
712 5257 753 5311 eie
769 5260 842 5311 citae
865 5258 928 5313 eub-
954 5260 1053 5313 bilibue
1068 5257 1205 5327 flammie,
1235 5274 1285 5310 nec
1311 5257 1366 5310 erit
1391 5256 1599 5326 eupplicicrum
1628 5256 1728 5309 modun
1750 5255 1794 5310 uel

92 5344 198 5397 eidium
218 5345 419 5415 muncuenclc
435 5351 559 5411 cervam,
581 5351 613 5397 ut
629 5343 671 5397 ric
687 5344 773 5397 eitam
791 5346 926 5399 terminia
952 5345 1120 5399 intermieeio
1143 5343 1200 5397 eice
1225 5342 1297 5406 tium.
1345 5343 1422 5397 Nam
1448 5344 1520 5411 finit
1546 5343 1587 5395 ili
1616 5359 1726 5413 eemper
1751 5343 1795 5394 im·

91 5431 199 5500 pontid,
219 5440 472 5502 quatenueeemper
485 5433 545 5486 eine
560 5429 676 5484 termino
686 5431 828 5484 cruciatur
841 5432 926 5494 cicat,
950 5432 1044 5500 cipiet,
1057 5448 1132 5484 more
1144 5446 1200 5482 non
1213 5429 1355 5498 morietur,
1368 5446 1417 5481 nec
1428 5430 1558 5488 defectae
1567 5428 1686 5498 deficict,
1699 5436 1729 5480 ut
1743 5430 1794 5479 da-

144 5528 255 5567 floruerat
273 5530 325 5569 tant.
355 5528 392 5568 11.
1560 5522 1588 5569 ΙῘ
