4050 6014
827 310 880 367 Du
895 310 990 368 VITA
1007 308 1198 367 aarum
1799 325 1860 384 325

160 461 231 516 litae
251 469 278 515 et
296 463 402 531 pratia.
432 462 473 516 At
490 462 543 518 hae
562 462 734 519 conditiones
756 482 811 520 non
830 465 999 521 conveniunt
1026 465 1103 532 titia,
1128 465 1220 536 inquit
1242 464 1328 520 theol.
1352 464 1446 522 Germ.
1479 485 1502 524 c.
1530 473 1571 523 ta.
1598 471 1677 539 qaod
1702 471 1785 524 tomo
1810 477 1863 524 aut

159 547 261 602 nostris
284 548 423 619 operibns.
466 550 494 616 1)
520 551 567 603 Ea
588 559 692 618 reputa
715 552 795 607 nodie
819 560 998 622 acceptorum
1025 559 1158 605 ereatura
1172 552 1314 620 opinatur,
1332 568 1363 605 ee
1376 553 1450 607 ecire
1467 553 1511 607 ael
1524 569 1611 622 paese
1626 556 1727 626 ipsam,
1744 563 1862 623 etprae-

161 633 355 696 deaeficiorum
381 635 616 703 compensatione.
656 634 721 690 Non
749 653 896 706 passumus
922 636 998 691 sufli-
1023 637 1121 690 certios
1139 639 1168 690 ri
1185 638 1336 705 opinatur,
1362 654 1392 691 re
1415 640 1490 692 scire
1507 647 1558 693 aat
1579 657 1662 709 posse
1680 641 1797 710 aliquid
1816 641 1862 695 to·

160 718 265 774 cientes
288 720 348 774 Deo
367 720 473 790 gratias
497 719 601 775 referre
624 737 674 789 pro
696 720 839 777 beneficiis
865 724 996 794 acceptis.
1024 739 1097 793 nuos,
1126 738 1181 791 quo
1204 722 1363 791 plurimurs
1389 724 1493 778 merei
1516 733 1567 777 aut
1593 727 1747 795 inpetrare
1765 727 1861 781 caleat

31 804 237 877 xx.351.Ergo
253 821 309 862 non
325 822 480 877 possumus,
498 821 571 860 nova
589 804 732 870 benefida.
748 809 897 878 etquidem
914 810 997 880 longe
1023 810 1105 878 apud
1123 811 1226 876 Deam,
1246 811 1309 863 Deo
1335 812 1367 875 fit
1384 811 1438 864 iac
1457 812 1570 866 rectam
1588 813 1760 867 contumelia
1772 812 1862 881 jueta

159 891 289 960 maxime,
316 892 401 962 quale
424 899 468 948 est
495 893 555 946 vitu
578 898 709 962 aeterna,
736 895 867 964 operibns
894 897 997 951 nastris
1023 911 1099 963 mm,
1120 896 1171 963 qai
1195 896 1265 949 laea
1281 903 1356 950 recte
1374 896 1516 966 iatells'pit.
1551 903 1575 953 4.
1595 899 1643 951 Ea
1658 899 1789 968 propriis
1807 901 1861 953 ad·

159 978 267 1033 mereri
306 982 334 1044 8)
357 980 406 1033 Ea
428 981 553 1047 padam
577 997 597 1032 a
622 981 728 1034 ainai
749 982 889 1036 illatione.
932 980 997 1037 Non
1022 983 1214 1034 wearmrars
1241 983 1399 1052 witmau,
1427 1000 1498 1054 quas
1531 984 1719 1040 recensuimus
1746 988 1770 1050 t.
1801 989 1861 1042 tot.

158 1081 306 1135 pennum
327 1066 458 1136 operibus
484 1066 587 1121 nocuis
612 1069 762 1136 promereri
781 1085 882 1138 panem
905 1069 996 1140 quoti·
1023 1064 1124 1136 quibus
1141 1065 1214 1120 adde
1231 1075 1385 1138 sequentes
1421 1068 1553 1138 Lyranns
1569 1070 1598 1124 in
1620 1075 1737 1140 exposit.
1757 1069 1814 1124 dit.
1830 1074 1860 1126 ts

160 1152 284 1216 dianum,
304 1153 355 1206 sed
373 1169 391 1206 a
407 1152 469 1208 Deo
487 1168 554 1207 eum-
568 1153 743 1208 smendicsrs
762 1154 903 1225 cogimur3
930 1171 997 1225 ergo
1025 1152 1113 1206 sans
1130 1160 1247 1206 aetem
1268 1155 1377 1208 cecedit
1394 1156 1520 1209 totaliter
1536 1157 1705 1221 facultatem
1722 1156 1862 1210 amatae

159 1237 249 1292 multa
274 1237 367 1291 minus
392 1238 478 1292 vitem
496 1244 637 1293 aeternam
660 1241 812 1309 promereri
836 1240 995 1311 potuimus.
1023 1247 1151 1302 calmae,
1172 1247 1293 1308 propter
1319 1242 1398 1308 quod
1424 1258 1482 1293 aaa
1503 1249 1598 1311 potest
1624 1258 1686 1296 eam
1714 1243 1860 1312 adispere,

160 1326 261 1380 Petrus
278 1330 378 1394 negat,
402 1339 432 1377 se
454 1324 568 1394 propris
590 1323 716 1396 εὐσεβείᾳ
737 1326 868 1380 claudum
883 1341 996 1381 sanasse
1022 1325 1080 1376 ossi
1096 1342 1129 1379 sa
1143 1323 1278 1392 larciwu
1296 1326 1411 1379 diuinae
1429 1327 1653 1381 misericordiae
1689 1327 1813 1399 Brigitta
1830 1329 1861 1382 ia

160 1410 257 1466 Actor.
274 1414 299 1478 3,
316 1427 341 1463 r.
359 1414 399 1466 ts.
418 1426 486 1480 ergo
503 1409 590 1464 multa
609 1411 701 1465 minas
718 1420 861 1468 aeternam
875 1410 996 1467 felicita-
1023 1410 1134 1465 revelat
1156 1409 1204 1465 tib.
1230 1418 1252 1465 1.
1277 1426 1299 1464 c.
1320 1414 1360 1466 ll.
1404 1410 1546 1466 Christum
1570 1408 1723 1467 introducit
1740 1429 1862 1484 conque·

159 1504 217 1551 tem
246 1511 281 1550 ac
308 1495 457 1550 sanitatem
485 1497 599 1566 propria
627 1495 754 1570 εὐσεβείᾳ
780 1498 879 1552 mereri
896 1499 996 1568 potuit.
1023 1501 1143 1552 renum:
1169 1496 1306 1550 Hostiam
1326 1515 1382 1566 per
1408 1515 1489 1551 mam
1512 1499 1675 1567 caperbiam
1693 1499 1792 1553 voluat
1808 1502 1861 1553 ad-

159 1581 295 1637 Esechias
314 1597 362 1635 rex
381 1587 495 1651 propter
511 1588 664 1637 artemam
682 1599 749 1654 opes
767 1590 891 1639 terrenas
904 1600 996 1654 repre·
1022 1582 1155 1634 accudere
1180 1581 1211 1634 io
1236 1582 1344 1635 coelam
1368 1591 1394 1636 et
1409 1600 1466 1637 aaa
1483 1585 1629 1648 confidunt
1652 1586 1684 1638 ia
1701 1601 1748 1637 me
1759 1585 1814 1638 sed
1829 1584 1861 1637 ie

159 1668 305 1734 hmditur,
329 1675 357 1722 et
374 1666 467 1721 Deum
490 1668 636 1722 credamus
654 1669 728 1724 ferre
746 1685 844 1740 paese,
865 1676 897 1724 nt
916 1670 996 1739 spiri-
1023 1683 1062 1735 ee,
1072 1668 1219 1731 sacieotec
1235 1667 1406 1722 uoluntatem
1424 1687 1506 1722 asam
1519 1677 1650 1723 etmcam
1664 1671 1859 1738 relinquerem.
1873 1678 1917 1720 xx.
1931 1678 1976 1723 ³⁶2

159 1753 250 1808 tuales
274 1769 388 1823 opernm
408 1752 521 1807 divitias
545 1760 680 1826 tanquam
698 1756 773 1810 riae
792 1763 923 1812 aeternae
942 1773 997 1811 mc
1022 1751 1068 1807 lib.
1090 1758 1113 1808 t.
1131 1767 1158 1806 c.
1176 1756 1221 1807 2⁰:
1251 1752 1322 1807 sans
1340 1755 1471 1823 quidam,
1497 1757 1548 1825 qai
1569 1757 1678 1809 meritie
1705 1756 1766 1810 ruis
1792 1756 1884 1830 obti-¹

159 1838 270 1894 ritorias
285 1839 466 1908 jactitamus?
502 1842 528 1904 9)
548 1845 591 1894 Ea
603 1842 729 1910 propria
749 1841 901 1896 electarum
923 1845 997 1895 testi·
1023 1855 1089 1891 sere
1106 1840 1225 1891 medard
1242 1839 1358 1907 cadant
1382 1842 1482 1908 quidus
1502 1844 1583 1895 Deae
1596 1843 1696 1910 parcit
1713 1858 1733 1895 a
1751 1840 1863 1896 diaboli

158 1926 298 1989 flectione.
334 1923 425 1978 Eiecti
445 1925 474 1978 in
493 1924 538 1979 die
554 1926 704 1980 nariuimc
722 1926 759 1981 ed
775 1927 850 1982 ritae
868 1934 998 1984 aeternae
1024 1925 1222 1978 tentatiasidsse
1236 1940 1270 1977 ec
1282 1927 1394 1980 occulta
1409 1928 1620 1996 ἀίσρσπεαὲἰοπο
1630 1945 1699 1996 eaa,·
1717 1927 1772 1982 alii
1787 1936 1862 1996 suist,

159 2011 361 2082 pcueesionem
395 2011 488 2065 vocati
521 2010 620 2065 nolunt
652 2029 805 2082 agnoscere
830 2030 914 2084 opera
939 2031 998 2077 saa,
1024 2012 1074 2081 qui
1093 2010 1224 2080 operibus
1246 2010 1307 2064 euin
1330 2012 1501 2074 tatissacere
1524 2014 1588 2067 Dec
1607 2021 1713 2082 patant
1730 2029 1789 2082 pro
1816 2030 1862 2068 ec·

160 2098 240 2169 qnasi
255 2103 368 2168 propter
384 2112 478 2152 eornm
492 2097 594 2153 merita
605 2099 634 2152 in
646 2099 732 2153 vitam
750 2105 892 2154 aeternam
908 2100 997 2154 intro-
1024 2096 1144 2149 cestibus
1158 2097 1225 2152 ruit.
1253 2096 1377 2159 mmm
1390 2097 1511 2152 omnium
1523 2115 1605 2151 error
1617 2099 1729 2152 omnim
1741 2100 1860 2153 damac·

160 2183 288 2239 mittendi
306 2183 363 2237 sint
379 2184 425 2238 rel
437 2182 528 2253 gloria
540 2183 614 2238 illins
628 2185 703 2239 ritae
720 2185 880 2242 coronandi.
896 2186 997 2242 Matth.
1024 2181 1091 2234 bilis
1109 2189 1157 2249 eet,
1177 2183 1246 2250 quia
1266 2182 1378 2236 etium
1397 2183 1515 2251 quilibet
1533 2184 1615 2238 tomo
1633 2185 1737 2240 centia
1755 2201 1861 2254 corpur

160 2275 245 2336 25,ν.
263 2268 411 2338 31.Δροο.
433 2274 458 2333 4,
478 2286 505 2323 v.
526 2274 565 2324 tc.
605 2273 646 2336 to)
666 2272 713 2324 Ea
727 2272 917 2326 adsardmum
933 2288 995 2324 coa-
1022 2285 1104 2320 mam
1127 2268 1280 2336 occideret,
1303 2285 1359 2322 aaa
1381 2277 1478 2336 posset
1503 2271 1567 2323 Dea
1594 2288 1681 2324 unum
1702 2287 1760 2339 pra
1781 2269 1861 2324 mille

159 2357 306 2411 sectatore
343 2353 373 2409 Si
397 2353 473 2409 bans
497 2371 583 2425 opera
607 2364 701 2412 essent
719 2357 793 2412 ritae
812 2363 944 2414 aeternae
963 2374 997 2412 ex
1023 2355 1204 2424 respomem.
1227 2352 1275 2408 lib.
1296 2358 1321 2419 6,
1345 2369 1369 2410 e.
1387 2359 1433 2409 tt:
1466 2355 1535 2410 Noa
1561 2356 1592 2408 iu
1620 2355 1700 2410 lonis
1728 2355 1861 2425 operibus

160 2441 300 2512 condigno
314 2440 464 2508 meritorie,
480 2439 586 2496 tiducia
601 2442 693 2497 cordis
710 2442 741 2496 in
759 2458 794 2497 ea
810 2442 939 2498 collocari
956 2448 997 2498 et·
1022 2441 1128 2493 uacui·
1158 2440 1287 2494 delemar
1314 2443 1471 2506 confidere,
1507 2458 1581 2510 qaae
1618 2450 1861 2511 quarumcunque

161 2543 216 2598 que
239 2527 391 2583 intentione
415 2529 502 2582 msam
526 2534 667 2583 aeternam
691 2545 742 2599 per
766 2545 799 2584 es
821 2528 996 2599 promerendi
1023 2542 1127 2594 mappa
1153 2532 1232 2594 saut,
1262 2527 1346 2594 quasi
1368 2527 1451 2580 uuila
1473 2535 1607 2597 reputare
1628 2528 1767 2596 debemur,
1794 2527 1861 2582 lieet

159 2613 221 2669 fieri
236 2619 357 2684 possent
388 2614 444 2669 Sed
455 2613 508 2668 hoc
525 2614 690 2670 adversatur
702 2614 860 2684 Scripturis.
892 2617 934 2684 11)
950 2616 997 2668 Eu
1023 2611 1259 2675 necessarimm,
1276 2613 1329 2664 sed
1344 2628 1407 2664 cam
1423 2611 1581 2666 humilitate
1593 2629 1711 2682 sperare
1731 2613 1861 2667 dedemus

159 2699 254 2755 meriti
270 2699 378 2754 carati
400 2709 426 2754 et
451 2709 611 2756 rostrorum
630 2701 792 2756 meritorum
809 2702 996 2770 apparitione.
1023 2699 1054 2751 ia
1070 2698 1134 2750 tola
1151 2697 1352 2751 misericordia
1368 2698 1434 2752 Dei.
1463 2696 1607 2754 lohannes
1626 2698 1716 2752 Ferus
1734 2698 1763 2752 in
1780 2715 1860 2769 areg.

159 2786 259 2843 Stante
281 2785 379 2840 mento
399 2784 504 2841 Christi
527 2785 676 2841 concidunt
701 2801 817 2855 operum
841 2792 996 2841 nostrorum
1022 2782 1260 2854 epistchnc.t:
1280 2783 1391 2836 Paulus
1399 2791 1490 2850 repat,
1507 2800 1561 2852 per
1578 2800 1666 2853 opera
1685 2801 1736 2837 πω
1756 2784 1861 2838 maeri

160 2871 260 2927 merita
276 2876 330 2928 etc.
360 2869 467 2926 Horum
485 2878 712 2942 argumentorum
730 2872 882 2940 pleniorem
898 2870 996 2927 contir-
1022 2870 1410 2937 remissiorempeeaataram‚
1421 2869 1705 2938 alioquieioperidue
1712 2886 1860 2939 meream,

159 2957 309 3013 mationem
335 2957 419 3011 stab
437 2955 649 3027 exceptionibus
667 2957 888 3011 adversariorum
907 2957 996 3012 vindi·
1017 2958 1083 3025 jam
1103 2972 1160 3008 aaa
1180 2962 1222 3008 eet
1241 2956 1350 3024 petia,
1375 2956 1471 3023 pratia
1491 2957 1615 3010 excludit
1640 2956 1751 3012 merita.
1785 2973 1810 3010 c.
1829 2960 1859 3011 l:

160 3043 297 3100 cstianem
308 3042 373 3097 ride
391 3047 473 3099 tract.
483 3042 520 3097 de
534 3042 614 3096 bonis
626 3042 756 3113 operibns
772 3045 798 3111 ἦ.
810 3049 852 3100 96.
873 3049 902 3100 et
919 3058 997 3115 seqq.
1026 3042 1147 3096 Gratiae
1160 3041 1221 3094 Dei
1233 3040 1386 3094 detrahunt
1403 3048 1430 3093 et
1447 3041 1590 3095 Gtriaum
1603 3042 1755 3110 abjiciant,
1775 3043 1860 3096 adeo·

159 3129 238 3185 Addi
260 3127 343 3183 etiem
360 3135 455 3198 posset
474 3133 669 3198 argumentum
689 3145 723 3181 ea·
739 3130 831 3183 caari
848 3137 939 3184 statae
956 3131 999 3182 ad
1023 3144 1115 3198 quere
1126 3128 1205 3196 arsat
1213 3129 1350 3196 perdunt,
1370 3126 1421 3195 qui
1438 3128 1573 3189 tidaciam
1592 3128 1623 3180 io
1642 3144 1731 3196 opera
1741 3135 1859 3197 peretot.

155 3216 333 3288 primevam
342 3214 560 3282 comparatwae.
576 3212 608 3268 Si
615 3214 644 3267 in
653 3218 729 3268 statu
738 3214 908 3284 integritatis
916 3215 997 3269 homo
1023 3230 1047 3268 c.
1070 3219 1114 3270 tu:
1136 3213 1207 3268 sota
1216 3215 1279 3280 fide
1293 3213 1324 3265 ia
1337 3211 1481 3266 Christum
1492 3213 1616 3266 doullie
1633 3214 1740 3267 masta
1752 3214 1860 3268 auaris

160 3317 218 3356 nors
237 3299 375 3371 potuisset
395 3300 482 3354 vitam
509 3303 651 3353 aeternam
680 3317 714 3354 ex
740 3301 838 3355 merito
862 3300 996 3370 obtinere,
1022 3300 1221 3367 justificamur.
1277 3297 1442 3368 Ludolphus
1470 3298 1670 3354 carthusianus
1706 3299 1736 3353 in
1764 3299 1859 3358 medii.

161 3388 248 3443 multo
271 3387 362 3441 minus
384 3392 449 3456 post
476 3384 586 3455 lapsum
611 3384 683 3438 iilud
706 3383 766 3439 fieri
791 3386 901 3456 poterit.
940 3387 996 3441 Sed
1024 3386 1098 3440 vitas
1108 3384 1210 3439 Christi
1230 3385 1338 3454 prolog.
1357 3385 1410 3440 col.
1426 3389 1455 3440 3:
1478 3383 1583 3439 Caveat
1595 3386 1860 3457 prudentertidelis

160 3491 257 3529 veram
278 3472 371 3543 prius,
396 3488 464 3543 ergo
492 3478 521 3525 et
542 3475 686 3541 posterius.
732 3471 874 3526 Ccunexio
900 3479 942 3527 est
967 3473 996 3528 in
1019 3480 1169 3541 peccator,
1194 3478 1225 3523 ut
1253 3487 1397 3539 aarqaam
1426 3471 1457 3523 ia
1481 3488 1644 3542 quaeamus
1667 3479 1743 3524 cteta
1759 3472 1860 3551 fuerit,

159 3560 263 3630 aprico.
305 3557 469 3611 Assumtum
496 3556 647 3626 probatur,
684 3561 707 3625 1)
739 3557 807 3628 quia
837 3557 997 3616 obedientia
1023 3557 1222 3627 confidentiam
1244 3557 1275 3608 irs
1296 3555 1405 3609 madir
1426 3557 1487 3609 ruis
1510 3548 1626 3624 talea,
1651 3559 1703 3610 sed
1726 3565 1859 3628 mquam

159 3645 243 3717 primi
265 3643 385 3700 hominis
408 3643 469 3712 jam
492 3650 558 3698 ente
574 3642 673 3696 fuisset
689 3642 751 3696 Deo
768 3650 864 3713 utpote
880 3645 997 3699 creatori
1023 3643 1169 3697 aarum
1182 3641 1384 3712 pauperculae,
1401 3643 1514 3694 omuino
1531 3643 1714 3709 auditricem,
1732 3645 1774 3696 ad
1791 3644 1860 3698 elee-

160 3730 264 3787 debita
315 3729 391 3799 Ergo
421 3728 533 3799 proprie
559 3733 589 3783 et
614 3735 745 3783 accurate
774 3729 914 3800 loquendo
941 3747 997 3784 non
1023 3746 1167 3798 moeysaos
1187 3727 1370 3781 Dominicam
1390 3729 1607 3782 mendicandum
1627 3745 1737 3798 semper
1754 3747 1861 3785 oacmss

159 3817 258 3872 fuisset
280 3814 430 3870 meritorie.
470 3817 496 3880 2)
524 3812 554 3869 si
578 3814 703 3868 homines
720 3814 750 3867 in
769 3820 845 3868 stetu
864 3815 997 3870 innocen·
1023 3818 1149 3883 accedat,
1168 3817 1238 3869 llaec
1256 3823 1349 3868 autem
1365 3814 1461 3880 faciat
1478 3830 1535 3867 ooo
1551 3816 1637 3883 quasi
1652 3832 1684 3867 ex
1701 3815 1860 3870 humilitate

159 3903 217 3958 tiae
252 3918 286 3955 cx
319 3901 392 3956 donc
419 3900 474 3955 Dei
500 3899 675 3968 accepissent
699 3899 785 3953 ritem
816 3901 996 3971 corporalem,
1023 3904 1089 3966 ficta
1108 3901 1210 3954 meatu
1226 3917 1279 3952 sesa
1301 3901 1489 3962 abscondere,
1513 3902 1566 3953 red
1588 3901 1741 3956 certissime
1758 3903 1858 3968 aune,

160 3988 247 4043 multo
264 3986 355 4057 magis
375 4002 410 4040 ex
428 3986 502 4040 donc
523 3984 577 4040 Dei
594 4001 624 4039 se
648 3985 734 4039 vitam
759 3993 900 4040 aeternam
919 4003 996 4042 ecce·
1024 3990 1102 4058 qaod
1119 4005 1175 4041 noa
1186 3985 1395 4055 justificabitur
1412 3985 1443 4039 ia
1460 3995 1611 4055 conspecta
1631 3988 1690 4040 Dei
1712 3989 1803 4041 amate
1820 3989 1860 4041 as'·

159 4071 395 4143 ptnroqeonfeni
419 4071 547 4126 sonunt.
585 4075 612 4138 t)
639 4071 725 4127 Nulla
747 4070 848 4126 suisset
872 4072 997 4142 amanlis
1023 4091 1098 4129 aere.
1143 4069 1269 4127 «lacobus
1294 4070 1441 4126 Sadoletus
1476 4071 1524 4126 lib.
1549 4076 1573 4128 l.
1598 4088 1696 4127 comm.
1723 4072 1753 4126 in
1780 4073 1860 4143 epist.

161 4158 304 4229 proportio
328 4155 506 4212 obedientiae
529 4155 649 4211 hominis
675 4158 760 4211 etism
779 4157 997 4228 perfectissimae
1022 4161 1103 4216 Rem.
1122 4177 1150 4230 p.
1170 4165 1216 4214 11:
1252 4158 1344 4230 Spero
1358 4158 1599 4211 immortalitatem
1616 4159 1756 4226 consequi,
1774 4175 1860 4227 piam

160 4242 197 4298 sd
221 4250 364 4299 acumem
386 4241 514 4297 coelestis
540 4241 646 4310 gloriae
671 4242 790 4312 pandus.
820 4247 848 4308 4)
867 4243 998 4313 ῐιγηιιιιε
1024 4249 1106 4301 Deae
1132 4247 1264 4310 fidelibus
1281 4246 1341 4298 cair
1354 4245 1521 4316 proponit,
1545 4261 1595 4298 aec
1615 4244 1648 4296 s'd
1667 4253 1760 4297 wasers
1778 4245 1860 4298 meri·

160 4331 190 4385 iu
208 4347 307 4385 comm.
325 4327 396 4385 Gen.
410 4333 435 4394 2,
453 4345 478 4382 v.
497 4333 536 4383 15.
554 4327 643 4382 utitur
654 4328 703 4381 tali
717 4337 894 4399 argumente:
914 4332 997 4385 Dici-
1023 4342 1116 4386 torum
1131 4347 1255 4385 oscorum
1279 4331 1396 4394 fiducia,
1415 4331 1466 4382 ted
1483 4329 1575 4397 speiae
1593 4329 1652 4381 Dei
1669 4329 1817 4383 clamastis
1835 4337 1861 4383 et

160 4424 207 4471 tur
229 4418 311 4470 tomo
331 4415 445 4485 potitus
461 4432 480 4467 a
496 4415 610 4468 Deoia
629 4414 718 4469 torto.
758 4416 817 4467 Per
835 4416 887 4470 isac
905 4426 996 4471 oeteo-
1024 4418 1147 4473 dossime
1178 4418 1329 4470 adductae.
1378 4413 1537 4468 Fridericns
1570 4412 1684 4469 Nausea
1712 4415 1860 4486 episcopas

161 4503 250 4571 ditur,
267 4502 346 4570 quod
358 4499 455 4553 Adam
466 4499 558 4563 fauit
572 4500 716 4564 sarmatas
727 4507 808 4553 entra
824 4503 998 4569 paradiraus
1024 4500 1192 4559 Viennensis
1209 4504 1283 4554 cent.
1302 4505 1326 4554 2.
1344 4497 1438 4552 homil.
1459 4504 1525 4554 stt:
1545 4498 1573 4551 A
1588 4498 1787 4555 pneumata
1802 4503 1861 4556 Des'

160 4589 424 4654 adoaeodessdam,
440 4587 583 4655 quoditie
600 4586 682 4640 lactu
698 4587 756 4655 ipsi
773 4587 925 4641 delebatur
941 4606 997 4642 aaa
1024 4589 1103 4641 nodis
1122 4595 1180 4651 cet,
1198 4586 1341 4654 quidquid
1355 4602 1452 4638 samrss
1468 4593 1496 4638 et
1513 4585 1656 4654 tabernae,
1672 4595 1700 4641 et
1721 4587 1862 4658 quidquid

160 4683 311 4730 eaaatura
328 4675 382 4727 ted
397 4690 431 4726 ec
448 4673 552 4742 pratia,
570 4673 681 4727 eicatet
694 4673 897 4727 immortalitas
911 4691 996 4743 prae·
1024 4674 1148 4741 mmsis,
1183 4680 1226 4724 eet
1254 4671 1378 4740 perinde
1408 4678 1492 4738 atque
1527 4671 1637 4738 cipetum
1667 4672 1861 4741 pratitadias's.

161 4763 247 4816 dicta.
278 4760 305 4827 d)
318 4759 661 4815 Primushomocooditeu
670 4759 874 4816 erataDeoad
885 4759 996 4815 beatam
1023 4758 1143 4830 Agenda
1159 4755 1258 4813 eccles.
1272 4754 1400 4827 Megara
1420 4771 1484 4811 ann.
1508 4762 1582 4812 1⁵51.
1601 4758 1669 4813 edit.
1688 4758 1709 4815 i.
1729 4763 1777 4814 'lit
1793 4760 1861 4814 Noa

159 4845 396 4902 immortalitatem
419 4844 487 4916 Sep.
508 4849 532 4914 2,
557 4861 583 4899 r.
604 4850 646 4902 21.
669 4862 737 4917 ergo
761 4862 817 4900 nan
839 4844 894 4900 tuit
917 4863 997 4916 opus,
1023 4854 1072 4899 tua
1091 4844 1191 4911 solam,
1211 4842 1362 4900 ,carissime
1382 4842 1485 4905 frater,
1502 4845 1555 4896 ced
1569 4844 1693 4897 arcuum
1708 4845 1794 4898 etiam
1811 4845 1861 4899 lsa-

159 4941 192 4989 nt
207 4950 258 5005 per
276 4931 389 5004 propria
407 4930 508 4986 merite
519 4946 580 4985 eam
599 4932 710 4987 demum
721 4930 884 5002 acquireret
917 4930 997 4987 Idem
1023 4932 1127 4985 uiuum
1143 4929 1246 4982 mamm
1263 4927 1349 4983 rimis
1366 4928 1469 4994 eaipaa
1488 4936 1514 4981 et
1531 4931 1627 4983 ursaia
1643 4937 1716 4999 saut,
1734 4947 1815 4999 psam
1829 4937 1862 4984 at

156 5020 294 5091 judicium
319 5026 379 5076 esto
404 5017 439 5072 de
464 5017 567 5072 sanctis
590 5016 715 5088 eugeus,
747 5018 783 5072 de
811 5017 913 5089 quibus
938 5017 997 5074 Aa·
1022 5017 1159 5082 fiduciam
1176 5014 1415 5069 salatislomoia
1431 5013 1618 5068 recollocare
1626 5015 1726 5084 possit.
1756 5015 1861 5071 Beller-

159 5107 288 5178 gustinas
307 5104 355 5159 lib.
373 5104 409 5158 de
425 5103 481 5158 tide
504 5102 541 5157 ed
560 5102 675 5159 Petrum
698 5120 721 5161 c.
742 5109 788 5160 ts:
814 5107 878 5159 Hoc
895 5106 996 5174 ipram,
1023 5103 1114 5156 minus
1134 5102 1194 5173 ipse
1211 5101 1259 5156 lib.
1279 5106 1303 5156 2.
1324 5099 1360 5154 de
1377 5099 1481 5170 poenit.
1499 5115 1522 5154 c.
1543 5107 1584 5157 12.
1601 5101 1729 5155 meritum
1745 5119 1780 5155 ea
1796 5118 1861 5157 coa·

159 5194 238 5262 quod
254 5192 290 5245 al
304 5191 357 5245 illo
374 5197 449 5243 stata
466 5189 657 5256 beatitudiau,
677 5191 707 5242 s'o
726 5209 781 5260 qao
801 5198 874 5254 eant,
890 5191 999 5245 matari
1024 5191 1111 5259 dipaa
1125 5188 1238 5257 cratiae
1255 5187 1369 5257 opponi,
1388 5191 1463 5241 recte
1483 5187 1589 5242 assent
1630 5187 1695 5241 Jam
1713 5204 1780 5243 vero
1799 5191 1861 5242 tota

160 5279 191 5331 iss
212 5278 337 5334 deteriw
354 5277 517 5330 uallauaus
532 5283 667 5344 poseant,
688 5293 746 5328 aas
764 5284 804 5330 est
821 5277 863 5330 eis
879 5285 997 5331 natara-
1023 5274 1169 5346 Scriptura
1192 5273 1307 5338 clamat,
1332 5271 1418 5326 uum
1445 5278 1586 5326 aeternam
1611 5270 1671 5326 dari
1699 5289 1733 5326 ex
1759 5273 1862 5344 patin,

160 5363 227 5418 liter
245 5364 372 5426 insitum,
388 5363 442 5415 scd
456 5368 605 5430 postquam
621 5361 712 5414 creati
728 5369 802 5430 saut,
821 5362 934 5432 pratiae
953 5364 997 5417 di·
1022 5377 1078 5432 quo
1108 5360 1292 5416 Bellarminus
1321 5373 1425 5429 negare
1447 5358 1552 5428 nequit,
1587 5358 1642 5415 uisi
1665 5358 1733 5414 rclit
1748 5375 1861 5432 negare,

53 5487 59 5497 .
159 5449 242 5502 auae
260 5448 396 5517 larpitate
410 5446 554 5501 collatura
580 5450 605 5501 ³.
626 5447 673 5501 Ea
685 5454 800 5516 patrum
814 5448 906 5517 dictio,
924 5464 997 5519 qnae
1022 5447 1108 5503 salem
1127 5447 1221 5502 lucere
1239 5445 1268 5500 in
1286 5444 1408 5500 meridie.
1435 5443 1511 5514 Ergo
1520 5451 1664 5515 agnoscat,
1682 5445 1757 5501 bona
1774 5460 1861 5517 cpsrs

160 5535 246 5607 tanga
263 5534 335 5590 serie
353 5530 575 5590 enummsrimus
598 5533 696 5601 troo.
735 5531 847 5601 Mopse
866 5543 907 5589 est
925 5535 997 5590 nal·
1023 5551 1079 5590 non
1091 5550 1153 5590 esse
1169 5532 1311 5589 meritoris
1326 5530 1547 5587 riteeeeternae
1564 5532 1757 5604 excondigno.
1775 5531 1823 5588 lib.
1836 5536 1861 5587 2.
