4050 6014
761 248 816 305 Du
832 247 1137 306 VITMETERNA.
1731 259 1792 317 367
1899 297 1902 301 .

91 399 312 453 commtionem
329 399 435 453 calorii
447 400 595 456 noturolir.
634 401 707 464 Quia
724 403 812 471 initur
828 404 927 472 iujm-
957 403 1098 458 ebriatum
1115 421 1266 476 operamur.
1302 404 1458 461 Illeiactuo
1472 404 1607 460 ertbomo
1623 403 1795 472 immortalia,

93 484 174 539 modi
200 483 351 539 dissolutio
379 485 424 540 rel
439 486 593 540 conmmtio
613 487 706 541 lomim
726 506 781 543 non
800 488 884 544 babet
901 489 931 543 in
957 495 1161 560 utpoaaetnon
1176 491 1254 556 mori,
1270 491 1293 544 ei
1306 507 1361 546 nou
1375 497 1514 562 peccam,
1527 497 1794 559 morereturautem,

92 569 260 639 hujumodi
282 571 462 640 corporibus,
481 571 664 636 menifestum
681 581 737 643 ert,
757 575 825 643 meio
843 591 931 644 nequ
957 575 1142 646 aipecoaret3
1166 576 1217 630 filii
1239 583 1333 632 autem
1357 577 1565 633 rerurrectimia
1586 593 1641 631 nou
1660 582 1791 646 poterunt

93 655 302 711 immerentem.
336 654 460 711 Theman
482 662 502 713 1.
522 663 546 713 2.
558 674 586 728 q.
598 662 640 712 91.
659 663 711 714 ert
727 665 757 714 2:
776 661 813 714 In
831 660 932 714 ultimo
956 660 1032 716 ultra
1054 678 1171 733 peceare
1193 678 1245 718 uec
1264 663 1340 717 mori.
1377 661 1457 718 Sicut
1475 662 1552 717 aliud
1572 669 1615 716 eet
1633 677 1715 732 poree
1735 677 1791 716 uon

91 747 246 810 uotupoet
264 742 497 796 remrrcctioaem
516 744 614 798 animo
628 745 845 800 communicabit
864 762 932 816 φαο-
957 764 1074 818 peccare
1097 754 1125 803 et
1149 766 1204 803 nou
1222 763 1303 818 ponae
1321 764 1451 819 peccam
1475 748 1515 803 ric
1541 747 1617 803 aliud
1645 754 1688 803 eet
1710 763 1793 818 peace

93 828 588 898 dommodocmporimouoecunt
597 830 932 903 ribipropria,inouon·
957 850 1013 888 nou
1041 834 1111 889 mori
1138 841 1167 889 et
1191 851 1246 889 non
1274 851 1356 905 poeno
1377 835 1456 889 mori.
1499 833 1580 889 Prior
1601 832 1794 887 immortaliter

92 921 152 966 tum
176 921 217 967 ert
240 914 378 982 epiritm5
400 914 639 970 immortalitatem
658 918 780 985 quidem,
798 925 932 986 quantum
957 919 1090 973 moriendi
1108 926 1202 975 actum
1220 920 1300 988 tollit,
1319 925 1484 990 potestatem
1504 935 1613 973 omnem
1630 917 1730 972 saltem
1747 934 1791 974 re·

92 1001 135 1052 ud
159 1016 263 1063 omues,
281 999 535 1069 inpmnbilitotem
560 1018 626 1056 nero
653 1010 679 1055 et
696 1003 819 1070 domam
833 1011 861 1057 et
876 1004 932 1057 oir-
957 1011 1060 1059 motam
1079 1022 1134 1060 non
1148 1005 1278 1072 excludit,
1297 1005 1433 1076 posterior
1445 1021 1511 1060 vero
1526 1010 1675 1076 utrumque
1690 1002 1792 1058 abolet

93 1093 192 1154 mem,
218 1094 354 1155 mentum
376 1087 418 1140 orl
439 1086 540 1150 bonor,
564 1105 680 1156 quorum
700 1105 823 1160 corporo
845 1089 932 1158 epiri·
956 1091 1265 1156 ³)Abimmortuiitate
1279 1091 1442 1158 onpclorum
1456 1097 1484 1143 et
1493 1092 1662 1146 animorum.
1689 1087 1793 1158 Augeli

92 1171 185 1224 taalio
203 1171 341 1228 dicentur.
380 1172 459 1226 Unde
473 1179 539 1241 port
557 1174 789 1228 rerurrectionem
807 1175 931 1230 mineo
956 1183 986 1230 et
1003 1175 1111 1231 animm
1128 1176 1298 1232 immortales
1316 1184 1382 1232 erut
1397 1193 1447 1247 per
1466 1176 1585 1247 gratiam
1598 1174 1746 1229 creationia
1766 1178 1795 1227 et

91 1257 163 1312 cibit
187 1275 243 1312 non
261 1257 440 1326 indicibunt,
466 1259 520 1311 recl
542 1259 574 1312 in
601 1267 676 1313 etotu
699 1261 875 1314 innocentiae
894 1261 931 1314 iit
957 1267 1069 1332 proptor
1090 1261 1264 1317 meeubulem
1291 1279 1309 1316 a
1333 1263 1449 1316 materia
1477 1261 1713 1332 segregationem,
1742 1259 1791 1313 ned

91 1342 265 1411 indicebant.
301 1341 417 1400 ldemt.
438 1348 508 1397 rent
526 1342 589 1398 diat.
608 1350 649 1400 44.
667 1362 695 1416 q.
710 1350 734 1401 2.
754 1351 881 1401 recenset
897 1361 931 1399 ac
957 1363 1074 1416 corpora
1097 1346 1241 1401 beatorum
1267 1347 1423 1419 glorificata
1450 1356 1532 1402 crunt
1556 1345 1722 1401 immortalia
1742 1359 1794 1416 per

92 1427 195 1481 refellit
220 1427 395 1498 quorundam
422 1427 594 1497 opinionem,
612 1429 660 1499 qui
681 1433 835 1499 putabant,
852 1432 932 1484 dotet
957 1432 1126 1502 singularem
1145 1431 1198 1488 Dei
1220 1432 1423 1488 ordinationem
1446 1450 1480 1487 ac
1507 1433 1661 1503 perfectam
1681 1430 1794 1485 divinae

94 1514 225 1584 corporis
245 1513 403 1582 ploriticoti
430 1514 595 1582 epiritualea
615 1531 648 1567 ce
667 1515 835 1572 immistione
851 1517 929 1584 quin-
955 1516 1086 1587 imaginio
1097 1517 1310 1574 renovationem
1341 1522 1368 1587 4)
1384 1519 1430 1573 Ab
1447 1519 1660 1572 immortalitate
1674 1519 1792 1570 clamne·

93 1607 139 1653 tce
166 1599 301 1653 mccmioe
330 1599 513 1656 inducendas.
558 1598 778 1657 Arbitrabantur
803 1602 877 1657 enim
901 1602 930 1655 in
956 1611 1056 1658 mnan.
1092 1603 1223 1658 Damnati
1248 1610 1332 1658 erunt
1355 1605 1550 1671 immortales,
1563 1604 1629 1675 quia
1655 1609 1793 1672 quaerent

91 1684 215 1739 inmune
232 1686 498 1754 communiendam
511 1693 632 1754 quotuor
652 1687 794 1741 cumenae
813 1694 930 1752 conetot,
957 1696 1084 1751 monem,
1109 1691 1161 1742 aed
1182 1707 1258 1742 more
1282 1690 1374 1759 impiet
1393 1692 1430 1743 ab
1450 1691 1491 1742 cir
1522 1688 1613 1757 Apoc.
1632 1694 1657 1756 9,
1676 1706 1701 1741 v.
1718 1693 1742 1744 b.
1762 1693 1793 1741 at

93 1772 179 1824 etiam
194 1771 224 1823 in
237 1778 315 1824 atotn
327 1770 413 1839 bujur
427 1772 528 1824 mundi
541 1771 717 1826 harmoniam
735 1771 930 1826 elementorum
956 1773 1025 1827 baec
1042 1773 1144 1828 mirera
1162 1773 1214 1828 erit
1231 1774 1431 1842 immortalitas,
1453 1775 1519 1845 quia
1535 1790 1590 1828 nou
1610 1775 1639 1827 iu
1659 1772 1793 1829 felicitate

93 1858 166 1911 inter
190 1872 249 1910 rere
276 1857 428 1911 cmciiiori
448 1874 500 1924 per
530 1867 665 1914 nouorum
682 1859 776 1927 quinti
792 1858 931 1927 corporis,
956 1865 985 1913 et
1005 1859 1122 1924 laetitia,
1150 1860 1201 1914 red
1225 1859 1255 1914 in
1280 1860 1376 1930 poenia
1400 1866 1430 1915 et
1454 1861 1564 1915 minaria
1583 1865 1665 1914 eruut
1681 1859 1791 1912 immor·

93 1944 171 2013 φασά
187 1943 287 1996 dicunt
305 1944 337 1997 in
355 1944 583 2012 compositionem
602 1944 721 1997 inmuni
737 1943 867 2013 corporia
885 1960 930 1997 oc·
956 1944 1037 2010 talen,
1054 1945 1129 2000 uude
1143 1952 1272 2016 respectu
1287 1945 1385 2001 beatae
1397 1945 1478 2014 ritae,
1498 1964 1516 2000 n
1530 1961 1588 2015 qua
1599 1950 1665 1999 aunt
1676 1943 1791 2011 exclusi,

92 2030 164 2093 nire,
182 2028 264 2098 σιφαε
282 2029 438 2083 interemta
456 2045 559 2097 corpere
575 2030 715 2083 reddetur
726 2030 822 2084 debito
835 2038 861 2082 et
877 2030 928 2083 bo-
956 2031 1087 2085 dicuntur
1112 2039 1255 2085 numm
1284 2032 1373 2100 mori,·
1391 2032 1441 2086 aed
1462 2032 1607 2088 beatorum
1625 2029 1789 2085 immortali-

92 2113 159 2166 bilir
171 2115 292 2168 materia
310 2115 422 2170 animae
440 2115 602 2169 rationalia
636 2114 672 2168 ln
690 2115 745 2169 boc
758 2124 851 2171 auum
868 2116 928 2170 citu
956 2121 998 2168 tan
1017 2133 1073 2171 non
1091 2122 1199 2171 tannim
1218 2117 1271 2171 erit
1282 2117 1385 2171 durana
1403 2119 1510 2172 animae
1530 2124 1560 2172 et
1572 2115 1698 2186 corporis
1715 2115 1790 2180 uuio,

91 2200 175 2270 ajunt
187 2200 419 2269 praedominium
437 2203 734 2270 rerepeneicorporit
753 2202 929 2257 elememoria
955 2200 1004 2254 ned
1026 2202 1109 2256 etiam
1124 2202 1225 2256 beatae
1243 2202 1318 2257 vitae
1332 2209 1447 2258 aeterua
1460 2202 1640 2258 continuatio.
1676 2201 1789 2253 Immor-

87 2293 217 2355 partem‚
255 2287 285 2339 in
318 2286 411 2340 obeo
437 2295 531 2340 nutem
556 2288 842 2356 prmdomootumm
869 2305 928 2343 cmc
954 2287 1047 2342 talitaa
1071 2303 1219 2358 corporum
1244 2288 1388 2343 beatorum
1409 2305 1473 2342 cum
1498 2287 1560 2342 aliie
1578 2284 1789 2358 glorificationi·

90 2389 193 2443 corpur
207 2372 343 2442 quintum,
356 2390 389 2429 cr
407 2374 488 2441 cnjus
499 2374 698 2443 praedominio
711 2390 813 2442 corpu
830 2374 929 2428 buno·
954 2371 1068 2428 dotibua
1081 2374 1135 2428 erit
1148 2376 1307 2444 conjuncta,
1327 2374 1374 2428 red
1389 2374 1583 2429 damnatorum
1597 2371 1790 2428 immortaliter

90 2475 155 2513 nram
183 2459 315 2513 trabatur
342 2461 384 2513 acl
406 2459 621 2514 rimilitudinem
643 2460 774 2529 corpori·
791 2459 928 2523 coelectie,
954 2458 1066 2513 abillis
1085 2460 1196 2530 penitae
1215 2461 1268 2515 erit
1286 2466 1423 2531 reparata.

90 2545 167 2598 unde
177 2546 291 2598 tandem
300 2547 485 2599 connituntur
495 2547 547 2601 boc
557 2548 641 2600 modo
650 2563 755 2618 corpur
767 2545 928 2614 epirituole.
990 2550 1032 2601 8'l.
1053 2545 1193 2600 Probatur
1204 2544 1273 2600 haec
1287 2561 1434 2615 corporum
1449 2544 1668 2617 glorificatorum
1681 2543 1791 2597 immor-

42 2647 78 2691 ι.
127 2634 169 2687 iu.
204 2634 229 2685 2.
248 2629 432 2684 Immortalin
451 2640 477 2684 et
499 2632 739 2703 incorruptibilem
775 2632 851 2688 llaec
868 2631 928 2703 glo·
955 2631 1050 2685 taliter
1076 2634 1100 2687 l.
1119 2647 1152 2683 σι·
1171 2631 1281 2684 ὤπασα
1301 2631 1427 2700 oportoli
1443 2633 1599 2685 mcertionc
1626 2637 1646 2685 1.
1667 2630 1729 2685 Cor.
1751 2635 1790 2698 15,

42 2710 79 2792 ⁰2}
92 2712 261 2771 rificatorum
285 2730 430 2785 corporum
457 2715 650 2772 immortaliter
676 2716 808 2773 dictincta
829 2716 882 2770 erit
905 2719 929 2782 1)
956 2734 980 2770 v.
1000 2721 1046 2772 42:
1072 2717 1232 2770 Seminotur
1256 2719 1288 2772 ir
1307 2719 1413 2790 φθορᾷ,
1430 2724 1560 2786 rccnrqct
1580 2717 1610 2768 in
1630 2713 1789 2790 ἀφθαρσίᾳ.

42 2802 128 2896 :aab
145 2801 357 2854 immortalitate
373 2801 440 2869 Dei,
457 2802 506 2872 qui
525 2818 576 2872 per
593 2802 741 2857 errautinm
758 2809 816 2857 eta
827 2819 857 2858 re
868 2801 929 2872 ipae
955 2818 982 2857 ν.
1000 2808 1042 2859 50.
1062 2799 1079 2871 ἦ
1099 2801 1195 2878 φθορὰ
1215 2804 1247 2856 οὐ
1266 2799 1385 2858 δύναται
1403 2803 1454 2870 τὴν
1471 2801 1641 2877 ἀφθαρσίαν
1658 2806 1792 2876 κληρονο-

91 2901 143 2957 per
160 2885 317 2943 absolutam
343 2896 372 2941 et
387 2887 574 2943 omnimodam
596 2887 732 2943 moriendi
751 2886 929 2959 impossibili·
954 2896 1034 2961 prin,
1063 2889 1174 2942 bmtom
1195 2888 1277 2942 illum
1302 2889 1542 2942 inmortalitatem
1571 2897 1597 2942 et
1620 2886 1791 2954 incorrupti·

91 2979 177 3029 ntcm
197 2972 360 3028 immortalia
379 2981 428 3039 ert,
456 2973 505 3028 eod
522 2973 599 3031 beati
619 2990 668 3044 per
683 2974 804 3044 gratiam
822 2980 851 3030 et
868 2974 928 3044 glo·
956 2975 1100 3042 br'litotem,
1113 2975 1237 3046 quamin
1254 2975 1282 3029 in
1296 2976 1375 3031 cocle
1389 2981 1589 3045 exspectamur.
1603 2990 1628 3030 v.
1639 2977 1680 3030 bt.
1697 2973 1790 3043 Opor·
1802 2987 1846 3031 xx.
1857 2987 1910 3034 att.

90 3059 173 3128 nam,
200 3055 326 3128 adeoque
351 3073 402 3128 per
421 3057 576 3114 beneficam
595 3058 649 3114 Dei
668 3058 801 3117 viciouem
820 3062 929 3114 immor·
955 3069 992 3114 tet
1010 3061 1194 3129 corruptibile
1215 3061 1265 3115 boc
1286 3061 1403 3114 incinere
1422 3061 1660 3130 incorruptionem
1669 3060 1702 3127 {et
1715 3076 1789 3112 mor·

91 3147 161 3203 talea
184 3152 268 3202 erunt
284 3147 381 3203 futuri.
418 3148 479 3203 lloc
507 3165 590 3203 aenan
617 3147 826 3217 accipiendum,
854 3148 929 3219 quod
955 3147 1013 3200 tole
1032 3148 1084 3201 boc
1105 3147 1223 3201 induere
1238 3146 1486 3215 immortalitatem,
1511 3164 1536 3200 v.
1557 3152 1598 3202 bt.
1618 3161 1679 3199 cum
1697 3152 1789 3197 oriem

92 3232 235 3304 apostolua
258 3241 279 3288 1.
296 3233 368 3289 Tin.
384 3238 409 3300 6,
428 3251 454 3288 v.
476 3237 513 3289 16.
533 3233 639 3302 camut,
655 3234 747 3288 colum
766 3234 859 3287 Deum
878 3235 929 3288 lie·
955 3234 1138 3302 corruptibile
1151 3233 1202 3288 boc
1219 3234 1345 3287 induerit
1363 3233 1604 3302 incorruptionem
1623 3240 1651 3287 et
1670 3231 1790 3285 mor-tole

94 3321 157 3374 bere
175 3321 426 3376 immortalitatem.
443 3318 632 3389 Hieronymus
651 3320 706 3375 tn.
724 3327 822 3374 eontra
832 3320 928 3391 Pelag.
955 3320 1007 3372 boc
1025 3320 1152 3371 induerit
1177 3319 1432 3388 immortalitatem,
1458 3329 1523 3373 tunc
1549 3323 1596 3384 fiet
1618 3336 1710 3373 rcrmo
1735 3323 1789 3370 etc.

93 3405 285 3463 Damascenua
306 3407 323 3460 l.
339 3413 361 3461 2.
374 3406 444 3464 ortb.
457 3407 503 3463 flu
520 3423 582 3476 cap.
603 3411 632 3463 b:
650 3407 756 3475 Aureli
767 3415 792 3459 ct
805 3407 929 3461 leminea
956 3403 1003 3460 ubi
1010 3421 1112 3477 magna
1120 3405 1259 3474 emphasin
1271 3415 1313 3461 ert
1321 3406 1349 3460 in
1362 3407 1525 3476 pronomine
1536 3405 1652 3461 relativo
1663 3405 1790 3472 δεικτικῷ

92 3511 149 3545 non
163 3510 216 3546 ruo
232 3500 347 3561 notura,
367 3495 418 3548 recl
430 3510 485 3562 per
498 3493 557 3549 Dei
568 3495 692 3560 qratiam
704 3493 805 3548 labem
817 3494 929 3547 immor·
956 3495 1039 3547 reiro
1063 3500 1184 3562 quatuor
1207 3490 1314 3546 vicibuo
1331 3493 1464 3562 repetito,
1488 3509 1573 3562 quum
1592 3506 1642 3545 ano
1663 3490 1725 3545 loco
1744 3507 1789 3542 ex·

91 3579 238 3634 tolitotem
268 3578 443 3649 Auguctinua
452 3577 514 3633 libr.
524 3584 549 3634 ³.
565 3588 662 3634 contra
670 3577 811 3635 Maximin.
833 3579 929 3634 Arion
957 3577 1117 3647 pendimus,
1144 3576 1267 3631 ostendit
1296 3579 1369 3633 enim
1397 3579 1458 3648 ipra
1485 3578 1535 3631 illa
1553 3592 1685 3646 corpora,
1717 3592 1789 3644 quae

91 3680 114 3721 e.
129 3668 171 3721 12
190 3663 357 3719 vocabulum
368 3664 592 3719 immortolitotr'r
606 3664 715 3732 judicat
735 3680 795 3719 erae
808 3665 929 3734 potitum
956 3663 985 3716 in
1002 3662 1056 3716 hac
1072 3662 1130 3715 vita
1147 3669 1213 3717 eunt
1231 3662 1360 3719 mortalia
1376 3671 1406 3717 et
1423 3662 1628 3733 corruptibilia,
1645 3669 1712 3715 tunc
1730 3658 1790 3714 iore

91 3767 144 3820 pre
164 3749 390 3803 immutabilitate
409 3750 563 3817 mumioli,
588 3766 661 3817 quoe
678 3751 767 3806 aolino
787 3751 846 3804 Dei
859 3769 929 3820 prn-
957 3747 1122 3803 immortalia
1134 3757 1162 3802 et
1179 3748 1406 3818 incorruptibilia.
1443 3755 1466 3805 2.
1483 3749 1548 3804 Cor.
1569 3756 1594 3815 b,
1612 3766 1637 3802 r.
1658 3756 1687 3805 t:
1709 3747 1791 3808 Qvod

87 3837 187 3907 prio„
203 3834 418 3906 Chryaoatomua
432 3835 463 3889 iu
473 3851 571 3891 comm.
584 3835 610 3889 b.
623 3835 642 3890 1.
654 3835 803 3899 existimet,
824 3838 929 3890 ἀίοισα
956 3835 1075 3888 mortale
1095 3843 1149 3898 cet,
1173 3850 1192 3887 o
1217 3835 1273 3887 vita
1295 3834 1493 3893 obrorbcbitur.
1531 3841 1553 3890 1.
1572 3834 1637 3892 Joh.
1654 3839 1679 3900 2,
1696 3851 1722 3888 v.
1742 3839 1787 3887 li:

92 3922 143 3975 boc
164 3937 224 3975 cere
240 3921 271 3973 in
287 3920 498 3990 comparatione
521 3937 619 3990 reprom
637 3929 826 3989 manorum,
846 3940 929 3990 proe-
958 3921 1012 3982 Qui
1022 3922 1096 3986 facit
1109 3921 1167 3973 Dei
1176 3922 1355 3990 voluntatem,
1372 3930 1466 3977 monet
1483 3925 1513 3976 in
1527 3932 1681 3976 oeternum.
1699 3919 1789 3989 Apoc.

90 4008 166 4060 ecdit
188 4008 271 4075 enim,
295 4007 373 4060 solur
396 4014 496 4076 potem
519 4024 569 4061 ree
586 4024 682 4076 rapum
700 4015 753 4064 etc.
788 4008 926 4072 Quemad·
956 4013 980 4075 2,
997 4025 1022 4061 v.
1047 4013 1091 4062 ll:
1112 4008 1167 4070 Qui
1180 4009 1287 4075 vicerit,
1308 4024 1363 4061 non
1379 4010 1542 4063 loedctarn
1558 4009 1791 4062 morteeecnmtn.

92 4093 205 4149 modum
226 4094 299 4148 euim
320 4092 400 4147 electi
421 4093 450 4147 iu
469 4092 529 4148 vita
550 4101 662 4150 aeterna
681 4101 764 4151 erunt
782 4093 856 4150 beati
872 4110 929 4148 non
956 4098 979 4147 2.
1008 4094 1055 4145 Ec
1078 4093 1235 4157 infallibili
1259 4095 1319 4147 Dei
1343 4095 1540 4163 premircionc.
1568 4093 1632 4146 Eaai
1652 4096 1693 4158 25,
1713 4108 1736 4143 v.
1758 4094 1788 4145 8:

91 4198 110 4234 a
129 4196 174 4248 aa,
199 4179 249 4233 red
267 4180 367 4233 nummi
386 4179 452 4235 boni
473 4178 702 4249 participatione,
720 4180 762 4236 nic
779 4181 864 4236 etiam
879 4181 928 4235 im·
957 4179 1120 4233 Abcorbebit
1143 4188 1258 4234 mortem
1274 4180 1306 4234 in
1324 4181 1529 4250 amnpiternum.
1565 4178 1613 4233 Or.
1635 4182 1675 4244 1³,
1695 4192 1719 4230 v.
1745 4182 1789 4230 ll:

92 4265 222 4321 mortulae
233 4273 316 4319 erunt
328 4283 384 4322 nou
403 4283 422 4319 a
437 4281 476 4330 oe,
496 4265 545 4320 red
566 4264 649 4332 illiue,
670 4266 717 4336 qui
737 4273 780 4321 eat
796 4267 857 4336 ipen
870 4268 929 4321 vita
956 4266 1016 4319 Em
1024 4266 1115 4334 pentir
1127 4274 1184 4330 tuo,
1197 4282 1214 4319 o
1226 4283 1308 4320 more.
1330 4271 1353 4320 1.
1371 4264 1433 4322 Cor.
1450 4272 1489 4328 15,
1508 4282 1534 4318 v.
1546 4269 1593 4319 ibt
1614 4261 1789 4315 Nouittimue

91 4360 121 4407 et
132 4352 335 4418 immortaliter,
349 4351 487 4407 fruitione.
506 4352 532 4419 2)
552 4351 598 4405 Ab
616 4353 829 4406 immortalitate
839 4354 930 4422 primi
955 4350 1042 4404 boetia
1060 4353 1221 4404 clenti-uenti·
1239 4369 1322 4405 more.
1342 4367 1367 4406 v.
1385 4358 1425 4407 bt.
1444 4350 1589 4419 Abcorpto
1607 4355 1648 4402 ert
1663 4365 1739 4402 more
1760 4349 1792 4399 in

92 4438 220 4493 leominie.
247 4438 356 4492 Primae
368 4437 451 4494 homo
463 4437 626 4492 immortalia
641 4445 702 4492 erat
714 4454 763 4507 per
775 4438 928 4508 potentiam
940 4470 943 4503 :
954 4438 1110 4502 victoriam,
1135 4436 1162 4489 id
1183 4444 1226 4490 ent
1245 4436 1402 4504 victoriose,
1422 4445 1454 4491 ut
1472 4436 1500 4489 in
1523 4436 1721 4504 sempiternum
1742 4433 1789 4486 de·

92 4540 147 4579 nou
166 4523 318 4588 moriendi,
343 4522 372 4577 id
394 4529 437 4579 eet
454 4529 564 4593 poterut
580 4540 598 4578 a
617 4531 706 4581 morte
724 4522 853 4579 immunia
870 4540 928 4580 ma·
940 4510 943 4565 l
954 4521 1028 4574 ricta
1050 4537 1084 4575 ec
1104 4528 1244 4590 prortruta
1256 4522 1352 4591 jaceat
1368 4538 1419 4576 uec
1439 4519 1557 4590 ampliu·
1575 4520 1605 4574 in
1625 4519 1722 4574 beator
1741 4517 1793 4573 do·

91 4625 167 4673 uere,
185 4608 209 4662 ri
228 4609 257 4677 in
275 4615 423 4665 concreata
434 4609 594 4681 integritate
607 4615 635 4664 et
649 4615 745 4664 nancta
758 4608 926 4679 argolicum
955 4607 1081 4662 mineum.
1107 4608 1196 4677 Apoc.
1219 4613 1265 4674 20,
1289 4626 1315 4662 v.
1338 4614 1379 4664 14:
1404 4611 1487 4673 More
1512 4618 1537 4661 et
1558 4609 1689 4672 infer-mm
1712 4606 1791 4658 mirei

91 4694 253 4751 obedientia
272 4695 449 4765 persisterem
474 4694 584 4751 interim
609 4702 719 4765 poterat
745 4695 828 4751 etiem
850 4695 929 4761 mori,
954 4701 1017 4745 runt
1035 4694 1065 4746 in
1085 4701 1214 4762 rtopnnm
1230 4695 1319 4763 ionic,
1344 4695 1373 4750 id
1396 4701 1440 4749 eet
1456 4694 1567 4764 penitus
1586 4694 1678 4749 delete
1696 4702 1725 4747 et
1743 4708 1791 4746 ex·

92 4782 115 4835 si
133 4798 152 4835 a
171 4780 232 4836 Deo
251 4793 376 4836 creatore
398 4797 448 4851 por
465 4781 681 4837 inobedientiam
709 4798 768 4837 rere
785 4787 928 4838 averteret.
941 4820 943 4849 ,
956 4779 1070 4846 etincta,
1094 4787 1126 4832 nt
1147 4778 1251 4834 nullam
1276 4782 1396 4852 amplius
1420 4783 1447 4836 in
1471 4782 1568 4837 beator
1589 4780 1718 4836 habitura
1734 4780 1791 4833 rint

92 4867 213 4933 Proinde
237 4867 431 4923 immortaliter
451 4867 534 4936 primi
553 4867 673 4922 hominia
691 4886 746 4923 non
766 4874 826 4924 erat
850 4861 1130 4947 obeo-,potentatem
1166 4865 1255 4936 Apoe.
1275 4872 1318 4931 21,
1346 4885 1371 4926 v.
1390 4875 1420 4924 42
1447 4869 1531 4922 Mora
1550 4868 1628 4920 ultra
1654 4884 1709 4919 non
1728 4869 1792 4919 erit.

64 4986 68 4994 ·
91 4954 153 5011 tua
177 4953 321 5006 moriendi
337 4954 517 5022 impotentia,
544 4952 611 5021 red,
629 4960 661 5008 ut
680 4953 813 5017 diximur,
832 4955 862 5007 in
877 4972 929 5024 po·
959 4958 980 5008 l.
993 4951 1065 5006 Petr.
1078 4956 1100 5019 1,
1113 4968 1139 5004 v.
1154 4957 1185 5007 4:
1220 4951 1322 5005 Vocati
1331 4969 1426 5007 rumice
1436 4954 1477 5006 ud
1485 4954 1668 5007 hereditatem
1677 4950 1789 5024 ἄφθαρ·

92 5039 181 5094 tentio
211 5056 268 5093 non
292 5039 434 5093 moriendi
458 5038 641 5109 conuttebat3
666 5055 761 5094 vuum
786 5039 1005 5103 beatorumrror
1028 5043 1073 5092 ecl
1098 5036 1269 5113 ἀμάραντον.
1305 5042 1329 5095 3.
1349 5041 1396 5092 Ea
1408 5040 1500 5108 prieni
1518 5039 1640 5092 bominis
1659 5039 1793 5091 conctitu·

92 5124 284 5181 immortalitas
320 5123 350 5179 in
384 5131 460 5180 atatu
487 5123 696 5195 glorificationis
721 5125 775 5181 erit
800 5112 1039 5195 abaolutaitione.
1075 5123 1105 5178 Si
1125 5124 1250 5178 Adamua
1273 5124 1302 5178 in
1322 5129 1396 5179 statu
1413 5124 1590 5180 innocentiae
1607 5124 1662 5179 luit
1680 5124 1790 5179 immor·

93 5210 230 5267 monendi
255 5210 427 5281 impotentia.
463 5209 504 5267 Ut
528 5210 601 5264 enim
622 5211 651 5264 iu
669 5210 743 5266 bono
759 5220 841 5267 eruut
862 5208 1032 5277 con-{talin
1056 5210 1145 5265 multo
1171 5211 1260 5279 magia
1273 5209 1348 5265 baeti
1368 5211 1396 5264 in
1414 5210 1472 5266 vita
1487 5216 1602 5266 aeterne
1619 5210 1792 5265 immortales

92 5296 203 5363 firmati,
222 5296 262 5352 ita
281 5312 393 5367 quoque
412 5296 448 5351 ab
466 5297 541 5352 omui
562 5296 656 5350 mortio
674 5296 798 5366 periculo
819 5302 847 5350 et
865 5313 928 5366 poe·
956 5307 1044 5363 erunt,
1060 5297 1126 5366 quie
1138 5305 1204 5351 tnnc
1217 5296 1348 5351 succedet
1359 5294 1585 5359 ἀποκατάστασις
1597 5293 1713 5352 πάντων
1725 5298 1786 5350 Aet

93 5382 227 5439 nihilitate
241 5383 359 5438 liberati.
385 5382 450 5452 Alia
468 5382 718 5438 eatimmortalitaa
730 5382 829 5447 carnit,
844 5399 928 5453 quum
941 5382 944 5425 Ι
957 5389 981 5453 3,
999 5402 1025 5439 v.
1045 5388 1085 5438 21.
1112 5382 1225 5436 Interim
1251 5382 1397 5437 diacrimen
1415 5381 1555 5453 quoddam
1579 5383 1632 5437 erit
1650 5384 1722 5436 inter
1738 5381 1790 5434 im-

93 5469 122 5524 in
139 5469 501 5541 armoricanorum
519 5485 602 5541 qnam
614 5468 644 5524 in
663 5469 861 5524 rerurrectione
876 5485 929 5539 per
942 5430 945 5517 i
957 5469 1151 5527 mortalitatem
1172 5469 1252 5539 primi
1273 5468 1392 5524 hominia
1410 5469 1440 5522 in
1456 5470 1600 5538 parodica
1614 5469 1743 5522 terrestri
1762 5474 1794 5523 et
