4050 6014
782 265 832 319 66
851 265 1153 323 unriureins.
1223 249 1228 258 '
1757 271 1817 328 666

121 437 140 472 6
159 420 221 473 6616
240 436 307 474 uero
322 420 394 488 Deo,
414 422 444 475 iu
458 422 632 485 confessione
648 422 738 477 solius
752 423 813 477 ueri
824 424 883 477 Dei
898 423 957 476 vita
986 424 1100 491 mium,
1123 422 1205 476 habet
1222 422 1308 476 uitam
1326 427 1476 474 aeternam.
1514 420 1595 489 arpo
1614 420 1664 488 qui
1681 419 1773 473 eredit
1790 418 1820 473 iu

120 515 238 560 aeterna
256 526 313 562 mou
330 509 444 577 capitur
460 514 512 564 etc.
532 511 573 561 ad
586 510 661 562 uitae
679 517 811 565 aeternae
828 510 957 563 meritum
984 510 1100 578 Filium,
1117 511 1199 563 habet
1217 510 1303 563 vitam
1322 516 1472 585 aeteruum.
1508 505 1571 562 Joh.
1592 513 1616 572 3,
1636 525 1661 561 v.
1679 511 1718 563 16.
1738 511 1766 562 et
1778 510 1819 562 36.

120 593 171 647 hcc
191 593 325 662 proficit,
353 602 383 647 ut
411 614 472 647 cum
498 598 633 649 crestutsu
659 597 738 650 sotus
767 613 849 651 uerus
868 597 956 665 Deus,
982 596 1054 667 Eph.
1075 602 1099 661 3,
1117 614 1143 653 v.
1167 601 1205 650 17.
1227 602 1248 650 1.
1267 595 1332 650 166.
1354 602 1378 662 5,
1397 612 1422 647 v.
1444 599 1482 649 11.
1504 597 1542 647 12.
1561 598 1590 646 et
1611 598 1649 648 13.

120 684 256 734 credatur
276 689 302 735 et
324 682 455 735 Christus.
495 681 540 736 lib.
567 690 589 736 5.
616 689 713 737 contra
732 683 850 740 Julian:
874 683 956 737 Nihil
1017 688 1040 737 8.
1062 682 1139 739 Cocli
1157 681 1267 736 nomine
1283 687 1377 735 monet
1395 678 1579 748 Philosophus
1591 678 1639 733 lib.
1653 685 1677 734 1.
1691 679 1726 733 de
1740 680 1818 734 coelo
1830 693 1852 736 6.
1866 693 1939 738 cusu

119 770 325 837 cosses-sudum
346 784 442 822 emeca
463 786 524 821 cum
543 775 619 823 certo
637 771 794 836 capnitioue
818 777 843 822 et
859 771 957 824 subtili
982 787 1005 824 6.
1025 776 1048 823 9.
1075 775 1141 823 text.
1165 774 1207 824 96.
1234 767 1369 837 appellari
1396 774 1419 825 l.
1443 767 1571 819 ultimam
1595 766 1763 833 sphaeram,-
1793 771 1818 821 2.

119 872 154 909 ae
172 862 272 907 eeaeta
289 855 520 923 eoummplatioue
536 857 602 921 Dei,
621 873 676 909 uon
695 855 880 925 pecuniarum
893 857 953 909 sub-
981 864 1068 910 totum
1086 862 1267 924 apprepatum
1284 872 1317 907 ee
1331 854 1443 907 orbibus
1462 853 1643 917 coetuum„
1662 856 1685 906 3.
1704 853 1736 906 τὸ
1752 847 1818 907 iios
1838 839 1844 851 ⁴

118 943 261 1010 61661166,
293 960 349 996 666
372 945 544 996 mundanum
566 943 753 1010 splendorem,
781 961 837 996 mou
863 942 953 1011 dipui·
979 946 1024 998 661
1045 941 1077 997 τὸ
1096 948 1163 1011 πᾶν,
1187 950 1274 996 totum
1294 941 1459 994 uniuersum.
1498 938 1641 1008 Scriptura
1664 955 1743 992 sacra
1767 945 1818 993 τοῦ

118 1038 207 1083 tutum
223 1031 355 1098 gloriam,
374 1048 430 1084 sion
450 1031 609 1100 sapientiae
622 1039 756 1093 terrenae,
776 1030 953 1083 animatust
979 1037 1074 1103 τρίτου
1092 1033 1214 1101 οὐρανοῦ
1233 1027 1399 1082 mentionem
1426 1025 1530 1080 faciens
1559 1028 1583 1078 2.
1606 1024 1667 1080 Cor.
1691 1029 1729 1090 12,
1748 1041 1773 1079 v.
1795 1029 1818 1097 2.

118 1117 278 1171 6161611666
297 1116 529 1170 existimationem
547 1122 599 1171 etc.
619 1117 725 1186 optima
745 1116 880 1184 ploriatio
897 1118 954 1170 Dei
979 1116 1078 1186 triplex
1098 1116 1206 1169 eoelum
1226 1115 1305 1171 nohis
1324 1116 1454 1169 16616661.
1492 1111 1545 1165 Ε61
1568 1111 1641 1166 6616
1669 1118 1691 1167 1.
1713 1111 1818 1166 coctum

118 1202 248 1272 aequitio.
286 1201 450 1257 Ambrosius
472 1202 520 1256 lib.
547 1209 570 1257 5.
594 1202 629 1257 de
653 1201 708 1256 fide
731 1220 791 1273 cap.
810 1208 841 1258 2:
871 1204 953 1256 Idem
979 1198 1818 1274 6616666,666666116666666666166116611616666666

115 1291 289 1359 praemium,
310 1308 396 1342 unum
416 1290 547 1342 honorem
576 1290 655 1342 66616
679 1292 730 1343 dat
751 1292 849 1344 Patris
869 1291 951 1344 Filii·
980 1289 1099 1360 regionis
1119 1289 1154 1342 ab
1173 1290 1253 1359 66616
1272 1295 1301 1343 61
1319 1293 1393 1341 terra
1407 1287 1443 1340 ad
1462 1286 1544 1340 lunae
1561 1301 1649 1356 usque
1665 1283 1758 1339 orbem
1773 1302 1817 1340 ex·

117 1394 170 1447 que
188 1377 317 1444 copus‘tio,
336 1377 470 1447 quonium
483 1378 638 1430 mercedem
654 1376 756 1431 babere
770 1395 826 1430 uon
841 1378 953 1447 poterit,
979 1377 1092 1448 pansi03
1111 1383 1169 1430 tum
1184 1377 1349 1438 aethereum,
1370 1372 1500 1428 videlicet
1509 1371 1711 1426 firmamentum
1724 1388 1818 1427 omues

117 1463 175 1516 uisi
193 1463 285 1531 quiet
305 1465 420 1516 Putrem
432 1464 592 1530 oopaooerit
609 1470 635 1515 et
652 1463 766 1520 Filium.
788 1464 867 1517 Sicut
880 1465 953 1516 euim
980 1462 1112 1534 sphaeras
1131 1462 1262 1516 coelestes
1281 1459 1530 1530 comprehendens,
1552 1458 1586 1512 de
1605 1473 1660 1529 quo
1675 1456 1762 1512 Levit
1776 1461 1817 1526 16,

119 1550 228 1612 Patris,
254 1549 295 1602 itu
314 1548 389 1602 Filii
406 1549 528 1616 eopnitio
554 1549 639 1602 uitam
659 1550 783 1619 acquirit
801 1558 953 1607 aeternam.
980 1568 1004 1602 v.
1027 1554 1067 1605 19.
1086 1548 1198 1603 Denter.
1220 1552 1261 1616 28,
1282 1566 1306 1600 v.
1328 1551 1369 1602 23.
1390 1545 1489 1600 Matth.
1510 1551 1534 1614 6,
1554 1563 1580 1599 v.
1600 1549 1640 1600 26.
1660 1542 1728 1598 Luc.
1747 1548 1771 1608 8,
1791 1561 1817 1599 v.

117 1636 192 1690 Huic
223 1635 445 1706 interpretationi
484 1635 575 1690 affinis
605 1642 648 1690 est
678 1654 722 1704 ea,
762 1653 817 1706 qua
849 1638 954 1692 dictum
982 1643 1005 1694 5.
1022 1636 1153 1689 volatitia
1170 1635 1259 1699 coeti,·
1276 1639 1300 1689 1.
1318 1635 1426 1686 codrum
1443 1634 1563 1702 prusias,
1581 1631 1709 1702 quodest
1729 1632 1817 1686 eccle·

117 1722 219 1777 Christi
247 1722 282 1777 de
299 1723 399 1775 radice
420 1729 445 1777 et
464 1723 574 1790 oripim
591 1722 649 1776 sive
669 1728 857 1796 προτιοτισμρ·
880 1722 954 1779 vitae
981 1722 1030 1788 sia,
1050 1738 1122 1794 quae
1141 1722 1169 1776 iu
1188 1722 1230 1775 his
1248 1719 1328 1776 terris
1346 1721 1407 1775 Deo
1428 1719 1576 1791 colligitur,
1595 1718 1630 1773 de
1649 1735 1704 1789 quo
1717 1717 1816 1774 Matth.

117 1816 253 1875 aeternae,
273 1807 319 1878 qui
337 1807 365 1861 in
386 1807 438 1862 hac
461 1807 520 1863 vita
546 1808 722 1863 credentibus
748 1808 885 1880 obtingit,
909 1827 953 1864 uc·
981 1813 1023 1877 20,
1041 1829 1067 1867 v.
1083 1816 1110 1865 l:
1132 1808 1231 1863 Simile
1244 1804 1816 1875 6616666661666166666616116661166

115 1896 234 1965 cipitur,
255 1893 322 1964 quia
339 1900 508 1964 praegnatus
521 1894 566 1948 ille
588 1895 662 1949 vitae
681 1902 809 1950 aeternae
828 1897 954 1951 consistit
980 1902 1004 1952 3.
1023 1897 1130 1951 eoelum
1150 1895 1269 1963 pieriae,
1294 1894 1369 1965 quod
1387 1900 1430 1948 est
1448 1892 1650 1947 sanctissimum
1668 1897 1696 1946 61
1715 1891 1816 1946 beah'a·

116 1982 144 2035 iu
164 1980 280 2034 salutari
298 1984 326 2033 et
346 1978 469 2034 salvifica
489 1980 544 2034 Dei
562 1987 589 2035 et
608 1980 710 2034 Christi
735 1981 894 2052 cognitione
920 2000 951 2037 er
979 1983 1079 2036 simum
1097 1981 1166 2035 illud
1178 1980 1379 2048 habitaculum,
1398 1979 1426 2033 iu
1445 1996 1500 2049 quo
1513 1978 1590 2033 Deus
1603 1978 1721 2048 gloriam
1738 1994 1816 2032 suam

115 2067 201 2122 verbo
237 2064 373 2135 evangelii
408 2082 457 2135 per
490 2065 610 2136 Spiritus
637 2066 725 2120 sancti
765 2069 951 2136 operationem
979 2068 1085 2140 augelis
1113 2073 1141 2122 et
1167 2066 1262 2122 electis
1292 2065 1449 2119 homiuibus
1480 2065 1652 2132 manifestat,
1686 2065 1715 2118 in
1742 2064 1816 2134 quod

115 2155 221 2207 hausta
242 2151 364 2222 Cyrillus
384 2151 430 2205 lib.
453 2152 537 2207 1116
558 2151 663 2207 «16166.
684 2159 731 2212 16;
751 2155 889 2209 Radicem
907 2165 952 2209 61-
979 2155 1120 2227 apostolus
1139 2154 1213 2208 dicto
1232 2154 1292 2208 loco
1312 2169 1372 2207 sese
1381 2159 1491 2223 raptum
1506 2169 1566 2207 esse
1578 2151 1685 2215 asserit,
1704 2167 1816 2206 nevers.

115 2259 167 2310 que
185 2240 319 2307 oripiuem
338 2246 470 2292 66166666
490 2238 563 2292 61166
586 2240 670 2303 fidem
692 2248 717 2292 et
736 2257 819 2294 uerae
834 2244 951 2310 pietatis
978 2251 1002 2301 4.
1021 2243 1131 2297 nomine
1144 2241 1286 2310 paradisi
1305 2242 1467 2310 ἐξηγητικοῖς
1481 2237 1551 2292 11166
1570 2237 1690 2308 exponit.
1712 2238 1815 2294 Notau-

113 2329 243 2380 oirtutem
263 2326 403 2378 Dominus
418 2341 476 2378 esse
490 2327 680 2389 affirmatctc.
701 2327 770 2381 Cum
782 2331 854 2382 euim
870 2331 949 2399 oripo
979 2332 1045 2385 dum
1062 2346 1135 2394 vero,
1158 2333 1181 2395 l)
1195 2328 1287 2382 vocari
1302 2326 1374 2383 illud
1389 2325 1501 2382 tertium
1515 2327 1624 2380 coelum
1637 2342 1692 2380 666
1705 2325 1815 2380 ratione

115 2421 141 2466 et
169 2414 252 2482 quasi
277 2412 407 2481 pronuba
433 2413 572 2467 dictorum
599 2415 721 2468 omnium
748 2416 882 2470 bonorum
907 2436 949 2471 eo·
977 2419 1062 2481 61166,
1090 2416 1136 2470 vel
1165 2418 1343 2480 διατατικῶς,
1370 2420 1401 2468 ut
1425 2413 1523 2467 volunt
1538 2411 1707 2480 calviniani,
1737 2411 1816 2481 quasi

114 2501 204 2569 pnite-'o
231 2500 291 2552 Dei
313 2500 375 2553 ueri
399 2516 457 2552 esse
482 2500 657 2567 iuveniat-ur,
689 2510 762 2555 reete
787 2521 805 2555 a
826 2505 949 2558 Domino
978 2502 1209 2576 quemadmodum
1220 2502 1289 2556 illud
1306 2502 1413 2555 eoelum
1429 2499 1596 2566 aethereum,
1614 2499 1644 2552 in
1657 2498 1816 2569 quostellae

114 2586 295 2641 uostroJesu
312 2586 424 2639 Christo
443 2587 630 2640 vitaaeterua
649 2595 690 2641 est
704 2590 851 2658 appellata
867 2592 952 2658 quasi
977 2608 1074 2645 cursus
1092 2605 1156 2643 suos
1177 2591 1327 2658 peragunt,
1352 2586 1381 2639 id
1407 2591 1449 2640 est
1466 2585 1684 2652 firmamentum,
1711 2591 1753 2639 est
1771 2602 1815 2639 su·

114 2680 205 2727 muter
226 2681 252 2725 et
266 2673 352 2725 66616
363 2673 464 2726 virtute
477 2681 635 2742 naturaque
646 2693 698 2728 sua
710 2676 796 2730 vitam
809 2685 948 2730 ueternum
977 2694 1029 2748 pra
1048 2677 1156 2731 coelum
1176 2676 1296 2740 666666,
1323 2673 1425 2742 inquo
1445 2671 1571 2726 volucres
1588 2676 1746 2735 versantur;
1776 2671 1815 2726 ita

111 2761 240 2831 pariens.
260 2758 410 2814 Jnnsenius
427 2760 455 2813 iu
474 2777 570 2814 comm.
590 2763 717 2818 concord.
737 2780 834 2836 evang.
855 2769 950 2820 c.136.
978 2763 1084 2818 coelum
1104 2761 1183 2825 11166,
1203 2761 1231 2813 16
1251 2776 1306 2829 666
1325 2758 1450 2813 Christus
1469 2775 1532 2812 eum
1552 2757 1642 2812 beatis
1663 2756 1770 2827 angelis
1787 2763 1815 2813 et

114 2865 141 2916 p.
168 2853 227 2902 976.
258 2853 404 2917 utramque
435 2847 647 2917 explicationem
672 2850 826 2921 conjungit,
854 2853 952 2906 statuit
979 2851 1072 2905 electis
1101 2854 1240 2914 versatur,
1271 2845 1307 2899 sit
1332 2846 1456 2916 proxime
1485 2860 1570 2914 supra
1596 2844 1814 2913 firmamentum,

113 2934 196 2998 enim,
226 2934 365 2987 Cleristum
387 2935 467 3002 toqui
486 2935 520 2987 de
543 2936 601 2987 vita
621 2944 752 3004 aeterna,
777 2944 949 2991 616616661-
978 2939 1026 2992 sed
1045 2937 1154 2991 ratione
1174 2934 1285 2987 numeri
1299 2949 1332 2986 ae
1351 2937 1531 3006 61666661κῶ6,
1553 2937 1584 2985 ut
1604 2948 1621 2985 a
1639 2931 1734 3000 Prifflit
1747 2931 1813 2985 <³11⁰-

113 3022 205 3074 mum's
223 3020 287 3072 huic
304 3029 329 3073 et
347 3021 464 3084 futurus
482 3021 572 3085 uitae,
596 3021 670 3075 unde
688 3029 789 3087 monet,
809 3022 950 3078 Christum
978 3025 1030 3078 666
1050 3023 1141 3090 666116,
1158 3021 1290 3076 videlicet
1308 3020 1385 3075 coelo
1406 3026 1521 3075 naturae
1540 3024 1568 3073 et
1581 3018 1698 3089 gratiae,
1716 3018 1813 3072 distin-

112 3123 168 3162 non
187 3106 288 3174 dicere,
306 3113 335 3160 ut
352 3107 467 3159 videant
484 3114 518 3169 te,
536 3107 585 3161 sed
601 3116 631 3160 ut
650 3119 818 3177 eopuoscaut
831 3118 865 3163 te.
884 3110 950 3166 Vita
977 3117 1087 3183 guntur,
1105 3110 1148 3163 vel
1168 3108 1251 3163 etiarn
1271 3107 1376 3162 ratione
1389 3105 1567 3178 perfectiouis
1580 3113 1664 3175 61666
1677 3107 1812 3176 ἓξοχτκῶς,

111 3193 185 3249 6616
219 3197 332 3247 aeterna
363 3191 520 3246 inchoativo
548 3199 576 3247 et
607 3194 766 3264 imperfecte
794 3194 839 3250 hic
865 3195 947 3250 habe·
976 3205 1008 3253 ut
1030 3197 1144 3268 reliquis
1177 3196 1261 3250 coelis
1293 3211 1347 3248 uon
1382 3200 1440 3247 tem
1472 3194 1533 3248 loco
1565 3209 1647 3262 quam
1677 3192 1814 3263 dignitate

109 3286 156 3334 tur
181 3278 374 3350 cognoscendo
392 3279 484 3332 Deum
512 3296 563 3349 per
588 3282 685 3349 fidem,
712 3281 831 3336 habetur
855 3288 947 3336 autem
976 3283 1121 3338 sublimius
1141 3288 1286 3336 statuatur.
1309 3279 1544 3351 Distinguendum
1565 3278 1637 3332 euim
1657 3278 1812 3332 16166666-

111 3366 139 3420 in
158 3366 236 3420 coelo
262 3364 384 3436 perfecte
407 3366 600 3436 cognoscendo
618 3366 710 3420 Deum
733 3384 782 3437 per
806 3370 946 3425 visionem.
976 3379 1067 3424 torum
1085 3373 1180 3423 sedem
1198 3377 1225 3422 et
1245 3376 1357 3425 statum.
1385 3368 1472 3422 Sedes
1491 3366 1578 3420 estin
1596 3371 1671 3420 certo
1692 3366 1812 3436 666666

10 3465 96 3514 Lusi.
112 3452 183 3520 Sed,
210 3452 250 3506 uti
279 3451 464 3518 ostendimus,
494 3453 606 3522 proprie
633 3460 662 3506 ct
680 3452 871 3524 principaliter
890 3457 949 3527 agit
976 3454 1047 3521 πού,
1071 3456 1145 3527 6666
1167 3454 1214 3508 661
1236 3455 1285 3522 sit,
1312 3452 1425 3508 definire
1443 3467 1499 3506 uon
1517 3467 1671 3522 possumus,
1689 3458 1721 3505 ut
1739 3451 1812 3505 infra

112 3537 239 3592 Christus
259 3537 293 3591 de
317 3537 398 3592 modo
419 3537 596 3607 perveniendi
625 3540 661 3593 ad
689 3540 773 3593 vitam
798 3548 947 3609 aeternam,
975 3540 1223 3605 demonstrabitur,
1254 3547 1345 3594 status
1370 3545 1427 3603 est,
1457 3536 1616 3609 ubicunque
1634 3538 1711 3592 Deus
1735 3554 1764 3592 se
1784 3542 1813 3593 et

110 3624 159 3678 ubi
179 3630 272 3678 tamen
293 3623 453 3691 notandum,
476 3625 499 3689 1)
523 3624 689 3693 particulam
707 3626 796 3678 sotum
820 3645 874 3681 666
903 3645 946 3683 ex·
976 3629 1092 3701 gloriam
1121 3644 1198 3682 suam
1229 3626 1332 3680 sanctis
1359 3624 1532 3691 6661166161,
1570 3630 1600 3678 61
1630 3633 1747 3695 apparet
1778 3640 1812 3679 ex

110 3709 223 3765 cludere
249 3726 265 3763 6
290 3709 392 3764 deitate
418 3711 540 3776 Fitium,
568 3728 630 3764 cum
654 3712 684 3764 iu
706 3712 864 3781 cognitione
884 3713 948 3768 Filii
975 3712 1218 3786 transfigurat-ione
1243 3711 1345 3767 Christi
1366 3711 1524 3778 Μ6116.17,
1551 3729 1575 3764 v.
1594 3717 1617 3766 1.
1635 3717 1663 3764 61
1683 3727 1716 3765 ex
1737 3710 1812 3766 dicto

110 3814 200 3867 66666
217 3813 249 3850 66
268 3796 296 3849 16
314 3795 406 3849 Patris
425 3795 582 3865 cognitione
598 3797 657 3851 vita
676 3805 788 3853 aeterna
800 3801 948 3855 consistere
975 3801 1126 3858 Salvatoris
1144 3799 1242 3854 Matth.
1264 3804 1303 3864 18,
1321 3817 1346 3852 v.
1370 3804 1414 3853 10:
1440 3797 1546 3867 Ampeli
1565 3814 1660 3851 eorum
1679 3799 1709 3850 iu
1728 3798 1812 3852 coelis

110 3885 232 3948 dicatur,
260 3898 310 3935 uec
341 3880 473 3952 Spiritum
501 3889 626 3935 sanctum
652 3888 747 3953 utpote
774 3886 856 3940 unius
885 3903 946 3940 666
976 3904 1082 3956 semper
1113 3888 1207 3939 uideat
1235 3886 1342 3953 sociem
1370 3884 1481 3947 Patris,
1513 3884 1562 3954 qui
1590 3884 1621 3937 iu
1646 3884 1731 3938 666116
1763 3892 1810 3941 eet.

111 3970 196 4024 Patre
217 3975 244 4024 et
261 3968 333 4022 Filio
351 3968 494 4034 essentiae,
514 3969 562 4022 sed
581 3975 720 4024 creaturas
739 3978 767 4025 et
784 3971 883 4026 fictitia
900 3991 946 4028 no·
977 3978 1003 4040 t)
1022 3974 1101 4028 aliter
1117 3972 1171 4026 hoe
1190 3971 1298 4025 coelum
1317 3970 1371 4024 dici
1397 3970 1431 4024 de
1460 3970 1521 4025 Deo
1537 3976 1565 4025 et
1584 3969 1708 4038 Christo,
1732 3970 1812 4026 ahter

111 4057 200 4120 mina,
219 4055 245 4122 2)
265 4054 382 4126 intelligi
401 4071 455 4108 nou
474 4055 578 4110 undam
592 4061 697 4125 γνῶσιν
711 4056 880 4134 θεωρητικήν
899 4060 945 4113 666
975 4078 1039 4116 vero
1061 4061 1095 4114 de
1115 4058 1257 4127 creaturis,
1280 4057 1387 4129 augelis
1407 4057 1515 4112 scilicet
1534 4074 1567 4112 ac
1588 4057 1676 4112 beatis
1695 4057 1811 4112 homiui·
1824 4078 1868 4121 n,
1884 4078 1929 4122 666

111 4138 275 4218 apsarensis,
294 4159 356 4196 cum
375 4158 442 4196 vera
460 4142 551 4196 cordis
570 4142 674 4198 fiducia
690 4147 874 4214 conjunctam,
893 4165 947 4201 nou
975 4147 1034 4201 bus.
1054 4146 1168 4200 Caelum
1189 4145 1307 4212 pieriae,
1329 4145 1401 4215 6666
1414 4144 1475 4199 Deo
1494 4143 1635 4211 tribuitur,
1653 4161 1708 4197 non
1728 4144 1812 4214 sigui·

111 4231 247 4285 literalem
272 4230 319 4284 666
344 4229 513 4305 spiritualem
544 4228 682 4297 notitiam,
707 4233 790 4301 juxta
819 4234 947 4287 usitatam
975 4233 1147 4288 1166116666
1168 4232 1287 4302 6116666
1308 4237 1439 4295 creatum,
1461 4231 1510 4285 sed
1531 4231 1698 4300 increatam,
1726 4236 1812 4284 aeter·

111 4316 245 4388 regulam,
267 4317 341 4387 quod
359 4316 443 4371 uerba
463 4316 579 4371 notitiae
597 4319 677 4386 opud
697 4319 841 4372 Hebraeos
865 4321 948 4373 etism
976 4337 1053 4385 nam,
1080 4317 1264 4386 invisibilem,
1290 4316 1425 4372 infinitam
1455 4323 1483 4371 61
1511 4317 1726 4387 omnipotentem
1758 4316 1813 4372 Dei

112 4411 257 4459 coauctam
275 4405 405 4473 affectum
421 4402 531 4473 cordis,
557 4404 668 4474 quade
692 4421 721 4458 re
745 4404 810 4459 alibi
830 4406 948 4474 plenius.
976 4408 1149 4476 majestatem
1172 4404 1219 4473 [ad
1244 4419 1325 4473 6666
1349 4402 1578 4472 significationem
1603 4403 1745 4457 reducitur
1768 4418 1810 4465 66,

110 4492 240 4546 Β666666
272 4491 298 4544 d.
335 4489 351 4542 l.
383 4490 581 4560 metonymicas
616 4490 699 4559 hujus
737 4490 947 4560 significationis
975 4508 1031 4563 666
1048 4493 1246 4565 μετωνυμικώς
1264 4507 1313 4558 pro
1333 4489 1394 4558 ipso
1413 4488 1474 4543 Deo
1494 4492 1663 4559 usurpatur).
1695 4490 1809 4544 Ocelum

111 4577 265 4646 exemplum
285 4577 382 4631 statuit
400 4575 428 4629 iu
448 4576 521 4630 dicto
540 4575 642 4631 Christi
659 4575 724 4631 166.
745 4580 769 4643 9,
784 4593 808 4629 v.
825 4581 870 4630 36:
892 4577 948 4638 Qui
973 4578 1078 4650 gloriae
1097 4576 1209 4646 quaudo
1227 4576 1262 4628 de
1276 4575 1364 4629 beatis
1377 4574 1521 4644 accipitur,
1542 4571 1657 4649 πρώτως
1671 4575 1810 4647 significat

111 4665 201 4718 credit
220 4663 249 4716 in
270 4662 385 4727 Filium,
410 4662 491 4716 habet
509 4663 595 4717 vitam
614 4670 765 4716 aeteruum.
795 4662 849 4716 Sed
869 4680 945 4733 prae·
973 4664 1091 4736 gloriam
1106 4662 1252 4717 coelestem
1266 4661 1807 4731 aeternamquebeatitudiueminbeati-

112 4757 166 4805 atat
187 4749 401 4820 appellationem
423 4748 496 4804 vitae
522 4755 650 4804 aeternae
679 4748 838 4820 inproprie
861 4750 944 4821 signi·
972 4751 1026 4805 fica
1044 4749 1096 4804 Dei
1115 4748 1220 4802 visione
1238 4747 1447 4811 consistentem
1477 4750 1610 4823 δευτέρως
1630 4757 1722 4802 66166
1740 4748 1807 4802 11166

111 4837 240 4891 ficatione
259 4835 296 4890 ibi
314 4835 448 4906 accipere.
470 4835 600 4899 Quamvis
622 4836 696 4890 euim
714 4835 752 4906 pii
772 4836 798 4889 iu
816 4836 869 4891 hae
887 4837 946 4891 vita
973 4835 1039 4903 πού,
1059 4837 1087 4889 16
1107 4852 1162 4906 666
1180 4833 1254 4889 66611
1273 4834 1384 4889 coelites
1398 4834 1534 4889 exsistunt
1546 4841 1574 4889 et
1586 4852 1719 4889 summam
1733 4835 1807 4889 illam

112 4924 233 4978 nondum
252 4921 374 4976 6666661
395 4922 480 4976 vitam
498 4927 637 4976 aeternam
653 4930 876 4990 soumrnmatam,
897 4923 934 4975 ha
973 4924 1089 4996 gloriam
1115 4939 1148 4977 ac
1174 4921 1307 4976 laetitiam
1337 4920 1507 4991 participant
1536 4920 1583 4990 (66
1610 4939 1692 4991 6666
1723 4921 1807 4992 sigui-

111 5011 178 5066 beut
201 5016 294 5066 tamen
324 5009 501 5072 inchoatam·
529 5009 655 5078 quamvis
678 5009 801 5065 noudum
826 5009 946 5064 habeant
972 5010 1129 5065 ficationem
1139 5008 1234 5063 itidem
1252 5007 1347 5063 reduci
1365 5014 1456 5077 potest
1474 5025 1514 5075 66,
1534 5025 1589 5079 666
1606 5024 1656 5077 pro
1676 5007 1742 5077 ipsis
1760 5024 1807 5061 au·

111 5099 157 5165 ius
177 5098 206 5149 iu
228 5115 272 5160 re,
300 5101 391 5149 tamen
411 5093 514 5150 hahent
532 5096 584 5163 jus
604 5097 645 5147 ad
662 5113 734 5160 rem,
759 5111 792 5149 ex
812 5113 867 5165 quo
886 5096 944 5150 dul·
972 5098 1042 5170 gelis
1060 5104 1088 5150 et
1107 5094 1196 5149 beatis
1214 5095 1283 5149 coeli
1305 5094 1402 5149 incolis
1418 5094 1590 5165 usurpatur),
1612 5093 1676 5147 inde
1695 5092 1807 5163 quidam

111 5183 222 5238 cissima
239 5181 288 5236 illa
308 5181 505 5252 consequentia
523 5179 650 5252 profluit:
673 5184 753 5236 Deus
773 5183 852 5237 dedit
867 5184 946 5237 nobis
973 5180 1284 5238 meliorisdistiuctionis
1297 5198 1382 5236 causa
1402 5182 1510 5234 malunt
1523 5180 1686 5250 quintuplex
1700 5179 1806 5234 coelum

111 5271 219 5325 Filium
236 5286 316 5321 ssssem
332 5267 515 5337 6616661166,
542 5269 571 5320 in
591 5269 642 5321 hcc
663 5268 742 5322 Filio
764 5276 804 5321 est
822 5270 880 5322 uita
899 5287 944 5322 ae·
972 5277 1106 5325 statuere:
1135 5274 1158 5324 1.
1179 5273 1300 5336 atreum,
1327 5267 1400 5338 quod
1426 5273 1469 5321 est
1495 5271 1542 5321 666
1563 5274 1663 5322 terram
1684 5265 1807 5320 ambiens

112 5354 496 5420 cornuumaueniens
516 5362 640 5409 aeterua.
675 5353 750 5424 Ergo
771 5357 850 5409 Deus
868 5357 946 5410 66616
972 5358 1008 5411 66
1026 5356 1171 5429 sphaeram
1189 5370 1277 5425 usque
1296 5353 1378 5409 lunae
1403 5353 1577 5425 pertingens,
1608 5359 1630 5408 2.
1655 5353 1807 5422 sidereum,

112 5443 141 5495 iu
153 5442 232 5496 Filio
247 5440 326 5494 dedit
337 5441 423 5493 ostam
440 5448 591 5494 aeternam.
616 5440 671 5502 Qui
683 5441 774 5494 credit
786 5442 814 5494 in
830 5442 946 5510 Filium,
973 5444 1048 5516 6666
1071 5449 1113 5497 661
1135 5459 1234 5513 corpus
1259 5443 1377 5498 coeleste
1402 5442 1537 5496 elementa
1553 5439 1686 5495 claudens
1704 5445 1732 5495 et
1749 5456 1806 5495 66-

111 5528 193 5583 habet
211 5527 318 5581 Filium
337 5527 367 5581 iu
382 5543 411 5581 ee
425 5544 480 5598 per
496 5528 579 5593 tidem
597 5527 776 5582 hubitamem.
799 5528 854 5592 Qui
867 5528 946 5582 16661
972 5530 1065 5599 61666;
1094 5536 1116 5585 3.
1137 5530 1350 5597 majestaticum,
1376 5527 1450 5598 quod
1468 5526 1607 5598 signifieat
1620 5527 1806 5598 majestatem,
