4050 6014
769 276 820 333 DE
838 275 1022 334 EXTREMO
1042 276 1205 336 JUD1010.
1794 285 1832 341 59

131 433 218 504 justi,
246 440 379 501 paratum
399 439 440 486 est
459 434 570 503 angeles
592 433 689 500 iustis,
713 431 786 487 siout
803 448 876 486 uuuc
896 431 972 498 dicit,
997 432 1124 495 famrrlos
1143 432 1322 486 christinae
1342 431 1446 495 cudat,
1464 431 1527 501 ipni
1543 432 1695 500 deputatur
1711 437 1833 498 aeterno,

134 521 227 590 ignem
242 527 380 588 paratum
399 519 515 572 diaholo
536 526 561 572 et
579 519 689 587 eupolis
707 519 800 586 malis,
821 534 856 572 ne
875 517 971 573 simili·
999 516 1069 587 quid
1086 518 1147 571 illis
1165 518 1374 572 retribuendum
1399 516 1533 581 dicimus,
1562 517 1613 585 qui
1628 517 1690 569 Dei
1699 516 1833 582 famulos,

134 615 177 662 ter
194 605 391 676 intelligamus,
408 603 534 660 homines
550 605 648 659 mereri
661 606 823 676 angelorum
836 604 971 660 bonorum
998 604 1028 656 in
1047 604 1146 673 quibus
1166 603 1257 658 solam
1272 611 1484 673 persequuntur
1507 602 1578 664 fidei
1600 603 1759 671 ceritatem,
1783 609 1833 655 aut

134 691 320 760 consortium,
349 690 421 744 sicut
447 690 617 745 consortium
642 689 790 752 malorumv
810 690 971 760 angelorum
998 689 1131 757 squalore
1150 705 1295 743 carenum
1314 696 1364 742 ant
1381 689 1544 742 eusrliorum
1563 689 1758 757 deportatione
1775 689 1833 742 oio·

134 778 213 832 malis
239 777 296 830 suis
321 776 452 846 operibus
478 782 624 831 merentur.
666 775 724 843 lte,
754 775 858 846 inquit,
884 775 985 836 mate,
999 775 1089 828 lenter
1105 777 1263 846 affligunt!
1297 774 1376 829 Idem
1397 790 1515 830 sermon.
1537 779 1579 830 38.
1597 773 1632 828 de
1649 774 1770 828 sanctiss
1801 773 1835 826 Si

134 864 215 919 dicti.
982 861 1028 941 1in
1047 861 1139 930 ipncm
1155 863 1294 929 mittetur,
1316 861 1366 930 qui
1390 861 1524 914 esurienti
1545 876 1601 912 non
1626 860 1706 912 dedit
1730 877 1832 928 panem

998 965 1094 1017 nrum,
1118 957 1205 1017 putas
1222 949 1272 1002 uhi
1286 948 1438 1003 mittendus
1457 955 1509 1014 est,
1537 948 1588 1015 qni
1603 946 1669 1000 tulit
1689 947 1834 999 alienum?

1000 1033 1035 1086 Si
1052 1034 1083 1086 in
1100 1035 1192 1103 ipnem
1213 1036 1352 1100 mittetur,
1380 1035 1431 1103 qui
1456 1034 1560 1086 nudum
1583 1049 1639 1087 non
1664 1035 1760 1098 vestit,
1786 1033 1835 1085 uhi

998 1120 1149 1173 mittendus
1166 1128 1215 1187 est,
1232 1121 1282 1189 qui
1295 1121 1422 1173 uestitum
1442 1119 1602 1189 exspoliati
1639 1118 1673 1172 Si
1689 1135 1751 1172 cum
1770 1120 1833 1172 diu·

168 1225 277 1280 Martis
294 1225 337 1279 ccl
358 1225 434 1278 uitae
453 1224 533 1276 meos
553 1224 665 1278 uerbum
685 1231 741 1277 est:
768 1224 821 1286 Ite,
840 1223 937 1291 uenite,
998 1206 1062 1259 5⁰²⁰
1079 1208 1240 1274 damnatur,
1261 1207 1311 1276 qui
1327 1207 1483 1276 h‘’illi'ii’bm
1502 1223 1558 1260 ”⁰³
1574 1206 1707 1275 Praebui
1721 1207 1830 1258 ‘2⁰me

288 1311 409 1363 Diem,-
426 1309 557 1378 reprobi,
577 1310 623 1374 ip„
643 1310 732 1363 „engo
748 1308 816 1377 pgr,
997 1310 1090 1356 mam,
1111 1301 1195 1361 putas
1213 1293 1263 1346 uli
1278 1293 1431 1346 mittendus
1451 1299 1504 1359 est,
1530 1291 1580 1360 qui
1595 1291 1671 1344 tollit
1688 1291 1834 1344 alienam!

1000 1376 1035 1430 Si
1054 1379 1270 1446 perdurasset,
1298 1379 1348 1447 qui
1363 1393 1507 1431 carcerem
1524 1394 1581 1430 non
1600 1377 1737 1444 uisitauit,
1764 1377 1834 1445 quid

172 1003 264 1066 Quam
284 1000 376 1054 tristis
396 1018 449 1054 oon
468 1008 517 1067 est,
532 1001 625 1069 judee
645 1018 707 1053 curn
728 999 838 1068 disserit,
857 1000 902 1066 ite,

171 1091 244 1143 Tam
261 1086 356 1141 drrlois
374 1104 426 1140 noe
447 1094 496 1152 est,
515 1103 578 1139 cum
599 1087 703 1140 dixerit
721 1086 779 1154 ille,
797 1085 896 1139 uenite.

168 1468 213 1521 Ite
231 1464 385 1526 maledicti,
406 1463 454 1533 qui
473 1462 510 1518 ob
529 1462 779 1534 transgressionem
797 1462 868 1533 legis
887 1459 969 1515 male·
998 1467 1034 1518 de
1051 1464 1104 1518 illo
1124 1466 1190 1533 fiet,
1221 1465 1272 1533 qui
1297 1467 1375 1529 forte
1393 1466 1424 1517 in
1443 1479 1585 1517 carcerem
1602 1464 1703 1516 misit!
1736 1463 1833 1516 Atten-

133 1551 249 1606 dictioni
273 1549 341 1605 facti
367 1547 433 1603 estis
458 1547 571 1602 obnoxii
595 1547 707 1603 Denter.
733 1553 775 1611 27,
799 1565 826 1604 v.
853 1553 896 1602 26.
917 1563 970 1601 nec
997 1551 1063 1619 dite,
1078 1568 1162 1620 guam
1181 1567 1259 1620 spem
1278 1550 1380 1604 habere
1395 1557 1525 1619 possunt,
1550 1551 1601 1619 qui
1615 1550 1694 1602 mala
1713 1550 1833 1614 faciunt,

133 1637 188 1692 fide
207 1635 429 1707 apprehendistis
448 1650 526 1698 eum,
555 1635 603 1706 qui
623 1651 673 1705 pro
699 1635 776 1688 uobis
801 1635 903 1701 factus
930 1642 970 1687 est
997 1638 1110 1706 quando
1129 1636 1178 1690 ilii
1198 1637 1325 1705 perituri
1348 1644 1427 1699 sunt,
1455 1637 1505 1704 qui
1530 1637 1603 1690 bona
1630 1653 1686 1690 non
1711 1637 1832 1702 faciunt.

133 1725 314 1779 maledictum
343 1721 551 1791 Gal..l,v.13.
588 1721 735 1776 Discedite
766 1740 785 1775 a
811 1739 854 1775 me
884 1721 969 1775 male·
996 1721 1149 1794 Gregorius
1164 1729 1237 1793 part
1251 1729 1274 1778 ³.
1293 1738 1378 1777 curas
1395 1722 1671 1792 pastoraladmonit.
1693 1728 1738 1779 21:
1758 1723 1833 1776 Hinc

133 1809 217 1874 dicti,
241 1825 325 1878 super
345 1824 413 1879 quos
432 1812 526 1862 manet
546 1813 746 1877 aeternumque
762 1806 886 1862 manebit
901 1822 969 1877 pou·
996 1810 1199 1877 eollipendnm,
1236 1817 1343 1878 quanta
1373 1809 1554 1862 damnatione
1583 1809 1729 1877 plectendi
1759 1818 1831 1869 eunt.

134 1897 186 1953 dus
206 1895 264 1950 irae
291 1893 403 1948 divinae
426 1902 455 1949 et
477 1893 714 1948 condemnationis
743 1893 853 1965 legalis,
882 1895 970 1948 male·
996 1896 1047 1965 qui
1062 1896 1179 1965 rapiunt
1196 1895 1347 1959 alienari
1364 1903 1443 1948 tanta
1462 1896 1707 1949 animaduersione
1717 1897 1832 1963 feriun-

133 1982 202 2037 dicti
221 1981 341 2052 primum
356 1979 551 2035 maledictione
564 1981 673 2049 culpae,
692 1996 766 2034 uunc
784 1986 876 2035 autem
886 1979 969 2035 male·
996 1989 1051 2049 tur,
1075 1982 1124 2052 qni
1139 1999 1192 2035 sua
1211 1982 1362 2034 indiscrete
1380 1989 1534 2036 tenuerunt.
1570 1982 1753 2053 Perpendat,
1778 1999 1831 2051 qno

134 2068 255 2124 dictione
271 2083 381 2136 poenae
396 2075 547 2131 aeternae,·
571 2067 745 2120 disceditea
760 2083 812 2129 me,
838 2065 915 2121 fonte
931 2066 970 2119 vi·
997 2084 1043 2121 eos
1060 2068 1163 2135 obliget
1180 2075 1261 2120 reatu
1277 2083 1323 2120 res
1339 2074 1440 2136 rapta,
1464 2067 1491 2119 si
1513 2066 1569 2120 tali
1588 2068 1704 2136 mljicit
1725 2084 1832 2137 poenae

133 2160 180 2209 tae
200 2152 399 2217 indeficientis,
427 2168 507 2207 ame
523 2152 627 2206 lumine
648 2151 755 2223 gloriae
777 2151 970 2218 beatificantis,
997 2170 1052 2205 non
1072 2155 1191 2208 tradita.
1225 2154 1418 2222 Perpendant.
1444 2154 1514 2221 quid
1532 2160 1671 2207 mereatur
1691 2154 1831 2222 injustitia

134 2259 152 2296 a
169 2256 214 2294 me
231 2245 354 2294 torrente
372 2237 523 2307 voluptatis
543 2238 718 2308 inundantis,
743 2256 761 2293 a
780 2254 824 2292 me
848 2238 970 2308 plauitu-
997 2239 1096 2302 illata,
1123 2240 1150 2292 si
1172 2245 1254 2292 tanta
1271 2239 1454 2308 percussione
1479 2239 1568 2305 dipna
1590 2245 1633 2292 est
1657 2240 1751 2307 pictae
1776 2256 1832 2293 non

135 2326 199 2381 dine
216 2324 351 2379 ubertatis
368 2322 547 2392 inebriantis,
577 2325 713 2378 discedite
732 2342 751 2377 a
769 2340 812 2377 me
830 2323 970 2394 inignem
996 2325 1132 2393 impensa.
1167 2323 1320 2395 Dionysius
1338 2323 1538 2379 carthusianus
1564 2323 1592 2378 in
1616 2339 1714 2380 comm.
1733 2324 1831 2381 Matth.

132 2420 285 2479 aeternum,
302 2412 383 2480 cujus
401 2408 513 2464 flamma
532 2425 673 2480 nunquam
693 2410 891 2481 exstinguetur,
920 2410 969 2479 qui
997 2416 1044 2466 25:
1075 2411 1181 2479 Arpuit
1205 2428 1251 2463 eos
1273 2413 1371 2480 potius
1397 2413 1433 2464 de
1462 2411 1594 2479 operibus
1620 2411 1833 2465 misericordiae

132 2504 247 2569 paratus
265 2503 307 2551 est
326 2495 437 2551 diabolo
456 2503 484 2550 et
503 2496 610 2566 angelis
630 2500 698 2562 ejus,
719 2512 751 2550 ao
771 2495 888 2566 proinde
906 2511 969 2551 enm
996 2514 1080 2565 quam
1098 2499 1134 2550 de
1151 2497 1283 2566 operibns
1302 2497 1438 2565 justitiae,
1463 2512 1525 2549 cum
1543 2504 1635 2550 tamen
1652 2498 1744 2566 mapis
1760 2505 1833 2551 tene·

132 2601 195 2640 cum
214 2583 324 2638 diabolo
343 2590 372 2637 et
390 2582 470 2636 malis
489 2584 550 2652 ejus
569 2583 676 2653 angelis
695 2598 866 2637 communem
884 2581 968 2637 habe·
995 2600 1078 2635 amur
1095 2584 1137 2636 ad
1154 2598 1240 2650 opera
1260 2582 1402 2650 justitiae,
1426 2583 1494 2651 quia
1512 2598 1601 2650 opera
1619 2582 1833 2637 misericordiae

132 2669 207 2737 bitis,
225 2671 325 2722 merito
344 2671 416 2723 enim
436 2668 510 2721 idem
531 2669 701 2739 supplicium
720 2669 809 2737 habet,
830 2669 880 2736 qui
895 2669 969 2735 ejus·
995 2677 1059 2722 sunt
1077 2669 1226 2733 faciliora,
1245 2685 1305 2720 cnm
1322 2675 1427 2720 natura
1446 2668 1489 2720 ad
1506 2685 1540 2720 ea
1555 2670 1647 2735 mapis
1662 2669 1779 2722 inclinet
1797 2686 1832 2722 ac

133 2759 196 2811 dem
217 2756 372 2811 voluntatis
395 2762 474 2823 sum,
501 2755 541 2808 ait
565 2753 794 2825 Tbeophylactus
819 2754 848 2808 in
872 2769 969 2811 comm.
991 2755 1115 2823 proinde
1141 2757 1233 2823 mapsa
1257 2757 1422 2824 arpuenda,
1455 2755 1505 2807 uiri
1538 2757 1680 2823 deficiunt.
1725 2757 1831 2824 Arpnit

132 2861 194 2897 cum
212 2843 264 2896 illo
279 2841 406 2894 habituri
422 2841 490 2895 estis
508 2855 620 2916 poenae
638 2840 866 2903 communionem,
885 2840 969 2907 cujus
995 2841 1090 2910 potius
1110 2843 1145 2894 de
1165 2841 1312 2895 omissione
1332 2858 1417 2909 quum
1438 2841 1474 2893 de
1493 2841 1693 2909 commissione,
1713 2858 1775 2895 cum
1790 2852 1832 2896 ta·

132 2929 255 2996 elegistis
277 2930 376 2991 facere
400 2927 585 2990 voluntatem,
609 2925 649 2979 ait
669 2924 727 2980 Leo
747 2941 862 2980 sermon.
886 2932 908 2982 4.
933 2926 969 2979 de
997 2942 1057 2979 men
1078 2927 1199 2994 maioris
1218 2928 1346 2980 criminis
1366 2927 1423 2979 sint
1440 2927 1588 2979 commissa
1614 2934 1639 2979 et
1658 2928 1724 2981 ideo
1742 2931 1833 2999 mapis

131 3014 243 3070 collect
264 3018 294 3067 ct
312 3012 439 3068 eleemos.
473 3012 611 3065 discedite
632 3029 651 3064 a
669 3026 720 3078 mc,
735 3028 877 3082 nunquam
897 3010 968 3065 redi·
996 3015 1159 3082 arpuenda,
1184 3013 1252 3082 arsia
1273 3014 1420 3081 puniendo
1445 3015 1524 3083 prod
1546 3014 1638 3066 minus
1660 3021 1714 3083 est,
1740 3015 1832 3068 innuit

131 3100 187 3154 turi
200 3099 237 3153 ad
255 3115 313 3166 me,
339 3113 481 3168 nunquam
499 3095 584 3150 visuri
604 3111 657 3154 me.
688 3099 726 3150 rit
743 3096 835 3150 Deum
853 3113 909 3151 non
929 3095 968 3150 vi·
996 3100 1119 3168 amplius
1136 3099 1302 3163 faciendum
1320 3101 1356 3152 de
1375 3100 1538 3167 majoribus.
1576 3098 1611 3152 Si
1626 3100 1703 3153 enim·
1729 3103 1832 3156 omissa

131 3185 210 3252 dere,
236 3190 279 3240 eet
297 3184 371 3239 omni
390 3183 463 3239 bono
481 3183 618 3254 privatum
638 3197 711 3250 esse,
737 3181 827 3237 Deum
846 3199 902 3237 non
929 3183 969 3237 vi·
995 3187 1105 3255 arpuit,
1130 3185 1218 3238 multo
1241 3185 1311 3254 plns
1335 3186 1488 3239 commum.
1524 3186 1595 3239 Item
1619 3187 1711 3255 mapie
1736 3189 1832 3256 arpuit

131 3272 197 3327 dere
215 3271 310 3325 omnia
328 3270 474 3342 gehennae
493 3270 632 3340 supplicia
649 3276 780 3340 superat;
800 3270 969 3324 disceditea
996 3271 1032 3323 de
1046 3271 1171 3340 peccatis
1196 3271 1226 3323 in
1242 3271 1402 3342 praeimum
1428 3287 1512 3339 psam
1537 3272 1567 3323 in
1587 3272 1693 3334 Deum,
1714 3273 1782 3341 pura
1807 3274 1834 3326 si

130 3374 187 3426 me,
203 3374 260 3411 non
280 3356 369 3412 solum
391 3372 434 3411 me
453 3371 594 3426 nunquam
611 3354 711 3424 visuri,
735 3354 884 3409 sedetiam
905 3372 968 3410 cum
994 3365 1112 3425 peecata
1130 3358 1161 3410 in
1182 3357 1343 3425 proximum
1363 3358 1599 3423 condemnantur,
1627 3359 1714 3411 multo
1740 3376 1832 3426 mapsa

132 3442 243 3498 diabolo
263 3450 291 3498 et
309 3442 416 3513 angelis
435 3444 496 3512 ejus
513 3443 543 3495 in
561 3445 727 3511 perpetuum
747 3439 849 3510 futuri3
879 3443 968 3494 disce·
994 3450 1112 3511 peccata
1143 3443 1174 3495 in
1204 3442 1298 3495 Deum
1327 3449 1359 3495 ut
1388 3443 1562 3510 blasphemia
1597 3451 1623 3496 et
1653 3444 1831 3498 idololatria.

133 3531 190 3583 dite
209 3547 228 3582 a
245 3545 298 3598 me,
317 3529 386 3583 haec
405 3533 447 3581 ost
464 3543 555 3597 poena
573 3526 675 3587 damni,
702 3526 834 3580 videlicet
849 3525 968 3597 privatio
996 3530 1068 3583 Item
1087 3545 1149 3583 eum
1167 3529 1203 3581 sit
1222 3528 1422 3582 misericordia
1438 3530 1600 3600 corporalis
1619 3537 1645 3582 et
1661 3531 1830 3599 spiritualis,

132 3614 280 3671 beatificae
296 3615 429 3679 visionis3
456 3613 593 3666 discedite
613 3631 632 3665 a
650 3629 692 3666 me
712 3613 743 3664 in
762 3613 854 3679 ipnem
880 3619 968 3666 aeter·
992 3616 1089 3683 potius
1106 3614 1246 3678 desectum
1274 3615 1369 3681 arguit
1390 3632 1505 3685 operum
1529 3616 1723 3687 spiritualium
1748 3633 1852 3686 msam.

131 3720 205 3770 num,
222 3701 292 3756 haec
305 3707 569 3769 estpoenasensus,
590 3697 722 3753 videlicet
736 3697 811 3769 ignis
824 3696 968 3752 infernalis
996 3701 1203 3770 corporalium,
1232 3701 1302 3769 quia
1326 3716 1415 3770 opera
1441 3701 1608 3771 spiritualia
1631 3709 1696 3755 sunt
1721 3703 1831 3755 cciden-

132 3787 280 3842 crueiatus.
314 3783 466 3855 Subiungit
485 3790 514 3838 et
531 3784 585 3838 hoc
602 3784 662 3838 loco
677 3784 765 3853 judex
781 3784 903 3838 rationes
921 3784 967 3838 de
996 3786 1077 3839 tiara.

133 3873 243 3929 uidendi
260 3870 399 3942 prioribus
417 3871 568 3941 oppositas.
604 3871 725 3923 Esurioi
750 3871 837 3934 enim,
863 3878 889 3924 et
911 3887 968 3923 non
1030 3877 1071 3927 61.
1108 3876 1132 3927 3.
1155 3871 1315 3925 Sententiae
1329 3872 1529 3941 promulgatae
1548 3873 1696 3925 moenaio.
1733 3871 1832 3944 Neque

132 3960 250 4014 dedistis
267 3958 337 4011 milri
354 3957 443 4011 cilum
460 3965 509 4012 etc.
544 3956 720 4026 Augustinus
739 3955 787 4010 lib.
805 3956 840 4011 de
858 3955 905 4010 fid.
930 3955 966 4011 ad
994 3957 1067 4012 enim
1086 3956 1176 4012 amica
1192 3956 1241 4012 illa
1260 3957 1368 4028 piorum
1385 3958 1421 4012 ad
1439 3957 1518 4028 regni
1536 3957 1664 4012 coelestis
1682 3959 1831 4028 possessio·

130 4045 244 4100 Petrum
257 4062 281 4098 c.
295 4050 345 4100 tt:
366 4044 400 4097 Si
417 4043 446 4095 in
464 4044 557 4110 ipnern
576 4050 719 4095 scurnum
733 4043 818 4111 dipns
836 4043 968 4111 mittetur,
993 4060 1058 4098 nem
1076 4042 1203 4098 invitatio
1222 4044 1275 4099 erit
1290 4043 1374 4098 inane
1393 4044 1567 4113 promissum,
1586 4060 1678 4116 nequa
1691 4044 1831 4099 horribilis

80 4133 178 4200 aarum
195 4131 306 4184 Christo
330 4131 359 4182 in
383 4130 443 4181 suis
470 4128 594 4180 minimis
621 4129 754 4182 esurienti
777 4145 883 4198 panem
911 4147 967 4184 non
994 4130 1045 4184 illa
1070 4129 1216 4200 impiorum
1242 4129 1279 4183 ad
1304 4128 1397 4203 ignem
1421 4128 1584 4184 infernalem
1609 4130 1750 4185 damnatio
1780 4131 1832 4185 erit

65 4261 70 4268 .
131 4217 253 4284 dederit,
280 4216 350 4285 quid
364 4232 506 4284 passurus
527 4222 575 4277 est,
601 4214 652 4283 qui
670 4213 762 4282 ipsum
782 4232 894 4284 panem,
918 4216 969 4284 qui
994 4215 1088 4287 fulgur
1106 4232 1139 4271 ex
1157 4216 1232 4285 pelvi
1252 4221 1281 4270 et
1298 4232 1399 4270 vanum
1416 4216 1681 4279 terriculamentum,
1702 4216 1750 4270 sed
1770 4233 1830 4270 sen·

130 4305 165 4357 de
183 4303 261 4356 coelo
281 4300 436 4364 merendi,
463 4301 519 4353 sior·
536 4317 589 4370 por
606 4299 783 4364 infidelitatis
800 4302 897 4354 citium
915 4304 966 4354 ad·
994 4303 1083 4358 tentia
1100 4302 1211 4373 utrique
1231 4302 1304 4372 parti
1320 4302 1378 4356 lata
1397 4301 1458 4357 sine
1480 4301 1537 4355 ulla
1559 4302 1735 4373 exceptione,
1762 4301 1831 4357 dila·

131 4390 215 4444 emiti
236 4387 271 4442 Si
291 4389 322 4440 in
340 4388 460 4447 dammis
470 4388 645 4455 perennibus
663 4385 967 4455 sarracenescum·
994 4387 1085 4456 done,
1114 4387 1318 4457 appellatione,
1348 4386 1544 4457 replicatione,
1569 4386 1708 4442 levatione
1727 4393 1779 4441 etc.
1815 4405 1831 4442 e

131 4482 172 4529 sto
189 4475 221 4527 in
238 4473 297 4527 anie
315 4473 438 4526 minimis
456 4474 564 4526 sitienti
580 4473 697 4527 calicem
723 4489 815 4542 aquae
837 4473 967 4542 frigidae
994 4473 1112 4545 vestigio
1131 4473 1301 4528 exsecutioni
1322 4472 1444 4540 dabitur,
1462 4472 1562 4526 Manu,
1582 4478 1623 4538 25,
1642 4490 1668 4527 v.
1690 4479 1730 4529 to.
1769 4473 1831 4528 Erit

132 4578 187 4615 nen
208 4561 316 4628 tribuit,
333 4560 406 4628 quid
424 4559 474 4613 ilie
485 4560 624 4627 patietur,
641 4561 691 4628 qui
703 4567 821 4612 renatus
840 4575 873 4613 en
890 4576 967 4628 aquea
994 4558 1032 4612 ibi
1053 4565 1085 4613 ut
1101 4560 1208 4611 ceritas
1224 4559 1253 4611 in
1273 4558 1455 4627 inquisitione
1473 4566 1499 4611 ct
1516 4560 1633 4611 nuditas
1650 4560 1679 4612 in
1700 4561 1829 4630 publica·

132 4655 156 4701 et
175 4646 287 4717 Spiritu
313 4653 410 4699 sancto
439 4653 567 4698 sanatum
593 4645 732 4713 baptisma
756 4644 786 4696 in
809 4661 838 4697 se
861 4645 967 4698 iterare
994 4647 1078 4708 tione,
1110 4644 1149 4698 ita
1167 4659 1277 4715 quoque
1297 4643 1431 4697 secedas
1449 4644 1479 4696 in
1495 4645 1679 4699 sesecutiorse.
1716 4646 1830 4718 Conspi·

130 4734 275 4803 permittit,
295 4735 373 4802 quod
389 4734 430 4784 ad
447 4731 694 4785 saimemeemclet
708 4732 750 4783 ad
764 4739 967 4785 sacramentnm
994 4730 1082 4783 cietur
1098 4731 1230 4800 majestas
1244 4728 1347 4800 judicis
1370 4729 1402 4782 in
1419 4733 1602 4799 apparendo,
1626 4734 1777 4787 auctoritas
1800 4733 1829 4786 in

132 4827 246 4875 sanetae
262 4819 487 4887 reponeretionis
505 4817 636 4886 accepim
675 4818 709 4872 Si
725 4817 809 4871 ellum
828 4818 968 4871 credimus
995 4816 1164 4885 colligendo,
1183 4814 1333 4886 prudentia
1349 4816 1380 4868 in
1399 4815 1593 4880 discernendo,
1608 4817 1719 4887 justitia
1735 4819 1766 4870 in
1784 4819 1830 4872 de·

130 4906 301 4976 perennibus
318 4906 492 4958 salmacium
510 4919 569 4957 csse
588 4905 737 4967 mmeritis,
756 4903 806 4973 qui
826 4904 968 4958 Christum
996 4903 1131 4969 ridendo,
1161 4901 1287 4972 potentia
1309 4902 1339 4955 in
1364 4904 1547 4971 assequenda.
1585 4905 1625 4956 Et
1647 4903 1726 4955 ibunt
1747 4903 1780 4956 tr·
1802 4902 1831 4972 (a

133 4993 160 5046 in
178 4992 239 5046 suis
256 4990 378 5044 minimis
401 4990 584 5059 pereprinum
600 4989 722 5058 hospitio
745 4989 865 5059 neplipit
882 4992 969 5043 susci·
996 4987 1113 5042 sinistris
1139 4986 1293 5055 constituti)
1323 4989 1353 5041 in
1380 4989 1551 5059 supplicium
1578 4994 1734 5056 aeternum,
1756 4988 1832 5056 justi

129 5094 212 5147 pere,
239 5076 311 5147 quid
330 5093 485 5146 passurum
508 5092 538 5130 sc
561 5077 717 5146 putaumia
746 5076 796 5145 qui
812 5076 968 5130 Dominum
996 5081 1088 5128 autem
1110 5077 1139 5140 (a
1157 5072 1261 5128 dextris
1279 5073 1418 5142 collocati)
1440 5075 1470 5127 in
1489 5075 1577 5128 citam
1595 5083 1745 5129 aeternam.
1777 5072 1831 5129 Im·

135 5164 276 5219 Christum
300 5165 335 5216 de
353 5165 437 5217 domo
460 5163 556 5217 cordis
578 5163 624 5215 sui
650 5163 800 5216 secludere
827 5168 854 5216 et
872 5162 969 5215 dialo-
996 5160 1035 5232 pii
1054 5176 1072 5215 a
1089 5159 1161 5215 facie
1180 5159 1293 5215 Domini
1312 5159 1419 5229 expulsi
1443 5159 1525 5214 ibunt
1547 5159 1575 5213 in
1599 5165 1742 5215 aeteruum
1767 5178 1831 5233 sup·

133 5250 190 5304 lum
216 5252 247 5304 in
269 5265 300 5304 sc
322 5265 408 5304 caeca
430 5265 551 5318 prorem
573 5248 742 5317 infidelitate
768 5249 907 5319 recipiens
932 5251 968 5302 dc
995 5246 1124 5319 plicium,
1149 5246 1217 5317 quia
1240 5247 1344 5300 radias
1365 5247 1416 5300 ille
1442 5246 1555 5315 ipneus,
1580 5244 1609 5298 id
1631 5254 1675 5303 est
1694 5247 1833 5304 sententia

133 5344 232 5390 sancta
250 5336 383 5404 ecclesia,
406 5351 478 5404 quae
496 5340 537 5388 cst
560 5333 690 5387 columna
716 5342 742 5388 et
765 5337 969 5400 firmamentum
995 5332 1213 5398 maledictionis,
1244 5349 1261 5386 a
1287 5332 1387 5388 throno
1413 5331 1467 5386 Dei
1495 5331 1648 5402 procedens
1675 5333 1785 5392 Daniel.
1807 5341 1832 5402 l,
1845 5355 1901 5399 111.
1914 5355 1962 5402 m,

134 5419 638 5488 sudatisdraereticacircumcentus
650 5419 971 5484 falsitatedisceeseriti
995 5438 1021 5473 v.
1052 5425 1090 5476 10.
1116 5418 1287 5474 horribiliter
1308 5420 1396 5473 instar
1418 5418 1542 5473 fulminis
1565 5435 1612 5474 eos
1638 5419 1666 5473 in
1695 5420 1833 5476 infernum

135 5507 173 5561 Et
190 5509 218 5562 ei
235 5509 303 5576 ille,
329 5507 380 5576 qui
401 5506 529 5571 infirmos
558 5512 642 5575 atque
667 5506 698 5559 in
722 5523 836 5561 carcere
860 5509 969 5576 positas
996 5513 1151 5577 prosternet
1170 5514 1199 5561 ct
1216 5507 1245 5560 in
1265 5505 1396 5560 cordibus
1414 5506 1536 5576 ipsorum
1556 5504 1586 5560 in
1608 5523 1718 5562 omnem
1744 5514 1832 5563 aeter·
