4050 6014
626 325 677 381 DE
694 326 1028 385 CONSUMMATIONE
1047 327 1190 385 sucum.
1724 341 1781 399 119

72 484 208 537 statuunt
226 480 341 551 quidam
357 496 390 536 ax
401 480 541 537 vetembus
561 487 589 537 et
602 481 765 538 scholastici
787 482 845 539 iere
862 500 918 538 om·
948 482 1102 552 flagratorii
1121 481 1239 538 flammis
1260 500 1372 554 prorsus
1390 483 1526 540 immunes
1538 482 1656 553 futuros,
1669 483 1784 556 perinde

71 582 137 622 nes.
175 565 310 639 Origenes
328 566 400 622 hom.
419 573 444 624 3.
463 567 492 622 in
510 568 612 624 Psslm.
632 574 679 625 tt:
705 571 806 624 Omnes
823 570 918 626 vestire
931 598 933 610 ι
946 575 979 623 ut
996 568 1112 624 Noahus
1128 588 1192 625 cum
1205 562 1264 625 auis
1283 570 1312 624 in
1324 587 1420 625 arcas
1439 569 1537 625 diluvii
1548 571 1629 642 aquis
1647 571 1700 627 suit
1719 588 1782 626 con-

73 661 251 708 1111111111
271 656 313 708 ad
329 655 411 710 silum
429 655 529 725 ipnsm‚
551 656 664 709 etiamsi
680 658 790 711 Paulus
808 659 845 712 sit
864 659 918 713 cli·
946 664 1080 712 serratus.
1095 657 1254 729 Resurgent
1268 657 1341 712 enim
1362 657 1391 712 in
1410 655 1573 727 corporibus
1591 657 1782 727 spiritualibus
1796 676 1838 718 χχ,
1856 677 1889 719 41.

76 740 144 809 puis
161 740 206 794 111
226 740 340 805 Petrus,
360 741 450 795 ueniet
469 749 561 795 tamen
581 744 623 794 ad
641 743 723 797 illum
740 745 839 813 ipnsm.
876 744 917 800 Si·
944 758 978 798 ac
1002 742 1181 814 glorificatis,
1205 743 1322 814 proinde
1350 742 1434 798 etiam
1456 742 1733 813 incorruptibilibus„
1753 742 1781 797 in

75 825 158 880 milia
175 825 262 882 habet
280 826 327 884 lib.
349 832 373 884 8.
394 827 423 882 in
441 829 521 899 epist.
540 827 620 885 Rom.
637 828 731 884 homil.
750 836 788 886 11.
804 829 832 883 in
847 830 916 884 Luc.
944 844 1016 899 quae
1036 847 1087 885 nec
1109 830 1184 900 ignis
1211 847 1264 884 nec
1290 846 1365 900 aqua
1387 845 1439 882 nec
1463 828 1521 882 ulla
1542 829 1585 883 vis
1609 837 1729 895 externe,
1746 846 1781 884 ne

76 917 108 966 et
125 911 197 966 hom.
224 916 263 968 13.
288 913 317 967 iu
341 914 399 970 der.
435 914 602 969 Lactantius
621 915 669 970 lib.
698 921 721 969 t.
742 915 804 970 inst
826 934 849 972 c.
871 920 915 974 st:
944 915 1029 984 ipsius
1048 916 1162 986 quidem
1182 914 1312 982 Satanae,
1338 916 1491 986 quidquam
1509 931 1592 986 agere
1610 916 1719 984 poterit
1757 921 1781 972 b.

75 998 182 1053 Justos
201 1017 263 1052 curn
283 999 461 1068 judicaverit
480 1003 570 1066 Deus,
589 1002 673 1054 ctiam
693 1001 756 1070 ipne
777 1019 824 1056 cos
854 1019 916 1055 eua-
944 1000 1078 1072 Origenes
1088 1008 1116 1056 et
1132 1001 1293 1056 Ambrosius
1307 1018 1400 1056 omncs
1421 1001 1533 1056 omnino
1552 1002 1676 1055 homines
1688 1000 1780 1072 ignem

75 1085 206 1142 minabit.
242 1085 407 1141 Ambrosius
428 1086 458 1140 in
474 1086 577 1140 Psalm.
598 1092 646 1142 116.Ι
667 1086 738 1156 Ipns
754 1088 917 1156 purpabun·
943 1087 1019 1141 illum
1041 1087 1205 1141 transituros
1225 1093 1359 1152 statuunt,
1378 1087 1415 1141 ad
1433 1104 1530 1141 eorum
1557 1087 1643 1158 igitur
1662 1088 1778 1143 auctori·
1833 1134 1837 1142 .

74 1179 126 1225 tur
149 1171 205 1234 1111
227 1172 305 1236 Leni,
328 1172 392 1241 ipni
410 1172 543 1226 Esecbiel
568 1180 594 1225 et
621 1173 738 1228 Daniel.
762 1171 792 1226 in
814 1172 916 1227 Psalm.
942 1178 1029 1227 tatem
1048 1172 1188 1228 Pontificii
1206 1189 1358 1244 provocare
1376 1181 1526 1244 nequeunt,
1547 1173 1651 1244 quippe
1669 1175 1716 1244 qui
1733 1174 1778 1243 ju·

78 1261 139 1313 118.
157 1264 247 1313 cotom
265 1262 296 1313 b:
313 1259 353 1312 Et
366 1258 393 1311 si
409 1257 515 1326 aliquis
529 1266 559 1311 ut
572 1259 674 1310 Petrus
690 1260 726 1312 sit
746 1259 790 1311 uel
807 1259 914 1313 Jolsan·
943 1264 999 1313 stos
1018 1277 1034 1313 a
1051 1277 1141 1330 poena
1158 1260 1272 1330 peceati
1288 1259 1380 1314 adhuc
1398 1260 1583 1329 persolvenda
1596 1260 1697 1316 liberos
1715 1277 1777 1315 eum

41 1339 44 1342 ⁴
74 1359 137 1411 nse,
155 1344 313 1414 baptisatur
327 1344 379 1397 hoc
396 1344 469 1413 ipne.
488 1342 610 1398 Thomas
626 1343 656 1398 in
673 1344 810 1415 supplem.
830 1362 855 1414 q.
875 1350 915 1400 74.
942 1346 1154 1416 pertransituros
1175 1363 1235 1401 esee
1259 1351 1370 1415 negant.
1410 1351 1434 1400 4.
1464 1344 1569 1400 Nititur
1593 1345 1662 1400 haec
1686 1346 1779 1416 opinio

74 1434 130 1484 art
149 1434 180 1487 8:
195 1429 280 1500 Ipnis
297 1437 431 1499 quantum
444 1431 569 1498 pertinet
584 1432 626 1484 ad
647 1431 776 1484 virtutem
799 1439 916 1484 natura·
941 1431 1018 1486 falsis
1046 1434 1246 1504 hypothesibus
1264 1432 1463 1501 compluribus,
1485 1431 1615 1486 videlicet
1639 1433 1713 1503 quod
1735 1450 1778 1485 re·

73 1516 132 1570 icen
159 1516 258 1586 ipsius,
284 1517 416 1572 similiter
438 1523 504 1586 apet
529 1518 558 1570 in
583 1518 676 1571 malos
700 1526 727 1572 et
754 1519 847 1583 bonas,
867 1518 917 1587 qui
942 1519 1030 1572 missa
1048 1519 1133 1588 culpa
1153 1520 1211 1588 piis
1233 1519 1325 1572 adbuc
1345 1518 1486 1572 incumbat
1510 1519 1632 1571 debitum
1657 1519 1779 1572 luendae

72 1601 134 1656 1111
149 1602 341 1671 reportantur,
362 1610 544 1672 utrmumpue
563 1620 684 1672 corpora
695 1604 725 1657 in
734 1605 853 1657 cinerem
871 1619 914 1656 re·
940 1621 1063 1674 poenae,·
1085 1605 1159 1676 quod
1180 1607 1261 1658 detur
1281 1605 1442 1658 materialis
1458 1605 1574 1674 paidom
1588 1604 1663 1672 ipnis
1679 1620 1776 1676 pecca·

74 1687 236 1756 sciendo5
258 1688 288 1742 in
313 1696 449 1759 mantum
470 1706 535 1743 vero
561 1698 625 1757 apet
648 1698 678 1742 ut
701 1691 913 1744 instrumentum
941 1698 1033 1743 torum
1052 1689 1141 1745 labem
1160 1707 1333 1760 superparem
1357 1691 1431 1761 quod
1450 1689 1524 1758 ipnis
1544 1688 1651 1758 indicii
1666 1690 1704 1742 sit
1722 1708 1777 1742 om·
1847 1711 1849 1716 ·

72 1774 191 1829 dnum
221 1775 366 1844 justitiae,
399 1775 587 1832 (111111111111
616 1784 678 1844 apat
719 1776 749 1829 in
780 1745 996 1846 diversoqlnia,
1015 1777 1056 1829 sic
1075 1777 1159 1830 etiam
1177 1777 1320 1830 bominum
1342 1794 1466 1847 corpora
1480 1784 1677 1847 purpaturus;
1701 1776 1776 1846 quod

74 1867 211 1929 quarum
244 1863 286 1915 ad
309 1877 434 1931 poenam
466 1878 603 1919 sensuum.
649 1862 729 1916 Mali
755 1863 828 1915 enim
857 1879 913 1931 per
939 1863 1071 1915 morituri
1096 1862 1166 1931 sint,
1194 1880 1264 1931 quos
1293 1863 1355 1916 dics
1383 1861 1551 1916 noousimus
1587 1863 1776 1932 deprehendet

72 1946 214 2000 actionem
233 1947 307 2016 ipnis
325 1948 545 2012 nudabuntum
573 1948 639 2002 boni
658 1965 734 2010 cero,
758 1947 788 2000 in
812 1948 912 2016 quibus
938 1949 1028 2017 oiuosq
1047 1947 1279 2019 qroducunt.
1295 1956 1399 2017 apatur
1415 1949 1634 2018 depurpatcrio
1652 1950 1775 2016 quodam

71 2031 148 2087 misit
162 2035 346 2104 purpcndum
359 2035 522 2099 invenietur,
535 2037 645 2090 omnino
657 2036 766 2089 nullum
786 2035 912 2090 dolorem
939 2036 1003 2103 ipns
1018 2043 1085 2103 post
1101 2035 1175 2088 banc
1192 2035 1278 2087 uitam
1285 2043 1406 2103 peccata
1418 2041 1605 2103 enpurpantc3
1621 2035 1699 2104 quod
1711 2053 1774 2089 con·

73 2135 108 2172 em
128 2119 194 2186 ipne
214 2121 341 2189 sentient,
363 2128 391 2174 11
410 2120 508 2173 diuina
524 2121 626 2175 uirtute
646 2122 703 2188 fiet,
727 2128 759 2174 ut
779 2122 841 2174 sine
862 2124 911 2175 do·
939 2122 1074 2189 tiapratio
1088 2137 1145 2190 per
1164 2122 1254 2189 ipnem
1268 2137 1457 2191 praecessura
1477 2121 1515 2174 sit
1533 2130 1682 2175 extremum
1693 2123 1774 2190 judi·

72 2205 288 2260 hsiscruciutu
299 2207 498 2260 resolutionem
513 2207 644 2275 corporis
652 2206 811 2275 patiantur.
835 2209 913 2262 Boni
939 2207 1010 2260 cium
1026 2213 1077 2260 etc.
1114 2205 1238 2260 Tertiam
1260 2205 1333 2277 ignis
1354 2207 1490 2261 actionem
1510 2206 1776 2287 Barradius'statuit

72 2306 150 2356 aero,
168 2292 199 2344 in
217 2292 317 2360 quibus
334 2293 449 2364 aliquid
463 2295 648 2364 purpandum
666 2294 831 2362 reperietur,
850 2312 911 2348 sen·
938 2294 1039 2348 mundi
1055 2294 1293 2362 enpurpationem.
1332 2294 1512 2364 Eopurpabit
1536 2294 1608 2347 enim
1632 2295 1725 2347 coelos
1749 2301 1774 2347 et
1847 2291 1850 2297 ’

73 2379 146 2432 tient
163 2379 320 2432 miniatum
340 2379 451 2433 doloris
469 2395 501 2432 11
519 2379 571 2433 illo
588 2381 653 2446 ipne
665 2381 734 2448 plus
758 2380 802 2434 oei
818 2380 910 2434 minus
938 2378 1074 2433 clementa
1090 2379 1174 2448 jueta
1192 2379 1269 2432 iliud
1285 2381 1312 2433 2.
1331 2379 1409 2432 Petr.
1426 2380 1453 2446 3,
1472 2396 1496 2432 u.
1515 2381 1558 2433 12.
1579 2379 1653 2433 coeli
1670 2382 1772 2433 arden·

69 2465 301 2533 promeritmum
313 2465 487 2522 diuersitate.
506 2465 756 2521 Glossaordinaria
770 2472 794 2524 2.
814 2465 910 2522 Thess.
937 2472 979 2518 tes
1003 2465 1147 2519 solventur
1170 2473 1198 2519 11
1220 2464 1355 2518 elementa
1386 2465 1460 2534 ipnis
1483 2466 1590 2519 ardore
1613 2465 1772 2534 liquescent.

75 2557 104 2607 l:
120 2549 202 2618 Ipsis
221 2551 272 2620 qui
284 2553 437 2620 1111111111
459 2551 610 2618 Christum,
633 2561 731 2606 snurst
755 2561 860 2608 terrum
885 2562 911 2608 et
937 2552 1179 2622 Eapurpabuntur
1198 2551 1286 2619 ipitur
1304 2551 1379 2606 coeli
1396 2559 1423 2603 et
1446 2551 1582 2604 demente
1597 2553 1668 2618 ipne.
1711 2554 1771 2606 Ha·

67 2637 208 2707 purpabit
223 2638 335 2696 electos.
374 2636 514 2708 losephus
533 2654 551 2692 a
569 2637 654 2694 Costa
671 2637 720 2694 lib.
739 2646 763 2695 1.
788 2640 823 2694 de
847 2658 909 2696 nor.
937 2639 999 2691 tens
1021 2639 1094 2691 enim
1118 2640 1257 2708 quasdsun
1282 2636 1370 2691 111111
1382 2639 1491 2704 sordes,
1512 2654 1583 2706 qstas
1600 2654 1634 2690 11
1650 2641 1772 2708 peccatis

71 2730 159 2795 temp.
176 2740 199 2778 a
217 2728 260 2779 22.
282 2741 311 2794 p.
336 2729 401 2781 639:
422 2726 493 2795 Ipne
517 2726 578 2784 illo.
600 2727 651 2794 qui
671 2727 779 2790 faciem
801 2727 910 2796 judicis
936 2726 1078 2779 bominum
1095 2733 1121 2778 st
1139 2726 1306 2778 daemonum
1327 2731 1532 2780 contraxerunt.
1549 2725 1626 2778 Nam
1639 2727 1771 2792 quemad·

69 2810 133 2877 iam
150 2811 346 2865 (111111111111
360 2812 525 2882 praecedet,
544 2811 646 2881 ubique
659 2821 808 2881 pressante
825 2815 909 2868 scele·
936 2813 1050 2865 modum
1068 2811 1203 2865 uiolatum
1220 2810 1324 2865 scelere
1349 2809 1497 2863 homicidii
1518 2808 1649 2877 templum
1670 2812 1770 2864 sordes

70 2903 152 2950 ratos
169 2913 287 2951 arsuros
302 2905 380 2967 puto,
392 2898 499 2966 probos
514 2905 540 2951 st
556 2898 648 2965 justos
662 2901 832 2968 perpendos
849 2901 908 2969 qni·
936 2898 1076 2952 contrabit
1103 2899 1243 2967 quaedam
1275 2897 1396 2951 mmales
1413 2896 1574 2967 indipetpue
1593 2896 1770 2966 expiatione5

71 2985 145 3051 dem,
163 2983 192 3037 si
208 2982 281 3051 quid
297 2983 371 3037 iobis
392 2983 537 3053 insederit,
571 2992 602 3037 ut
620 2985 745 3038 insinuat
764 2987 910 3055 apostolus
935 2985 977 3037 sic
996 2985 1117 3039 violatus
1137 2984 1257 3048 infinitis
1276 2983 1418 3039 bominum
1429 2983 1553 3051 jinps'tiis
1572 2985 1693 3037 mundus
1711 3001 1769 3037 sor·

72 3073 97 3122 1.
118 3070 185 3125 Gor.
201 3071 229 3120 3.
249 3069 302 3123 sed
318 3086 374 3122 non
398 3071 548 3123 necandos.
594 3068 781 3140 Hieronymus
800 3070 909 3126 Natalis
935 3070 1152 3133 decennalis,
1173 3089 1192 3123 c
1211 3069 1311 3138 quibus
1325 3076 1365 3121 est
1378 3071 1585 3138 ecpurpundus.
1602 3071 1768 3124 Admiscen-

70 3153 101 3208 in
125 3152 222 3210 medit.
245 3170 344 3226 evang.
369 3172 397 3225 p.
416 3161 446 3213 i:
473 3157 629 3210 Beotorum
655 3156 768 3223 quidem
788 3159 908 3212 materia
935 3165 980 3209 tur
996 3164 1150 3225 praetcrea
1168 3156 1309 3209 elementis
1322 3162 1472 3209 cetrcnece
1486 3157 1645 3224 affectiones
1664 3163 1692 3210 et
1707 3156 1768 3209 sub·

69 3257 222 3311 corporum
235 3243 408 3313 purpabitur
429 3259 485 3312 per
501 3244 602 3312 ipnem,
631 3244 828 3297 damnatorum
851 3263 907 3298 non
933 3243 1063 3308 stantiae,
1082 3258 1154 3311 quae
1172 3242 1226 3296 ilia
1246 3243 1452 3311 quodammodo
1472 3242 1670 3310 contaminant,
1691 3244 1767 3296 idco·

65 3326 250 3397 psrpabitur.
294 3328 449 3382 Visentium
476 3336 570 3382 ouum
603 3337 906 3400 emerenturcorpora,
933 3344 986 3396 que
1011 3330 1193 3398 decoquenda
1212 3336 1291 3397 sunt,
1318 3335 1349 3380 ut
1377 3327 1489 3380 omnino
1504 3344 1582 3395 pura
1605 3345 1638 3381 ac
1656 3328 1766 3382 sincera

68 3419 98 3468 st
113 3421 274 3469 meatorum
293 3414 406 3484 quidem
418 3415 691 3484 purpabuntur,sed
703 3434 759 3469 nan
774 3417 906 3486 afflipen-
932 3417 1100 3470 reddantur.
1147 3415 1237 3487 Atqui
1267 3414 1409 3484 apostolus
1435 3430 1491 3468 non
1516 3413 1607 3468 nudae
1632 3414 1768 3469 duntaxat

67 3505 125 3562 tur,
142 3515 241 3554 sorum
257 3499 398 3568 uidelicet,
417 3499 467 3568 qui
485 3500 545 3554 sine
564 3500 625 3555 ullo
645 3509 845 3572 reatupoenae
862 3500 905 3552 in·
933 3501 1140 3572 expurgationis
1158 3502 1206 3556 sed
1239 3500 1435 3568 dissolutionis,
1463 3499 1621 3564 exustionis,
1650 3499 1764 3571 liquefa-

67 3584 146 3640 send
155 3585 291 3654 fuerint,·
309 3586 451 3640 malonem
466 3602 533 3640 uero
555 3604 611 3641 non
624 3588 834 3658 perpetuatur,
854 3588 907 3639 sed
932 3588 1040 3655 ctionie,
1069 3588 1193 3658 adeoque
1223 3587 1352 3643 interitus
1381 3593 1409 3641 et
1443 3578 1602 3640 abolitionis
1635 3586 1767 3654 meminit,

67 3669 237 3740 nsflipentur
261 3671 383 3724 aliorum
420 3671 532 3725 animae
557 3679 583 3725 et
608 3689 730 3740 corpora
755 3671 907 3740 temporali
933 3674 1044 3745 quade
1064 3672 1373 3744 resuolocoplenius.
1412 3675 1439 3739 t)
1460 3672 1503 3727 De
1521 3680 1645 3742 tempore
1664 3689 1698 3726 sc
1716 3673 1766 3727 du-

64 3773 161 3827 posnu
176 3757 387 3826 purpabuntur.
413 3757 469 3814 Sed
480 3756 553 3812 hano
565 3757 715 3813 secundam
732 3757 806 3829 ignis
819 3757 904 3816 actio·
932 3761 1040 3815 ratione
1060 3759 1287 3829 conflagrationis
1305 3760 1335 3814 in
1355 3758 1504 3830 Scripturis
1526 3757 1596 3813 nihil
1611 3763 1703 3814 exstat
1724 3776 1766 3815 rc»

67 3856 133 3897 nem
150 3857 295 3913 regumn,
317 3849 340 3899 1.
358 3842 432 3914 quia,
452 3842 528 3898 utin
548 3842 685 3913 principio
704 3848 784 3899 tract.
803 3844 838 3899 de
857 3860 904 3899 no·
932 3847 1063 3914 velatum,
1083 3847 1147 3903 ideo
1164 3852 1262 3902 111111
1284 3845 1406 3901 humana
1422 3844 1592 3917 praesumtio
1613 3851 1716 3901 temere
1738 3846 1765 3900 in

66 3926 133 3986 viss.
157 3928 323 3999 monuimus,
351 3929 496 3998 Scriptura
525 3929 561 3985 de
589 3929 743 4001 purgandis
772 3931 906 3986 materiali
933 3934 1094 3989 alterutram
1111 3938 1218 4004 partem
1240 3932 1392 4003 quidquam
1411 3947 1576 3988 messersre.
1603 3931 1766 4002 Ludolphus

66 4013 190 4086 quodam
208 4015 274 4087 igne
293 4015 347 4085 piis
365 4014 433 4069 nihil
454 4015 606 4086 quidquam
622 4016 759 4086 continet3
778 4023 799 4072 2.
821 4016 904 4072 desti·
932 4019 1131 4076 carthusianus
1158 4020 1192 4075 de
1209 4020 1258 4074 vit.
1277 4018 1380 4074 Christi
1396 4024 1467 4088 part.
1486 4023 1510 4075 2.
1532 4018 1766 4076 1811111111-

65 4101 157 4156 tuitur
173 4099 243 4157 haec
260 4101 353 4169 opinio
364 4101 489 4156 unanimi
500 4101 610 4171 piorum
622 4110 746 4156 veterum
760 4120 903 4160 cenaeusu.
932 4107 984 4162 bus
1002 4107 1075 4180 ignis
1093 4106 1250 4162 actionibus
1269 4106 1348 4161 addit
1365 4112 1503 4177 quartam.
1521 4104 1649 4169 Habebit,
1668 4103 1765 4173 inquit,

65 4186 239 4255 Augtmtiuus
257 4186 622 4244 lib.2o.deciv.Dsic.1e:
644 4188 771 4259 Quaerat
789 4191 904 4260 aliquis,
931 4195 982 4247 istc
999 4196 1074 4264 ipnis
1099 4195 1227 4258 officium
1248 4201 1371 4262 quatuor
1395 4192 1510 4259 ipnium,
1533 4190 1662 4243 uidelicet
1691 4190 1765 4255 ipnis

64 4293 106 4328 an
119 4281 188 4342 post
204 4277 314 4340 factum
326 4276 471 4343 judicium
489 4277 610 4329 mundus
624 4277 676 4329 iste
690 4277 809 4341 ardebit,
828 4287 904 4331 ante·
928 4280 1084 4350 infernalis
1094 4282 1330 4349 adrep'roborum
1335 4278 1511 4348 punitionem
1517 4296 1529 4343 ,·
1546 4275 1620 4342 ipnis
1629 4282 1761 4343 purpato-

64 4377 213 4431 mmpro
223 4361 276 4416 ilio
285 4362 392 4416 eodum
402 4379 501 4416 novum
514 4370 540 4416 et
549 4370 628 4416 terra
636 4380 708 4416 noua
720 4372 904 4432 reponantur,
930 4368 971 4419 rii
979 4368 1020 4420 ad
1030 4367 1166 4420 bonorum
1175 4384 1194 4420 a
1207 4366 1364 4419 venialibus
1371 4363 1583 4433 purpationem5
1597 4360 1762 4428 ipnisterrc·

64 4463 99 4502 ec
111 4446 175 4516 ipso
188 4455 312 4517 ternpore
324 4448 555 4516 constuprationis
565 4450 634 4518 ejus,
655 4448 902 4517 abieruntsancti,
929 4453 996 4505 stris
1015 4456 1056 4507 ad
1065 4453 1261 4522 vspetabilium
1273 4459 1299 4504 et
1312 4450 1486 4504 sensibilium
1499 4445 1763 4501 consummationem

65 4550 129 4587 cust
139 4549 186 4586 eos
195 4533 327 4588 babentes
337 4550 461 4603 corpora
467 4535 497 4587 in
507 4534 604 4602 aliquo
613 4532 762 4602 corporali
769 4533 831 4588 loco
844 4551 903 4588 csse
929 4555 963 4590 ac
980 4555 1130 4607 corpmum
1145 4537 1377 4591 incinerationem
1381 4555 1392 4602 ,·
1405 4542 1431 4588 ct
1445 4534 1518 4600 ipnis
1533 4530 1710 4585 elementaris
1723 4532 1765 4584 ad

65 4633 178 4673 1111111
195 4618 254 4672 sit.¹
273 4620 427 4673 Possumus
444 4621 625 4688 respondere.
645 4621 758 4684 futuros
778 4636 825 4673 cos
844 4637 902 4674 esse
930 4624 1126 4679 elementorum
1151 4624 1370 4678 subtiliationem
1394 4628 1421 4674 ct
1453 4618 1641 4672 innovationis
1667 4634 1763 4671 eorum

65 4705 96 4758 in
112 4705 307 4774 mpsrionms
321 4705 464 4775 partibus,
478 4723 532 4776 quo
549 4723 607 4759 non
618 4707 772 4758 adscendet
784 4705 903 4787 stampis
930 4709 1150 4777 dispositionem.
1188 4709 1244 4765 Sed
1263 4709 1298 4763 de
1313 4705 1368 4762 hac
1386 4711 1486 4776 quarta
1504 4703 1576 4776 ignia
1600 4703 1710 4760 actione
1733 4704 1762 4759 in

64 4792 289 4859 reassumere,
304 4793 537 4861 quemadmodum
550 4808 600 4844 nec
620 4793 700 4845 unda
715 4792 827 4848 diluuii.
848 4793 903 4846 Ta·
930 4800 1008 4854 tract.
1029 4797 1063 4850 de
1082 4796 1189 4850 inferno
1203 4796 1333 4851 dicemus.

63 4879 110 4934 iia
128 4880 232 4950 quippe
250 4879 312 4933 iilis
332 4880 445 4935 inerunt
465 4895 596 4946 camora,
623 4885 653 4931 ut
674 4878 737 4932 illic
765 4880 831 4942 sint,
854 4881 905 4934 ubi
965 4887 1006 4938 25.
1041 4882 1204 4941 Antithesis.
1235 4883 1341 4938 Seneca
1357 4882 1385 4936 iu
1406 4882 1577 4938 naturalibus
1595 4880 1762 4954 quaestioni-

21 5019 25 5025 ,
64 4982 126 5022 esse
142 4964 291 5019 voluerint.
309 4966 370 5019 Sed
389 4981 439 5018 nec
459 4965 549 5032 ipnsm
571 4964 650 5017 iliius
669 4966 903 5034 constuprationis
928 4984 980 5038 que
1006 4967 1051 5022 lib.
1079 4973 1102 5025 3.
1125 4985 1179 5037 per
1205 4986 1297 5039 aqum
1321 4971 1481 5038 periturum
1502 4972 1634 5024 mundum
1660 4973 1761 5036 censet,

63 5054 263 5123 pertimescent
284 5052 456 5106 immortales
475 5057 560 5118 atque
578 5051 809 5120 incorruptibiles
820 5055 901 5118 sacti,
929 5071 1012 5125 quam
1032 5055 1240 5111 inundationem
1261 5057 1367 5127 prolixe
1384 5058 1516 5113 describit
1528 5074 1561 5112 ac
1580 5057 1691 5112 innovo
1708 5055 1760 5108 illo

63 5140 139 5194 11111
164 5139 291 5193 suornm
317 5140 404 5193 trium
433 5136 633 5206 corruptibilia
664 5154 784 5207 corpora
818 5147 901 5210 atque
929 5143 1032 5195 mundo
1060 5149 1126 5211 post
1142 5143 1281 5199 1111111111
1298 5145 1425 5199 restituto
1448 5146 1529 5198 illum
1543 5143 1680 5197 bominem
1694 5138 1762 5195 dicit

63 5225 202 5281 mortuiis
224 5227 255 5279 in
279 5228 391 5280 camino
415 5226 532 5280 ardenti
554 5225 646 5279 stone
678 5224 781 5279 illaesa
802 5235 901 5296 potue·
928 5245 986 5283 esse
1003 5229 1211 5293 restituendum,
1232 5231 1283 5299 pui
1298 5232 1336 5284 sit
1348 5230 1455 5285 inscius
1473 5230 1607 5284 scelerum
1626 5237 1653 5282 st
1665 5227 1759 5281 melio·
1812 5227 1814 5230 ’

61 5321 138 5372 runt.
165 5312 209 5369 Ex
227 5330 283 5384 quo
301 5312 384 5370 etiam
404 5318 521 5377 constat,
539 5311 640 5366 librum
661 5314 700 5363 50.
721 5309 857 5368 homilias.
873 5306 1006 5369 in¹ribus
1022 5316 1162 5384 auspiciis
1182 5324 1274 5371 natus.
1316 5317 1434 5374 Addunt
1452 5316 1565 5388 quidem
1588 5330 1622 5370 ex
1647 5314 1759 5378 Boreae,

62 5414 121 5470 quo
141 5399 216 5457 hom.
242 5405 281 5456 lb.
306 5400 474 5456 contrarium
496 5398 637 5463 statuitur,
660 5396 815 5465 Augustini
845 5418 901 5456 non
927 5402 1048 5457 futuram
1069 5403 1144 5457 illam
1162 5402 1379 5471 inundationem,
1397 5404 1509 5475 quando
1533 5404 1632 5458 sidera
1657 5402 1760 5468 omnia,

62 5501 133 5542 1111.
152 5483 413 5557 summergitur,
434 5486 496 5556 pios
515 5487 544 5541 in
563 5501 708 5540 occursum
726 5486 850 5540 Domino
871 5490 900 5543 in
927 5507 998 5559 qssae
1022 5509 1094 5544 nunc
1120 5491 1248 5545 (11111111
1272 5498 1360 5559 apunt
1383 5509 1489 5558 cursus,
1507 5492 1537 5545 in
1556 5491 1759 5562 Capricornum

62 5577 145 5636 aera
160 5579 261 5643 raptos
295 5577 318 5631 1.
338 5570 437 5629 Thess
455 5579 480 5638 1,
497 5591 522 5630 v.
539 5578 579 5630 tt.
595 5571 632 5628 ab
650 5569 725 5643 ignis
743 5569 817 5628 illius
832 5590 897 5630 coa-
927 5577 1113 5633 consenerint.
1168 5575 1224 5634 Sed
1247 5575 1416 5634 contrarium
1438 5593 1472 5633 cx
1506 5577 1657 5650 scripturis
1682 5578 1759 5636 facili
