<?xml version="1.0" encoding="UTF-8"?>
<!DOCTYPE html PUBLIC "-//W3C//DTD XHTML 1.0 Transitional//EN"
    "http://www.w3.org/TR/xhtml1/DTD/xhtml1-transitional.dtd">
<html xmlns="http://www.w3.org/1999/xhtml" xml:lang="en" lang="en">
 <head>
  <title>
</title>
<meta http-equiv="Content-Type" content="text/html;charset=utf-8" />
  <meta name='ocr-system' content='tesseract 3.04.00' />
  <meta name='ocr-capabilities' content='ocr_page ocr_carea ocr_par ocr_line ocrx_word'/>
</head>
<body>
  <div class='ocr_page' id='page_1' title='image "./locitheologicic02gerhgoog/locitheologicic02gerhgoog_0305.png"; bbox 0 0 4050 6014; ppageno 0'>
   <div class='ocr_carea' id='block_1_1' title="bbox 201 153 1270 221">
    <p class='ocr_par' dir='ltr' id='par_1_1' title="bbox 201 153 1270 221">
     <span class='ocr_line' id='line_1_1' title="bbox 201 153 1270 221; baseline -0.011 -1"><span class='ocrx_word' id='word_1_1' title='bbox 201 163 261 221; x_wconf 81' lang='lat'><strong>272</strong></span> <span class='ocrx_word' id='word_1_2' title='bbox 853 153 1083 213; x_wconf 69' lang='lat' dir='ltr'><strong>mutatas</strong></span> <span class='ocrx_word' id='word_1_3' title='bbox 1102 153 1270 219; x_wconf 81' lang='lat' dir='ltr'>QUINTUS</span> 
     </span>
    </p>
   </div>
   <div class='ocr_carea' id='block_1_2' title="bbox 63 321 2023 5489">
    <p class='ocr_par' dir='ltr' id='par_1_2' title="bbox 63 321 2023 5489">
     <span class='ocr_line' id='line_1_2' title="bbox 199 321 1894 399; baseline 0 -18"><span class='ocrx_word' id='word_1_4' title='bbox 199 321 283 398; x_wconf 78' lang='grc' dir='ltr'><strong>ἡγὰρ</strong></span> <span class='ocrx_word' id='word_1_5' title='bbox 295 327 397 394; x_wconf 76' lang='grc' dir='ltr'><strong><em>γνῶσις</em></strong></span> <span class='ocrx_word' id='word_1_6' title='bbox 408 322 650 399; x_wconf 71' lang='grc' dir='ltr'><strong>καταργηθήσεται</strong></span> <span class='ocrx_word' id='word_1_7' title='bbox 669 331 691 382; x_wconf 93' lang='grc'><strong>1.</strong></span> <span class='ocrx_word' id='word_1_8' title='bbox 703 323 826 380; x_wconf 80' lang='lat' dir='ltr'><strong>Corinth.</strong></span> <span class='ocrx_word' id='word_1_9' title='bbox 848 330 887 388; x_wconf 82' lang='lat' dir='ltr'><strong>ts,</strong></span> <span class='ocrx_word' id='word_1_10' title='bbox 905 342 932 380; x_wconf 85' lang='lat' dir='ltr'><strong>v.</strong></span> <span class='ocrx_word' id='word_1_11' title='bbox 949 330 973 382; x_wconf 87' lang='grc'><strong>3.</strong></span> <span class='ocrx_word' id='word_1_12' title='bbox 1003 325 1032 378; x_wconf 83' lang='grc'><strong>81</strong></span> <span class='ocrx_word' id='word_1_13' title='bbox 1059 333 1118 378; x_wconf 86' lang='lat' dir='ltr'><strong>tum</strong></span> <span class='ocrx_word' id='word_1_14' title='bbox 1146 328 1268 380; x_wconf 70' lang='lat' dir='ltr'><strong>artemis</strong></span> <span class='ocrx_word' id='word_1_15' title='bbox 1294 327 1398 394; x_wconf 75' lang='lat' dir='ltr'><strong>subjici</strong></span> <span class='ocrx_word' id='word_1_16' title='bbox 1423 326 1593 379; x_wconf 76' lang='lat' dir='ltr'><strong>ammiatibus</strong></span> <span class='ocrx_word' id='word_1_17' title='bbox 1618 329 1713 397; x_wconf 82' lang='lat' dir='ltr'><strong>(quem</strong></span> <span class='ocrx_word' id='word_1_18' title='bbox 1734 326 1894 397; x_wconf 77' lang='lat' dir='ltr'><strong>opinionem</strong></span> 
     </span>
     <span class='ocr_line' id='line_1_3' title="bbox 200 409 1894 482; baseline 0.001 -19"><span class='ocrx_word' id='word_1_19' title='bbox 200 409 242 463; x_wconf 82' lang='lat' dir='ltr'><strong>vis</strong></span> <span class='ocrx_word' id='word_1_20' title='bbox 269 410 356 465; x_wconf 88' lang='lat' dir='ltr'><strong>morbi</strong></span> <span class='ocrx_word' id='word_1_21' title='bbox 383 427 416 464; x_wconf 88' lang='lat' dir='ltr'><strong>ac</strong></span> <span class='ocrx_word' id='word_1_22' title='bbox 440 410 563 465; x_wconf 90' lang='lat' dir='ltr'><strong>dolorum</strong></span> <span class='ocrx_word' id='word_1_23' title='bbox 585 409 693 466; x_wconf 82' lang='lat' dir='ltr'><strong>inducit</strong></span> <span class='ocrx_word' id='word_1_24' title='bbox 717 410 1034 466; x_wconf 78' lang='grc'><strong>111111111111111111111</strong></span> <span class='ocrx_word' id='word_1_25' title='bbox 1061 410 1255 466; x_wconf 84' lang='lat' dir='ltr'><strong>Bousventura</strong></span> <span class='ocrx_word' id='word_1_26' title='bbox 1273 413 1302 465; x_wconf 90' lang='lat' dir='ltr'><strong>in</strong></span> <span class='ocrx_word' id='word_1_27' title='bbox 1318 428 1416 466; x_wconf 90' lang='lat' dir='ltr'><strong>comm.</strong></span> <span class='ocrx_word' id='word_1_28' title='bbox 1434 411 1517 479; x_wconf 69' lang='lat' dir='ltr'><strong>hrrjus</strong></span> <span class='ocrx_word' id='word_1_29' title='bbox 1537 412 1589 466; x_wconf 91' lang='lat' dir='ltr'><strong>loci</strong></span> <span class='ocrx_word' id='word_1_30' title='bbox 1600 412 1712 481; x_wconf 89' lang='lat' dir='ltr'><strong>judicat</strong></span> <span class='ocrx_word' id='word_1_31' title='bbox 1724 411 1894 482; x_wconf 85' lang='lat' dir='ltr'><strong>probabilia·</strong></span> 
     </span>
     <span class='ocr_line' id='line_1_4' title="bbox 200 495 1895 568; baseline 0 -19"><span class='ocrx_word' id='word_1_32' title='bbox 200 495 339 550; x_wconf 87' lang='lat' dir='ltr'><strong>humanus</strong></span> <span class='ocrx_word' id='word_1_33' title='bbox 356 495 385 549; x_wconf 90' lang='lat' dir='ltr'><strong>in</strong></span> <span class='ocrx_word' id='word_1_34' title='bbox 404 495 456 550; x_wconf 87' lang='lat' dir='ltr'><strong>hac</strong></span> <span class='ocrx_word' id='word_1_35' title='bbox 473 496 538 564; x_wconf 81' lang='lat' dir='ltr'><strong>nita,</strong></span> <span class='ocrx_word' id='word_1_36' title='bbox 566 503 670 566; x_wconf 89' lang='lat' dir='ltr'><strong>quanto</strong></span> <span class='ocrx_word' id='word_1_37' title='bbox 687 497 775 568; x_wconf 80' lang='lat' dir='ltr'><strong>magis</strong></span> <span class='ocrx_word' id='word_1_38' title='bbox 794 497 933 552; x_wconf 91' lang='lat' dir='ltr'><strong>cruciatus</strong></span> <span class='ocrx_word' id='word_1_39' title='bbox 951 496 1033 552; x_wconf 82' lang='lat' dir='ltr'><strong>infer·</strong></span> <span class='ocrx_word' id='word_1_40' title='bbox 1060 504 1137 559; x_wconf 77' lang='lat' dir='ltr'><strong>rem).</strong></span> <span class='ocrx_word' id='word_1_41' title='bbox 1182 499 1346 550; x_wconf 83' lang='lat' dir='ltr'><strong>Praemisso</strong></span> <span class='ocrx_word' id='word_1_42' title='bbox 1374 507 1466 551; x_wconf 90' lang='lat' dir='ltr'><strong>tomen</strong></span> <span class='ocrx_word' id='word_1_43' title='bbox 1495 498 1649 551; x_wconf 84' lang='lat' dir='ltr'><strong>auctoritas</strong></span> <span class='ocrx_word' id='word_1_44' title='bbox 1675 517 1732 550; x_wconf 86' lang='lat' dir='ltr'><strong>non</strong></span> <span class='ocrx_word' id='word_1_45' title='bbox 1760 498 1793 550; x_wconf 88' lang='lat' dir='ltr'><strong>id</strong></span> <span class='ocrx_word' id='word_1_46' title='bbox 1818 499 1895 566; x_wconf 84' lang='lat' dir='ltr'><strong>coqit</strong></span> 
     </span>
     <span class='ocr_line' id='line_1_5' title="bbox 200 580 1897 652; baseline 0.001 -18"><span class='ocrx_word' id='word_1_47' title='bbox 200 580 276 635; x_wconf 83' lang='lat' dir='ltr'><strong>nales</strong></span> <span class='ocrx_word' id='word_1_48' title='bbox 288 582 421 637; x_wconf 76' lang='lat' dir='ltr'><strong>scientiae</strong></span> <span class='ocrx_word' id='word_1_49' title='bbox 439 582 557 636; x_wconf 87' lang='lat' dir='ltr'><strong>divinae.</strong></span> <span class='ocrx_word' id='word_1_50' title='bbox 593 586 621 646; x_wconf 81' lang='grc'><strong>3)</strong></span> <span class='ocrx_word' id='word_1_51' title='bbox 639 582 777 636; x_wconf 73' lang='lat' dir='ltr'><strong>Ascensus</strong></span> <span class='ocrx_word' id='word_1_52' title='bbox 794 582 868 637; x_wconf 89' lang='lat' dir='ltr'><strong>circa</strong></span> <span class='ocrx_word' id='word_1_53' title='bbox 879 581 956 636; x_wconf 90' lang='lat' dir='ltr'><strong>illum</strong></span> <span class='ocrx_word' id='word_1_54' title='bbox 970 581 1034 637; x_wconf 89' lang='lat' dir='ltr'><strong>fidei</strong></span> <span class='ocrx_word' id='word_1_55' title='bbox 1060 584 1177 650; x_wconf 87' lang='lat' dir='ltr'><strong>sentire,</strong></span> <span class='ocrx_word' id='word_1_56' title='bbox 1198 600 1269 652; x_wconf 87' lang='lat' dir='ltr'><strong>quae</strong></span> <span class='ocrx_word' id='word_1_57' title='bbox 1285 585 1337 636; x_wconf 90' lang='lat' dir='ltr'><strong>etsi</strong></span> <span class='ocrx_word' id='word_1_58' title='bbox 1354 593 1477 651; x_wconf 82' lang='grc'><strong>1111111,</strong></span> <span class='ocrx_word' id='word_1_59' title='bbox 1502 592 1567 637; x_wconf 89' lang='lat' dir='ltr'><strong>tunc</strong></span> <span class='ocrx_word' id='word_1_60' title='bbox 1593 601 1642 636; x_wconf 90' lang='lat' dir='ltr'><strong>nec</strong></span> <span class='ocrx_word' id='word_1_61' title='bbox 1660 587 1809 638; x_wconf 84' lang='lat' dir='ltr'><strong>daemones</strong></span> <span class='ocrx_word' id='word_1_62' title='bbox 1827 586 1897 636; x_wconf 86' lang='lat' dir='ltr'><strong>dae·</strong></span> 
     </span>
     <span class='ocr_line' id='line_1_6' title="bbox 201 667 1898 740; baseline 0 -18"><span class='ocrx_word' id='word_1_63' title='bbox 201 667 356 737; x_wconf 81' lang='lat' dir='ltr'><strong>articulum,</strong></span> <span class='ocrx_word' id='word_1_64' title='bbox 368 670 445 738; x_wconf 83' lang='lat' dir='ltr'><strong>quod</strong></span> <span class='ocrx_word' id='word_1_65' title='bbox 456 671 493 722; x_wconf 88' lang='lat' dir='ltr'><strong>sit</strong></span> <span class='ocrx_word' id='word_1_66' title='bbox 509 670 589 722; x_wconf 84' lang='lat' dir='ltr'><strong>Deus</strong></span> <span class='ocrx_word' id='word_1_67' title='bbox 603 678 628 724; x_wconf 87' lang='grc'><strong>11</strong></span> <span class='ocrx_word' id='word_1_68' title='bbox 643 672 718 737; x_wconf 86' lang='lat' dir='ltr'><strong>quod</strong></span> <span class='ocrx_word' id='word_1_69' title='bbox 731 671 768 722; x_wconf 89' lang='lat' dir='ltr'><strong>sit</strong></span> <span class='ocrx_word' id='word_1_70' title='bbox 778 671 880 723; x_wconf 77' lang='lat' dir='ltr'><strong>sinder</strong></span> <span class='ocrx_word' id='word_1_71' title='bbox 891 671 1034 733; x_wconf 78' lang='lat' dir='ltr'><strong>scelerum,</strong></span> <span class='ocrx_word' id='word_1_72' title='bbox 1061 671 1195 735; x_wconf 80' lang='lat' dir='ltr'><strong>monibres,</strong></span> <span class='ocrx_word' id='word_1_73' title='bbox 1207 686 1257 722; x_wconf 90' lang='lat' dir='ltr'><strong>nec</strong></span> <span class='ocrx_word' id='word_1_74' title='bbox 1270 670 1393 724; x_wconf 80' lang='lat' dir='ltr'><strong>bominac</strong></span> <span class='ocrx_word' id='word_1_75' title='bbox 1403 671 1559 724; x_wconf 81' lang='lat' dir='ltr'><strong>bominibus</strong></span> <span class='ocrx_word' id='word_1_76' title='bbox 1571 687 1711 739; x_wconf 88' lang='lat' dir='ltr'><strong>praeesse,</strong></span> <span class='ocrx_word' id='word_1_77' title='bbox 1724 688 1781 723; x_wconf 90' lang='lat' dir='ltr'><strong>non</strong></span> <span class='ocrx_word' id='word_1_78' title='bbox 1796 670 1898 740; x_wconf 82' lang='lat' dir='ltr'><strong>definit</strong></span> 
     </span>
     <span class='ocr_line' id='line_1_7' title="bbox 201 754 1898 826; baseline 0.001 -17"><span class='ocrx_word' id='word_1_79' title='bbox 201 754 254 809; x_wconf 92' lang='lat' dir='ltr'><strong>erit</strong></span> <span class='ocrx_word' id='word_1_80' title='bbox 265 755 293 807; x_wconf 91' lang='lat' dir='ltr'><strong>in</strong></span> <span class='ocrx_word' id='word_1_81' title='bbox 305 754 442 810; x_wconf 90' lang='lat' dir='ltr'><strong>damnatis</strong></span> <span class='ocrx_word' id='word_1_82' title='bbox 453 755 569 826; x_wconf 84' lang='lat' dir='ltr'><strong>perinde</strong></span> <span class='ocrx_word' id='word_1_83' title='bbox 580 756 649 810; x_wconf 90' lang='lat' dir='ltr'><strong>utin</strong></span> <span class='ocrx_word' id='word_1_84' title='bbox 662 755 851 822; x_wconf 86' lang='lat' dir='ltr'><strong>daemonibus,</strong></span> <span class='ocrx_word' id='word_1_85' title='bbox 864 756 913 809; x_wconf 89' lang='lat' dir='ltr'><strong>sed</strong></span> <span class='ocrx_word' id='word_1_86' title='bbox 923 764 1035 810; x_wconf 83' lang='lat' dir='ltr'><strong>coactus</strong></span> <span class='ocrx_word' id='word_1_87' title='bbox 1062 764 1159 822; x_wconf 86' lang='lat' dir='ltr'><strong>tomen,</strong></span> <span class='ocrx_word' id='word_1_88' title='bbox 1180 775 1218 810; x_wconf 91' lang='lat' dir='ltr'><strong>an</strong></span> <span class='ocrx_word' id='word_1_89' title='bbox 1234 757 1364 826; x_wconf 79' lang='lat' dir='ltr'><strong>praesint</strong></span> <span class='ocrx_word' id='word_1_90' title='bbox 1384 757 1538 811; x_wconf 85' lang='lat' dir='ltr'><strong>bominibus</strong></span> <span class='ocrx_word' id='word_1_91' title='bbox 1557 758 1598 809; x_wconf 89' lang='lat' dir='ltr'><strong>ad</strong></span> <span class='ocrx_word' id='word_1_92' title='bbox 1608 759 1802 825; x_wconf 88' lang='lat' dir='ltr'><strong>torquendum,</strong></span> <span class='ocrx_word' id='word_1_93' title='bbox 1820 757 1898 810; x_wconf 87' lang='lat' dir='ltr'><strong>unde</strong></span> 
     </span>
     <span class='ocr_line' id='line_1_8' title="bbox 201 842 1897 912; baseline -0.002 -16"><span class='ocrx_word' id='word_1_94' title='bbox 201 846 387 911; x_wconf 85' lang='lat' dir='ltr'><strong>etexpressus</strong></span> <span class='ocrx_word' id='word_1_95' title='bbox 399 858 571 912; x_wconf 83' lang='lat' dir='ltr'><strong>percensum</strong></span> <span class='ocrx_word' id='word_1_96' title='bbox 586 842 1034 898; x_wconf 89' lang='lat' dir='ltr'><strong>tormentorumsibiinflictorum.</strong></span> <span class='ocrx_word' id='word_1_97' title='bbox 1062 844 1226 911; x_wconf 85' lang='lat' dir='ltr'><strong>quibusdam</strong></span> <span class='ocrx_word' id='word_1_98' title='bbox 1245 843 1369 906; x_wconf 82' lang='lat' dir='ltr'><strong>ridetur,</strong></span> <span class='ocrx_word' id='word_1_99' title='bbox 1394 859 1442 896; x_wconf 89' lang='lat' dir='ltr'><strong>eos</strong></span> <span class='ocrx_word' id='word_1_100' title='bbox 1462 843 1503 895; x_wconf 89' lang='lat' dir='ltr'><strong>sic</strong></span> <span class='ocrx_word' id='word_1_101' title='bbox 1522 852 1630 896; x_wconf 81' lang='lat' dir='ltr'><strong>asstare</strong></span> <span class='ocrx_word' id='word_1_102' title='bbox 1658 843 1815 896; x_wconf 82' lang='lat' dir='ltr'><strong>bominibus</strong></span> <span class='ocrx_word' id='word_1_103' title='bbox 1839 851 1897 894; x_wconf 84' lang='lat' dir='ltr'><strong>tor·</strong></span> 
     </span>
     <span class='ocr_line' id='line_1_9' title="bbox 201 927 1897 1000; baseline 0.001 -19"><span class='ocrx_word' id='word_1_104' title='bbox 201 927 376 1000; x_wconf 77' lang='lat' dir='ltr'><strong>Augustinus</strong></span> <span class='ocrx_word' id='word_1_105' title='bbox 400 927 447 984; x_wconf 80' lang='lat' dir='ltr'><strong>lib‚</strong></span> <span class='ocrx_word' id='word_1_106' title='bbox 466 929 500 983; x_wconf 90' lang='lat' dir='ltr'><strong>de</strong></span> <span class='ocrx_word' id='word_1_107' title='bbox 523 927 578 983; x_wconf 83' lang='lat' dir='ltr'><strong>fide</strong></span> <span class='ocrx_word' id='word_1_108' title='bbox 601 936 629 983; x_wconf 88' lang='lat' dir='ltr'><strong>et</strong></span> <span class='ocrx_word' id='word_1_109' title='bbox 645 928 775 998; x_wconf 84' lang='lat' dir='ltr'><strong>operibus</strong></span> <span class='ocrx_word' id='word_1_110' title='bbox 793 945 854 998; x_wconf 89' lang='lat' dir='ltr'><strong>cap.</strong></span> <span class='ocrx_word' id='word_1_111' title='bbox 876 934 921 985; x_wconf 82' lang='lat'><strong>16:</strong></span> <span class='ocrx_word' id='word_1_112' title='bbox 948 930 1035 982; x_wconf 85' lang='lat' dir='ltr'><strong>Fides</strong></span> <span class='ocrx_word' id='word_1_113' title='bbox 1061 939 1136 983; x_wconf 88' lang='lat' dir='ltr'><strong>tores</strong></span> <span class='ocrx_word' id='word_1_114' title='bbox 1155 929 1295 996; x_wconf 86' lang='lat' dir='ltr'><strong>inpoena,</strong></span> <span class='ocrx_word' id='word_1_115' title='bbox 1315 929 1386 981; x_wconf 73' lang='lat' dir='ltr'><strong>aaa</strong></span> <span class='ocrx_word' id='word_1_116' title='bbox 1401 930 1565 982; x_wconf 76' lang='lat' dir='ltr'><strong>sustiterunt</strong></span> <span class='ocrx_word' id='word_1_117' title='bbox 1578 928 1734 982; x_wconf 76' lang='lat' dir='ltr'><strong>incentores</strong></span> <span class='ocrx_word' id='word_1_118' title='bbox 1751 931 1782 982; x_wconf 89' lang='lat' dir='ltr'><strong>in</strong></span> <span class='ocrx_word' id='word_1_119' title='bbox 1800 929 1897 996; x_wconf 84' lang='lat' dir='ltr'><strong>culpa.</strong></span> 
     </span>
     <span class='ocr_line' id='line_1_10' title="bbox 83 1012 1898 1084; baseline -0.003 -11"><span class='ocrx_word' id='word_1_120' title='bbox 83 1030 127 1073; x_wconf 82' lang='lat' dir='ltr'><strong>xx.</strong></span> <span class='ocrx_word' id='word_1_121' title='bbox 142 1029 180 1072; x_wconf 78' lang='grc'><strong>111</strong></span> <span class='ocrx_word' id='word_1_122' title='bbox 202 1017 368 1069; x_wconf 62' lang='lat' dir='ltr'><strong>weronam</strong></span> <span class='ocrx_word' id='word_1_123' title='bbox 386 1015 552 1084; x_wconf 72' lang='lat' dir='ltr'><strong>exprimitur</strong></span> <span class='ocrx_word' id='word_1_124' title='bbox 564 1033 617 1084; x_wconf 90' lang='lat' dir='ltr'><strong>per</strong></span> <span class='ocrx_word' id='word_1_125' title='bbox 630 1017 763 1069; x_wconf 83' lang='lat' dir='ltr'><strong>timorem.</strong></span> <span class='ocrx_word' id='word_1_126' title='bbox 796 1018 827 1082; x_wconf 83' lang='grc'><strong>1)</strong></span> <span class='ocrx_word' id='word_1_127' title='bbox 843 1015 941 1069; x_wconf 91' lang='lat' dir='ltr'><strong>Posset</strong></span> <span class='ocrx_word' id='word_1_128' title='bbox 952 1015 1034 1069; x_wconf 90' lang='lat' dir='ltr'><strong>ctiam</strong></span> <span class='ocrx_word' id='word_1_129' title='bbox 1062 1013 1116 1069; x_wconf 89' lang='lat' dir='ltr'><strong>Sed</strong></span> <span class='ocrx_word' id='word_1_130' title='bbox 1137 1031 1188 1068; x_wconf 89' lang='lat' dir='ltr'><strong>nec</strong></span> <span class='ocrx_word' id='word_1_131' title='bbox 1208 1013 1278 1067; x_wconf 87' lang='lat' dir='ltr'><strong>haec</strong></span> <span class='ocrx_word' id='word_1_132' title='bbox 1297 1013 1368 1067; x_wconf 82' lang='lat' dir='ltr'><strong>ratio</strong></span> <span class='ocrx_word' id='word_1_133' title='bbox 1386 1012 1536 1067; x_wconf 82' lang='lat' dir='ltr'><strong>Lombardi</strong></span> <span class='ocrx_word' id='word_1_134' title='bbox 1556 1020 1599 1067; x_wconf 89' lang='lat' dir='ltr'><strong>est</strong></span> <span class='ocrx_word' id='word_1_135' title='bbox 1617 1013 1684 1067; x_wconf 87' lang='lat' dir='ltr'><strong>satis</strong></span> <span class='ocrx_word' id='word_1_136' title='bbox 1703 1012 1811 1080; x_wconf 83' lang='lat' dir='ltr'><strong>efficax,</strong></span> <span class='ocrx_word' id='word_1_137' title='bbox 1830 1030 1898 1068; x_wconf 91' lang='lat' dir='ltr'><strong>uam</strong></span> 
     </span>
     <span class='ocr_line' id='line_1_11' title="bbox 201 1098 1900 1171; baseline -0.002 -16"><span class='ocrx_word' id='word_1_138' title='bbox 201 1101 276 1156; x_wconf 90' lang='lat' dir='ltr'><strong>baud</strong></span> <span class='ocrx_word' id='word_1_139' title='bbox 311 1101 484 1156; x_wconf 85' lang='lat' dir='ltr'><strong>incommode</strong></span> <span class='ocrx_word' id='word_1_140' title='bbox 513 1101 597 1168; x_wconf 89' lang='lat' dir='ltr'><strong>illud,</strong></span> <span class='ocrx_word' id='word_1_141' title='bbox 626 1101 701 1171; x_wconf 90' lang='lat' dir='ltr'><strong>quod</strong></span> <span class='ocrx_word' id='word_1_142' title='bbox 728 1101 762 1155; x_wconf 91' lang='lat' dir='ltr'><strong>de</strong></span> <span class='ocrx_word' id='word_1_143' title='bbox 790 1100 846 1154; x_wconf 91' lang='lat' dir='ltr'><strong>fide</strong></span> <span class='ocrx_word' id='word_1_144' title='bbox 872 1101 1035 1155; x_wconf 83' lang='lat' dir='ltr'><strong>daemonum</strong></span> <span class='ocrx_word' id='word_1_145' title='bbox 1062 1100 1186 1153; x_wconf 90' lang='lat' dir='ltr'><strong>homines</strong></span> <span class='ocrx_word' id='word_1_146' title='bbox 1211 1098 1367 1154; x_wconf 90' lang='lat' dir='ltr'><strong>hominibus</strong></span> <span class='ocrx_word' id='word_1_147' title='bbox 1391 1115 1473 1169; x_wconf 81' lang='lat' dir='ltr'><strong>saepe</strong></span> <span class='ocrx_word' id='word_1_148' title='bbox 1497 1107 1562 1154; x_wconf 91' lang='lat' dir='ltr'><strong>sunt</strong></span> <span class='ocrx_word' id='word_1_149' title='bbox 1586 1101 1739 1154; x_wconf 85' lang='lat' dir='ltr'><strong>incentores</strong></span> <span class='ocrx_word' id='word_1_150' title='bbox 1758 1098 1788 1153; x_wconf 90' lang='lat' dir='ltr'><strong>in</strong></span> <span class='ocrx_word' id='word_1_151' title='bbox 1805 1099 1900 1169; x_wconf 81' lang='lat' dir='ltr'><strong>culpa,</strong></span> 
     </span>
     <span class='ocr_line' id='line_1_12' title="bbox 201 1184 1899 1258; baseline -0.002 -14"><span class='ocrx_word' id='word_1_152' title='bbox 201 1187 324 1244; x_wconf 81' lang='lat' dir='ltr'><strong>lacobus</strong></span> <span class='ocrx_word' id='word_1_153' title='bbox 345 1188 453 1254; x_wconf 88' lang='lat' dir='ltr'><strong>asserit,</strong></span> <span class='ocrx_word' id='word_1_154' title='bbox 478 1187 514 1241; x_wconf 89' lang='lat' dir='ltr'><strong>ad</strong></span> <span class='ocrx_word' id='word_1_155' title='bbox 537 1186 620 1258; x_wconf 79' lang='lat' dir='ltr'><strong>huJus</strong></span> <span class='ocrx_word' id='word_1_156' title='bbox 643 1187 719 1241; x_wconf 84' lang='lat' dir='ltr'><strong>vitae</strong></span> <span class='ocrx_word' id='word_1_157' title='bbox 744 1186 910 1241; x_wconf 86' lang='lat' dir='ltr'><strong>curriculum</strong></span> <span class='ocrx_word' id='word_1_158' title='bbox 932 1187 1036 1252; x_wconf 83' lang='lat' dir='ltr'><strong>referri,</strong></span> <span class='ocrx_word' id='word_1_159' title='bbox 1063 1202 1131 1256; x_wconf 93' lang='lat' dir='ltr'><strong>quos</strong></span> <span class='ocrx_word' id='word_1_160' title='bbox 1157 1191 1249 1240; x_wconf 71' lang='lat' dir='ltr'><strong>mmen</strong></span> <span class='ocrx_word' id='word_1_161' title='bbox 1274 1202 1368 1239; x_wconf 87' lang='lat' dir='ltr'><strong>eorum</strong></span> <span class='ocrx_word' id='word_1_162' title='bbox 1392 1185 1421 1238; x_wconf 90' lang='lat' dir='ltr'><strong>iu</strong></span> <span class='ocrx_word' id='word_1_163' title='bbox 1451 1184 1560 1239; x_wconf 81' lang='lat' dir='ltr'><strong>inferno</strong></span> <span class='ocrx_word' id='word_1_164' title='bbox 1587 1192 1703 1240; x_wconf 88' lang='lat' dir='ltr'><strong>tortores</strong></span> <span class='ocrx_word' id='word_1_165' title='bbox 1729 1185 1789 1240; x_wconf 83' lang='lat' dir='ltr'><strong>iore</strong></span> <span class='ocrx_word' id='word_1_166' title='bbox 1815 1201 1899 1241; x_wconf 88' lang='lat' dir='ltr'><strong>nemo</strong></span> 
     </span>
     <span class='ocr_line' id='line_1_13' title="bbox 203 1270 1901 1345; baseline -0.001 -18"><span class='ocrx_word' id='word_1_167' title='bbox 203 1273 277 1345; x_wconf 92' lang='lat' dir='ltr'><strong>quod</strong></span> <span class='ocrx_word' id='word_1_168' title='bbox 305 1289 338 1328; x_wconf 92' lang='lat' dir='ltr'><strong>eo</strong></span> <span class='ocrx_word' id='word_1_169' title='bbox 364 1273 456 1327; x_wconf 91' lang='lat' dir='ltr'><strong>adhuc</strong></span> <span class='ocrx_word' id='word_1_170' title='bbox 473 1273 605 1338; x_wconf 82' lang='lat' dir='ltr'><strong>durante,</strong></span> <span class='ocrx_word' id='word_1_171' title='bbox 623 1279 771 1343; x_wconf 82' lang='lat' dir='ltr'><strong>antequam</strong></span> <span class='ocrx_word' id='word_1_172' title='bbox 784 1272 888 1327; x_wconf 87' lang='lat' dir='ltr'><strong>diaboli</strong></span> <span class='ocrx_word' id='word_1_173' title='bbox 906 1290 969 1327; x_wconf 91' lang='lat' dir='ltr'><strong>cum</strong></span> <span class='ocrx_word' id='word_1_174' title='bbox 988 1273 1035 1327; x_wconf 92' lang='lat' dir='ltr'><strong>ho·</strong></span> <span class='ocrx_word' id='word_1_175' title='bbox 1062 1271 1174 1334; x_wconf 90' lang='lat' dir='ltr'><strong>asserit,</strong></span> <span class='ocrx_word' id='word_1_176' title='bbox 1197 1272 1225 1324; x_wconf 93' lang='lat' dir='ltr'><strong>in</strong></span> <span class='ocrx_word' id='word_1_177' title='bbox 1247 1271 1417 1325; x_wconf 83' lang='lat' dir='ltr'><strong>contrarium</strong></span> <span class='ocrx_word' id='word_1_178' title='bbox 1444 1271 1537 1341; x_wconf 87' lang='lat' dir='ltr'><strong>urgeri</strong></span> <span class='ocrx_word' id='word_1_179' title='bbox 1552 1278 1655 1340; x_wconf 89' lang='lat' dir='ltr'><strong>potest,</strong></span> <span class='ocrx_word' id='word_1_180' title='bbox 1677 1271 1753 1342; x_wconf 92' lang='lat' dir='ltr'><strong>quod</strong></span> <span class='ocrx_word' id='word_1_181' title='bbox 1770 1270 1901 1325; x_wconf 89' lang='lat' dir='ltr'><strong>diabolus</strong></span> 
     </span>
     <span class='ocr_line' id='line_1_14' title="bbox 203 1356 1900 1429; baseline -0.001 -17"><span class='ocrx_word' id='word_1_182' title='bbox 203 1358 324 1413; x_wconf 90' lang='lat' dir='ltr'><strong>minibus</strong></span> <span class='ocrx_word' id='word_1_183' title='bbox 343 1358 482 1413; x_wconf 88' lang='lat' dir='ltr'><strong>damnatis</strong></span> <span class='ocrx_word' id='word_1_184' title='bbox 503 1360 531 1412; x_wconf 90' lang='lat' dir='ltr'><strong>in</strong></span> <span class='ocrx_word' id='word_1_185' title='bbox 552 1357 714 1412; x_wconf 81' lang='lat' dir='ltr'><strong>infernalem</strong></span> <span class='ocrx_word' id='word_1_186' title='bbox 735 1359 827 1428; x_wconf 82' lang='lat' dir='ltr'><strong>ignem</strong></span> <span class='ocrx_word' id='word_1_187' title='bbox 846 1359 1035 1429; x_wconf 86' lang='lat' dir='ltr'><strong>projiciantur,</strong></span> <span class='ocrx_word' id='word_1_188' title='bbox 1063 1364 1091 1412; x_wconf 91' lang='lat' dir='ltr'><strong>et</strong></span> <span class='ocrx_word' id='word_1_189' title='bbox 1108 1358 1213 1427; x_wconf 91' lang='lat' dir='ltr'><strong>primus</strong></span> <span class='ocrx_word' id='word_1_190' title='bbox 1231 1359 1396 1426; x_wconf 87' lang='lat' dir='ltr'><strong>peccaverit,</strong></span> <span class='ocrx_word' id='word_1_191' title='bbox 1424 1363 1452 1410; x_wconf 89' lang='lat' dir='ltr'><strong>et</strong></span> <span class='ocrx_word' id='word_1_192' title='bbox 1478 1356 1636 1411; x_wconf 88' lang='lat' dir='ltr'><strong>bominibus</strong></span> <span class='ocrx_word' id='word_1_193' title='bbox 1662 1364 1807 1426; x_wconf 87' lang='lat' dir='ltr'><strong>peccatum</strong></span> <span class='ocrx_word' id='word_1_194' title='bbox 1836 1374 1900 1428; x_wconf 89' lang='lat' dir='ltr'><strong>per·</strong></span> 
     </span>
     <span class='ocr_line' id='line_1_15' title="bbox 203 1442 2018 1515; baseline 0 -17"><span class='ocrx_word' id='word_1_195' title='bbox 203 1447 330 1512; x_wconf 80' lang='grc'><strong>11111111,</strong></span> <span class='ocrx_word' id='word_1_196' title='bbox 348 1462 408 1500; x_wconf 89' lang='lat' dir='ltr'><strong>esse</strong></span> <span class='ocrx_word' id='word_1_197' title='bbox 425 1448 527 1513; x_wconf 87' lang='lat' dir='ltr'><strong>Deum,</strong></span> <span class='ocrx_word' id='word_1_198' title='bbox 552 1461 643 1515; x_wconf 87' lang='lat' dir='ltr'><strong>aquo</strong></span> <span class='ocrx_word' id='word_1_199' title='bbox 662 1443 813 1512; x_wconf 86' lang='lat' dir='ltr'><strong>aliquando</strong></span> <span class='ocrx_word' id='word_1_200' title='bbox 834 1443 935 1498; x_wconf 89' lang='lat' dir='ltr'><strong>sintin</strong></span> <span class='ocrx_word' id='word_1_201' title='bbox 953 1451 1033 1499; x_wconf 79' lang='lat' dir='ltr'><strong>tarta·</strong></span> <span class='ocrx_word' id='word_1_202' title='bbox 1062 1443 1193 1507; x_wconf 83' lang='lat' dir='ltr'><strong>suaserit,</strong></span> <span class='ocrx_word' id='word_1_203' title='bbox 1217 1442 1334 1512; x_wconf 88' lang='lat' dir='ltr'><strong>proinde</strong></span> <span class='ocrx_word' id='word_1_204' title='bbox 1358 1442 1471 1512; x_wconf 78' lang='lat' dir='ltr'><strong>gravius</strong></span> <span class='ocrx_word' id='word_1_205' title='bbox 1490 1442 1647 1511; x_wconf 86' lang='lat' dir='ltr'><strong>puniendus</strong></span> <span class='ocrx_word' id='word_1_206' title='bbox 1665 1443 1731 1508; x_wconf 90' lang='lat' dir='ltr'><strong>erit,</strong></span> <span class='ocrx_word' id='word_1_207' title='bbox 1760 1442 1900 1513; x_wconf 81' lang='lat' dir='ltr'><strong>quomodo</strong></span> <span class='ocrx_word' id='word_1_208' title='bbox 1913 1467 1961 1511; x_wconf 67' lang='grc' dir='ltr'><strong>η</strong></span> <span class='ocrx_word' id='word_1_209' title='bbox 1974 1469 2018 1511; x_wconf 59' lang='grc' dir='ltr'><strong>η</strong></span> 
     </span>
     <span class='ocr_line' id='line_1_16' title="bbox 165 1528 1626 1603; baseline -0.003 -18"><span class='ocrx_word' id='word_1_210' title='bbox 165 1528 169 1534; x_wconf 79' lang='grc'><strong>’</strong></span> <span class='ocrx_word' id='word_1_211' title='bbox 203 1549 265 1585; x_wconf 91' lang='lat' dir='ltr'><strong>rum</strong></span> <span class='ocrx_word' id='word_1_212' title='bbox 282 1530 461 1599; x_wconf 88' lang='lat' dir='ltr'><strong>detrudendi,</strong></span> <span class='ocrx_word' id='word_1_213' title='bbox 485 1532 533 1586; x_wconf 90' lang='lat' dir='ltr'><strong>sed</strong></span> <span class='ocrx_word' id='word_1_214' title='bbox 555 1531 667 1603; x_wconf 88' lang='lat' dir='ltr'><strong>quando</strong></span> <span class='ocrx_word' id='word_1_215' title='bbox 692 1547 723 1584; x_wconf 89' lang='lat' dir='ltr'><strong>re</strong></span> <span class='ocrx_word' id='word_1_216' title='bbox 740 1531 801 1600; x_wconf 91' lang='lat' dir='ltr'><strong>ipsa</strong></span> <span class='ocrx_word' id='word_1_217' title='bbox 817 1530 879 1584; x_wconf 93' lang='lat' dir='ltr'><strong>illos</strong></span> <span class='ocrx_word' id='word_1_218' title='bbox 899 1532 1036 1586; x_wconf 85' lang='lat' dir='ltr'><strong>cruciatus</strong></span> <span class='ocrx_word' id='word_1_219' title='bbox 1062 1528 1147 1599; x_wconf 80' lang='lat' dir='ltr'><strong>igitur</strong></span> <span class='ocrx_word' id='word_1_220' title='bbox 1164 1529 1304 1583; x_wconf 88' lang='lat' dir='ltr'><strong>homiuum</strong></span> <span class='ocrx_word' id='word_1_221' title='bbox 1321 1535 1408 1582; x_wconf 90' lang='lat' dir='ltr'><strong>tortor</strong></span> <span class='ocrx_word' id='word_1_222' title='bbox 1426 1545 1487 1583; x_wconf 87' lang='lat' dir='ltr'><strong>esse</strong></span> <span class='ocrx_word' id='word_1_223' title='bbox 1506 1528 1626 1599; x_wconf 78' lang='lat' dir='ltr'><strong>poterit?</strong></span> 
     </span>
     <span class='ocr_line' id='line_1_17' title="bbox 203 1614 2022 1688; baseline -0.005 -17"><span class='ocrx_word' id='word_1_224' title='bbox 203 1617 389 1688; x_wconf 80' lang='lat' dir='ltr'><strong>experiuntur,</strong></span> <span class='ocrx_word' id='word_1_225' title='bbox 408 1635 462 1672; x_wconf 88' lang='lat' dir='ltr'><strong>non</strong></span> <span class='ocrx_word' id='word_1_226' title='bbox 481 1618 598 1688; x_wconf 89' lang='lat' dir='ltr'><strong>amplius</strong></span> <span class='ocrx_word' id='word_1_227' title='bbox 612 1616 737 1682; x_wconf 86' lang='lat' dir='ltr'><strong>credunt,</strong></span> <span class='ocrx_word' id='word_1_228' title='bbox 753 1616 802 1670; x_wconf 87' lang='lat' dir='ltr'><strong>sed</strong></span> <span class='ocrx_word' id='word_1_229' title='bbox 821 1616 912 1670; x_wconf 89' lang='lat' dir='ltr'><strong>sciunt</strong></span> <span class='ocrx_word' id='word_1_230' title='bbox 930 1626 958 1672; x_wconf 91' lang='lat' dir='ltr'><strong>et</strong></span> <span class='ocrx_word' id='word_1_231' title='bbox 975 1634 1036 1672; x_wconf 88' lang='lat' dir='ltr'><strong>seu·</strong></span> <span class='ocrx_word' id='word_1_232' title='bbox 1132 1621 1173 1671; x_wconf 79' lang='grc'><strong>14.</strong></span> <span class='ocrx_word' id='word_1_233' title='bbox 1205 1615 1352 1679; x_wconf 82' lang='lat' dir='ltr'><strong>Quaeritur</strong></span> <span class='ocrx_word' id='word_1_234' title='bbox 1371 1619 1394 1671; x_wconf 82' lang='lat'><strong>6.</strong></span> <span class='ocrx_word' id='word_1_235' title='bbox 1424 1614 1472 1667; x_wconf 81' lang='lat' dir='ltr'><strong>An</strong></span> <span class='ocrx_word' id='word_1_236' title='bbox 1491 1616 1520 1667; x_wconf 89' lang='lat' dir='ltr'><strong>iu</strong></span> <span class='ocrx_word' id='word_1_237' title='bbox 1541 1615 1690 1684; x_wconf 74' lang='lat' dir='ltr'><strong>suppliciis</strong></span> <span class='ocrx_word' id='word_1_238' title='bbox 1709 1616 1899 1677; x_wconf 69' lang='lat' dir='ltr'><strong>infernalibus</strong></span> <span class='ocrx_word' id='word_1_239' title='bbox 1912 1621 2022 1674; x_wconf 68' lang='lat' dir='ltr'><strong>Qum·</strong></span> 
     </span>
     <span class='ocr_line' id='line_1_18' title="bbox 202 1675 2023 1775; baseline -0.001 -17"><span class='ocrx_word' id='word_1_240' title='bbox 202 1704 283 1759; x_wconf 83' lang='lat' dir='ltr'><strong>tiuut.</strong></span> <span class='ocrx_word' id='word_1_241' title='bbox 319 1708 344 1771; x_wconf 85' lang='lat'><strong>5)</strong></span> <span class='ocrx_word' id='word_1_242' title='bbox 357 1704 489 1759; x_wconf 87' lang='lat' dir='ltr'><strong>Damnati</strong></span> <span class='ocrx_word' id='word_1_243' title='bbox 503 1705 603 1773; x_wconf 87' lang='lat' dir='ltr'><strong>sciunt,</strong></span> <span class='ocrx_word' id='word_1_244' title='bbox 622 1721 651 1760; x_wconf 91' lang='lat' dir='ltr'><strong>se</strong></span> <span class='ocrx_word' id='word_1_245' title='bbox 664 1704 693 1758; x_wconf 91' lang='lat' dir='ltr'><strong>in</strong></span> <span class='ocrx_word' id='word_1_246' title='bbox 707 1710 848 1758; x_wconf 86' lang='lat' dir='ltr'><strong>aeternum</strong></span> <span class='ocrx_word' id='word_1_247' title='bbox 863 1703 1035 1768; x_wconf 88' lang='lat' dir='ltr'><strong>cruciandos,</strong></span> <span class='ocrx_word' id='word_1_248' title='bbox 1056 1703 1177 1767; x_wconf 84' lang='lat' dir='ltr'><strong>futurus</strong></span> <span class='ocrx_word' id='word_1_249' title='bbox 1195 1703 1233 1755; x_wconf 87' lang='lat' dir='ltr'><strong>sit</strong></span> <span class='ocrx_word' id='word_1_250' title='bbox 1250 1702 1356 1771; x_wconf 88' lang='lat' dir='ltr'><strong>aliquis</strong></span> <span class='ocrx_word' id='word_1_251' title='bbox 1373 1703 1466 1756; x_wconf 74' lang='lat' dir='ltr'><strong>ordo!</strong></span> <span class='ocrx_word' id='word_1_252' title='bbox 1506 1701 1601 1757; x_wconf 88' lang='lat' dir='ltr'><strong>Movet</strong></span> <span class='ocrx_word' id='word_1_253' title='bbox 1617 1700 1688 1756; x_wconf 89' lang='lat' dir='ltr'><strong>hanc</strong></span> <span class='ocrx_word' id='word_1_254' title='bbox 1708 1702 1899 1772; x_wconf 81' lang='lat' dir='ltr'><strong>quaestionem</strong></span> <span class='ocrx_word' id='word_1_255' title='bbox 1912 1675 2023 1775; x_wconf 55' lang='lat' dir='ltr'><strong>milli</strong></span> 
     </span>
     <span class='ocr_line' id='line_1_19' title="bbox 202 1776 2023 1879; baseline -0.002 -35"><span class='ocrx_word' id='word_1_256' title='bbox 202 1807 258 1845; x_wconf 91' lang='lat' dir='ltr'><strong>nou</strong></span> <span class='ocrx_word' id='word_1_257' title='bbox 284 1807 334 1860; x_wconf 90' lang='lat' dir='ltr'><strong>per</strong></span> <span class='ocrx_word' id='word_1_258' title='bbox 359 1796 451 1845; x_wconf 88' lang='lat' dir='ltr'><strong>actum</strong></span> <span class='ocrx_word' id='word_1_259' title='bbox 477 1789 597 1861; x_wconf 89' lang='lat' dir='ltr'><strong>aliquem</strong></span> <span class='ocrx_word' id='word_1_260' title='bbox 620 1789 685 1844; x_wconf 88' lang='lat' dir='ltr'><strong>fidei</strong></span> <span class='ocrx_word' id='word_1_261' title='bbox 704 1788 955 1859; x_wconf 80' lang='lat' dir='ltr'><strong>supernaturalem,</strong></span> <span class='ocrx_word' id='word_1_262' title='bbox 987 1790 1034 1844; x_wconf 90' lang='lat' dir='ltr'><strong>sed</strong></span> <span class='ocrx_word' id='word_1_263' title='bbox 1063 1787 1213 1859; x_wconf 81' lang='lat' dir='ltr'><strong>Gregorius</strong></span> <span class='ocrx_word' id='word_1_264' title='bbox 1231 1788 1277 1844; x_wconf 88' lang='lat' dir='ltr'><strong>lib.</strong></span> <span class='ocrx_word' id='word_1_265' title='bbox 1296 1794 1320 1844; x_wconf 98' lang='grc'><strong>9.</strong></span> <span class='ocrx_word' id='word_1_266' title='bbox 1337 1789 1481 1845; x_wconf 88' lang='lat' dir='ltr'><strong>moralium</strong></span> <span class='ocrx_word' id='word_1_267' title='bbox 1499 1776 2023 1879; x_wconf 51' lang='grc' dir='ltr'><strong>111.3911111111111111ζῗξᾚ</strong></span> 
     </span>
     <span class='ocr_line' id='line_1_20' title="bbox 204 1874 2023 1950; baseline -0.005 -20"><span class='ocrx_word' id='word_1_268' title='bbox 204 1891 254 1944; x_wconf 87' lang='lat' dir='ltr'><strong>per</strong></span> <span class='ocrx_word' id='word_1_269' title='bbox 269 1875 447 1945; x_wconf 82' lang='lat' dir='ltr'><strong>judiciariam</strong></span> <span class='ocrx_word' id='word_1_270' title='bbox 467 1876 641 1939; x_wconf 85' lang='lat' dir='ltr'><strong>seutentiam,</strong></span> <span class='ocrx_word' id='word_1_271' title='bbox 659 1891 743 1946; x_wconf 84' lang='lat' dir='ltr'><strong>quam</strong></span> <span class='ocrx_word' id='word_1_272' title='bbox 762 1875 789 1928; x_wconf 90' lang='lat' dir='ltr'><strong>in</strong></span> <span class='ocrx_word' id='word_1_273' title='bbox 809 1874 925 1930; x_wconf 73' lang='lat' dir='ltr'><strong>arficulo</strong></span> <span class='ocrx_word' id='word_1_274' title='bbox 943 1877 1036 1930; x_wconf 90' lang='lat' dir='ltr'><strong>mortis</strong></span> <span class='ocrx_word' id='word_1_275' title='bbox 1062 1874 1196 1930; x_wconf 82' lang='lat' dir='ltr'><strong>rumdobi</strong></span> <span class='ocrx_word' id='word_1_276' title='bbox 1205 1878 1316 1944; x_wconf 81' lang='lat' dir='ltr'><strong>capto,</strong></span> <span class='ocrx_word' id='word_1_277' title='bbox 1326 1891 1349 1927; x_wconf 87' lang='lat' dir='ltr'><strong>v.</strong></span> <span class='ocrx_word' id='word_1_278' title='bbox 1358 1878 1399 1929; x_wconf 84' lang='grc'><strong>12.</strong></span> <span class='ocrx_word' id='word_1_279' title='bbox 1410 1877 1525 1928; x_wconf 87' lang='lat' dir='ltr'><strong>interra</strong></span> <span class='ocrx_word' id='word_1_280' title='bbox 1539 1876 1713 1928; x_wconf 87' lang='lat' dir='ltr'><strong>tenebrarum</strong></span> <span class='ocrx_word' id='word_1_281' title='bbox 1730 1875 1829 1950; x_wconf 50' lang='grc' dir='ltr'><strong>111191ε</strong></span> <span class='ocrx_word' id='word_1_282' title='bbox 1845 1879 1898 1938; x_wconf 64' lang='lat' dir='ltr'><strong>ter,</strong></span> <span class='ocrx_word' id='word_1_283' title='bbox 1914 1881 2023 1922; x_wconf 72' lang='grc'><strong>11111111</strong></span> 
     </span>
     <span class='ocr_line' id='line_1_21' title="bbox 204 1933 2023 2033; baseline -0.001 -18"><span class='ocrx_word' id='word_1_284' title='bbox 204 1965 233 2015; x_wconf 85' lang='grc'><strong>11</strong></span> <span class='ocrx_word' id='word_1_285' title='bbox 255 1962 414 2033; x_wconf 90' lang='lat' dir='ltr'><strong>cumprimis</strong></span> <span class='ocrx_word' id='word_1_286' title='bbox 441 1963 470 2016; x_wconf 91' lang='lat' dir='ltr'><strong>in</strong></span> <span class='ocrx_word' id='word_1_287' title='bbox 497 1962 543 2016; x_wconf 94' lang='lat' dir='ltr'><strong>die</strong></span> <span class='ocrx_word' id='word_1_288' title='bbox 563 1963 664 2033; x_wconf 92' lang='lat' dir='ltr'><strong>judicii</strong></span> <span class='ocrx_word' id='word_1_289' title='bbox 689 1961 836 2031; x_wconf 89' lang='lat' dir='ltr'><strong>accipiunt.</strong></span> <span class='ocrx_word' id='word_1_290' title='bbox 879 1961 906 2030; x_wconf 84' lang='lat' dir='ltr'><strong>d)</strong></span> <span class='ocrx_word' id='word_1_291' title='bbox 929 1961 990 2015; x_wconf 84' lang='lat' dir='ltr'><strong>Erit</strong></span> <span class='ocrx_word' id='word_1_292' title='bbox 1008 1963 1037 2016; x_wconf 89' lang='lat' dir='ltr'><strong>iu</strong></span> <span class='ocrx_word' id='word_1_293' title='bbox 1063 1979 1119 2015; x_wconf 87' lang='lat' dir='ltr'><strong>non</strong></span> <span class='ocrx_word' id='word_1_294' title='bbox 1143 1968 1207 2015; x_wconf 89' lang='lat' dir='ltr'><strong>sunt</strong></span> <span class='ocrx_word' id='word_1_295' title='bbox 1232 1962 1355 2015; x_wconf 78' lang='lat' dir='ltr'><strong>ordines.</strong></span> <span class='ocrx_word' id='word_1_296' title='bbox 1390 1961 1508 2030; x_wconf 83' lang='lat' dir='ltr'><strong>Mirum,</strong></span> <span class='ocrx_word' id='word_1_297' title='bbox 1529 1961 1626 2033; x_wconf 91' lang='lat' dir='ltr'><strong>inquit,</strong></span> <span class='ocrx_word' id='word_1_298' title='bbox 1644 1963 1736 2026; x_wconf 87' lang='lat' dir='ltr'><strong>valde,</strong></span> <span class='ocrx_word' id='word_1_299' title='bbox 1760 1933 2023 2031; x_wconf 59' lang='grc'><strong>9111111111’·1“““1“4</strong></span> 
     </span>
     <span class='ocr_line' id='line_1_22' title="bbox 204 2047 1902 2118; baseline -0.001 -17"><span class='ocrx_word' id='word_1_300' title='bbox 204 2047 341 2102; x_wconf 87' lang='lat' dir='ltr'><strong>damnatis</strong></span> <span class='ocrx_word' id='word_1_301' title='bbox 357 2049 489 2102; x_wconf 88' lang='lat' dir='ltr'><strong>continua</strong></span> <span class='ocrx_word' id='word_1_302' title='bbox 502 2056 530 2101; x_wconf 92' lang='lat' dir='ltr'><strong>et</strong></span> <span class='ocrx_word' id='word_1_303' title='bbox 543 2055 677 2118; x_wconf 89' lang='lat' dir='ltr'><strong>perpetua</strong></span> <span class='ocrx_word' id='word_1_304' title='bbox 691 2047 856 2117; x_wconf 89' lang='lat' dir='ltr'><strong>desperatio,</strong></span> <span class='ocrx_word' id='word_1_305' title='bbox 877 2047 1037 2118; x_wconf 88' lang='lat' dir='ltr'><strong>acproinde</strong></span> <span class='ocrx_word' id='word_1_306' title='bbox 1064 2049 1146 2113; x_wconf 90' lang='lat' dir='ltr'><strong>citur,</strong></span> <span class='ocrx_word' id='word_1_307' title='bbox 1173 2047 1221 2100; x_wconf 87' lang='lat' dir='ltr'><strong>ubi</strong></span> <span class='ocrx_word' id='word_1_308' title='bbox 1245 2047 1341 2100; x_wconf 79' lang='lat' dir='ltr'><strong>auitas</strong></span> <span class='ocrx_word' id='word_1_309' title='bbox 1373 2049 1454 2105; x_wconf 88' lang='lat' dir='ltr'><strong>ordo.</strong></span> <span class='ocrx_word' id='word_1_310' title='bbox 1503 2049 1600 2116; x_wconf 87' lang='lat' dir='ltr'><strong>Neque</strong></span> <span class='ocrx_word' id='word_1_311' title='bbox 1624 2049 1697 2101; x_wconf 78' lang='grc'><strong>11111</strong></span> <span class='ocrx_word' id='word_1_312' title='bbox 1724 2048 1902 2115; x_wconf 78' lang='lat' dir='ltr'><strong>omnipotens</strong></span> 
     </span>
     <span class='ocr_line' id='line_1_23' title="bbox 203 2132 1901 2206; baseline -0.002 -16"><span class='ocrx_word' id='word_1_313' title='bbox 203 2135 288 2190; x_wconf 83' lang='lat' dir='ltr'><strong>ctiam</strong></span> <span class='ocrx_word' id='word_1_314' title='bbox 301 2150 365 2204; x_wconf 89' lang='lat' dir='ltr'><strong>spes</strong></span> <span class='ocrx_word' id='word_1_315' title='bbox 382 2133 466 2187; x_wconf 87' lang='lat' dir='ltr'><strong>nulls.</strong></span> <span class='ocrx_word' id='word_1_316' title='bbox 497 2133 569 2190; x_wconf 86' lang='lat' dir='ltr'><strong>Nam</strong></span> <span class='ocrx_word' id='word_1_317' title='bbox 582 2134 694 2187; x_wconf 88' lang='lat' dir='ltr'><strong>minime</strong></span> <span class='ocrx_word' id='word_1_318' title='bbox 712 2151 774 2204; x_wconf 89' lang='lat' dir='ltr'><strong>spes</strong></span> <span class='ocrx_word' id='word_1_319' title='bbox 791 2132 916 2189; x_wconf 85' lang='lat' dir='ltr'><strong>dolorum</strong></span> <span class='ocrx_word' id='word_1_320' title='bbox 932 2135 1037 2206; x_wconf 83' lang='lat' dir='ltr'><strong>magni·</strong></span> <span class='ocrx_word' id='word_1_321' title='bbox 1065 2136 1153 2202; x_wconf 91' lang='lat' dir='ltr'><strong>Deus,</strong></span> <span class='ocrx_word' id='word_1_322' title='bbox 1179 2133 1228 2203; x_wconf 85' lang='lat' dir='ltr'><strong>qui</strong></span> <span class='ocrx_word' id='word_1_323' title='bbox 1251 2134 1330 2187; x_wconf 88' lang='lat' dir='ltr'><strong>mala</strong></span> <span class='ocrx_word' id='word_1_324' title='bbox 1345 2135 1443 2202; x_wconf 89' lang='lat' dir='ltr'><strong>punit,</strong></span> <span class='ocrx_word' id='word_1_325' title='bbox 1466 2136 1632 2188; x_wconf 87' lang='lat' dir='ltr'><strong>inordinata</strong></span> <span class='ocrx_word' id='word_1_326' title='bbox 1650 2151 1708 2188; x_wconf 87' lang='lat' dir='ltr'><strong>esse</strong></span> <span class='ocrx_word' id='word_1_327' title='bbox 1734 2134 1795 2187; x_wconf 85' lang='lat' dir='ltr'><strong>ullo</strong></span> <span class='ocrx_word' id='word_1_328' title='bbox 1816 2135 1901 2187; x_wconf 88' lang='lat' dir='ltr'><strong>moda</strong></span> 
     </span>
     <span class='ocr_line' id='line_1_24' title="bbox 203 2218 1901 2289; baseline -0.001 -14"><span class='ocrx_word' id='word_1_329' title='bbox 203 2221 328 2276; x_wconf 89' lang='lat' dir='ltr'><strong>tudinem</strong></span> <span class='ocrx_word' id='word_1_330' title='bbox 347 2219 459 2275; x_wconf 82' lang='lat' dir='ltr'><strong>levaret</strong></span> <span class='ocrx_word' id='word_1_331' title='bbox 1065 2221 1109 2273; x_wconf 87' lang='lat' dir='ltr'><strong>nel</strong></span> <span class='ocrx_word' id='word_1_332' title='bbox 1128 2227 1265 2274; x_wconf 86' lang='lat' dir='ltr'><strong>tormenta</strong></span> <span class='ocrx_word' id='word_1_333' title='bbox 1282 2221 1426 2289; x_wconf 78' lang='lat' dir='ltr'><strong>permittit,</strong></span> <span class='ocrx_word' id='word_1_334' title='bbox 1439 2221 1518 2289; x_wconf 79' lang='lat' dir='ltr'><strong>&#39;quta</strong></span> <span class='ocrx_word' id='word_1_335' title='bbox 1536 2221 1601 2289; x_wconf 78' lang='lat' dir='ltr'><strong>ipsa</strong></span> <span class='ocrx_word' id='word_1_336' title='bbox 1619 2237 1727 2289; x_wconf 86' lang='lat' dir='ltr'><strong>quoque</strong></span> <span class='ocrx_word' id='word_1_337' title='bbox 1746 2218 1901 2288; x_wconf 84' lang='lat' dir='ltr'><strong>supplicia,</strong></span> 
     </span>
     <span class='ocr_line' id='line_1_25' title="bbox 81 2305 1901 2375; baseline -0.004 -10"><span class='ocrx_word' id='word_1_338' title='bbox 81 2314 191 2365; x_wconf 70' lang='lat' dir='ltr'><strong>thtio</strong></span> <span class='ocrx_word' id='word_1_339' title='bbox 240 2311 281 2362; x_wconf 79' lang='grc'><strong>13.</strong></span> <span class='ocrx_word' id='word_1_340' title='bbox 310 2306 459 2371; x_wconf 86' lang='lat' dir='ltr'><strong>Quaeritur</strong></span> <span class='ocrx_word' id='word_1_341' title='bbox 478 2314 501 2362; x_wconf 87' lang='lat'><strong>5.</strong></span> <span class='ocrx_word' id='word_1_342' title='bbox 520 2307 567 2360; x_wconf 81' lang='lat' dir='ltr'><strong>An</strong></span> <span class='ocrx_word' id='word_1_343' title='bbox 583 2307 733 2359; x_wconf 85' lang='lat' dir='ltr'><strong>daemones</strong></span> <span class='ocrx_word' id='word_1_344' title='bbox 737 2306 838 2371; x_wconf 85' lang='lat' dir='ltr'><strong>futuri</strong></span> <span class='ocrx_word' id='word_1_345' title='bbox 854 2306 910 2359; x_wconf 88' lang='lat' dir='ltr'><strong>sint</strong></span> <span class='ocrx_word' id='word_1_346' title='bbox 922 2309 1038 2360; x_wconf 88' lang='lat' dir='ltr'><strong>domna·</strong></span> <span class='ocrx_word' id='word_1_347' title='bbox 1066 2323 1137 2375; x_wconf 89' lang='lat' dir='ltr'><strong>quae</strong></span> <span class='ocrx_word' id='word_1_348' title='bbox 1155 2305 1278 2360; x_wconf 78' lang='grc'><strong>1111111</strong></span> <span class='ocrx_word' id='word_1_349' title='bbox 1288 2307 1415 2374; x_wconf 77' lang='lat' dir='ltr'><strong>justitiae</strong></span> <span class='ocrx_word' id='word_1_350' title='bbox 1425 2309 1576 2375; x_wconf 83' lang='lat' dir='ltr'><strong>prodeunt,</strong></span> <span class='ocrx_word' id='word_1_351' title='bbox 1596 2307 1703 2372; x_wconf 73' lang='lat' dir='ltr'><strong>inferri</strong></span> <span class='ocrx_word' id='word_1_352' title='bbox 1718 2306 1779 2359; x_wconf 90' lang='lat' dir='ltr'><strong>sine</strong></span> <span class='ocrx_word' id='word_1_353' title='bbox 1797 2305 1901 2359; x_wconf 86' lang='lat' dir='ltr'><strong>ordine</strong></span> 
     </span>
     <span class='ocr_line' id='line_1_26' title="bbox 63 2363 1902 2464; baseline -0.002 -17"><span class='ocrx_word' id='word_1_354' title='bbox 63 2363 192 2458; x_wconf 51' lang='lat' dir='ltr'><strong>mlii]</strong></span> <span class='ocrx_word' id='word_1_355' title='bbox 205 2400 297 2447; x_wconf 85' lang='lat' dir='ltr'><strong>torum</strong></span> <span class='ocrx_word' id='word_1_356' title='bbox 320 2393 461 2446; x_wconf 73' lang='lat' dir='ltr'><strong>tortores!</strong></span> <span class='ocrx_word' id='word_1_357' title='bbox 497 2391 617 2456; x_wconf 87' lang='lat' dir='ltr'><strong>Quidam</strong></span> <span class='ocrx_word' id='word_1_358' title='bbox 640 2388 789 2457; x_wconf 83' lang='lat' dir='ltr'><strong>affirmant,</strong></span> <span class='ocrx_word' id='word_1_359' title='bbox 819 2397 839 2456; x_wconf 85' lang='lat'><strong>1)</strong></span> <span class='ocrx_word' id='word_1_360' title='bbox 865 2392 932 2464; x_wconf 92' lang='lat' dir='ltr'><strong>quia</strong></span> <span class='ocrx_word' id='word_1_361' title='bbox 952 2392 1038 2450; x_wconf 85' lang='lat' dir='ltr'><strong>Siras.</strong></span> <span class='ocrx_word' id='word_1_362' title='bbox 1065 2409 1241 2461; x_wconf 78' lang='lat' dir='ltr'><strong>usquequam</strong></span> <span class='ocrx_word' id='word_1_363' title='bbox 1257 2402 1385 2461; x_wconf 88' lang='lat' dir='ltr'><strong>possunt.</strong></span> <span class='ocrx_word' id='word_1_364' title='bbox 1426 2393 1571 2454; x_wconf 81' lang='lat' dir='ltr'><strong>Quomodo</strong></span> <span class='ocrx_word' id='word_1_365' title='bbox 1597 2409 1715 2461; x_wconf 88' lang='lat' dir='ltr'><strong>namque</strong></span> <span class='ocrx_word' id='word_1_366' title='bbox 1735 2394 1766 2447; x_wconf 91' lang='lat' dir='ltr'><strong>in</strong></span> <span class='ocrx_word' id='word_1_367' title='bbox 1790 2392 1902 2462; x_wconf 84' lang='lat' dir='ltr'><strong>suppli·</strong></span> 
     </span>
     <span class='ocr_line' id='line_1_27' title="bbox 72 2470 1903 2561; baseline -0.001 -27"><span class='ocrx_word' id='word_1_368' title='bbox 72 2470 193 2561; x_wconf 52' lang='lat' dir='ltr'><strong>ffiffi</strong></span> <span class='ocrx_word' id='word_1_369' title='bbox 206 2483 247 2541; x_wconf 83' lang='grc'><strong>39,</strong></span> <span class='ocrx_word' id='word_1_370' title='bbox 267 2495 292 2530; x_wconf 88' lang='lat' dir='ltr'><strong>v.</strong></span> <span class='ocrx_word' id='word_1_371' title='bbox 313 2482 354 2534; x_wconf 80' lang='grc'><strong>33.</strong></span> <span class='ocrx_word' id='word_1_372' title='bbox 374 2477 488 2535; x_wconf 84' lang='lat' dir='ltr'><strong>dicitur:</strong></span> <span class='ocrx_word' id='word_1_373' title='bbox 514 2478 585 2531; x_wconf 81' lang='lat' dir='ltr'><strong>Sunt</strong></span> <span class='ocrx_word' id='word_1_374' title='bbox 605 2479 737 2547; x_wconf 85' lang='lat' dir='ltr'><strong>spiritus,</strong></span> <span class='ocrx_word' id='word_1_375' title='bbox 763 2477 814 2547; x_wconf 81' lang='lat' dir='ltr'><strong>qui</strong></span> <span class='ocrx_word' id='word_1_376' title='bbox 829 2480 870 2531; x_wconf 82' lang='lat' dir='ltr'><strong>aa</strong></span> <span class='ocrx_word' id='word_1_377' title='bbox 885 2480 1039 2534; x_wconf 85' lang='lat' dir='ltr'><strong>uindictam</strong></span> <span class='ocrx_word' id='word_1_378' title='bbox 1066 2479 1118 2531; x_wconf 92' lang='lat' dir='ltr'><strong>ciis</strong></span> <span class='ocrx_word' id='word_1_379' title='bbox 1137 2481 1208 2533; x_wconf 85' lang='lat' dir='ltr'><strong>ordo</strong></span> <span class='ocrx_word' id='word_1_380' title='bbox 1228 2497 1284 2533; x_wconf 87' lang='lat' dir='ltr'><strong>non</strong></span> <span class='ocrx_word' id='word_1_381' title='bbox 1302 2480 1369 2547; x_wconf 87' lang='lat' dir='ltr'><strong>erit,</strong></span> <span class='ocrx_word' id='word_1_382' title='bbox 1395 2481 1461 2532; x_wconf 87' lang='lat' dir='ltr'><strong>dum</strong></span> <span class='ocrx_word' id='word_1_383' title='bbox 1480 2482 1645 2533; x_wconf 89' lang='lat' dir='ltr'><strong>damnatum</strong></span> <span class='ocrx_word' id='word_1_384' title='bbox 1667 2497 1800 2549; x_wconf 88' lang='lat' dir='ltr'><strong>quemque</strong></span> <span class='ocrx_word' id='word_1_385' title='bbox 1812 2480 1903 2547; x_wconf 77' lang='lat' dir='ltr'><strong>justa</strong></span> 
     </span>
     <span class='ocr_line' id='line_1_28' title="bbox 73 2566 1902 2636; baseline 0.002 -22"><span class='ocrx_word' id='word_1_386' title='bbox 73 2584 122 2614; x_wconf 80' lang='lat' dir='ltr'><strong>rura</strong></span> <span class='ocrx_word' id='word_1_387' title='bbox 136 2581 182 2613; x_wconf 79' lang='lat' dir='ltr'><strong>ror·</strong></span> <span class='ocrx_word' id='word_1_388' title='bbox 205 2566 295 2620; x_wconf 83' lang='lat' dir='ltr'><strong>creati</strong></span> <span class='ocrx_word' id='word_1_389' title='bbox 313 2573 376 2618; x_wconf 85' lang='lat' dir='ltr'><strong>sunt</strong></span> <span class='ocrx_word' id='word_1_390' title='bbox 393 2574 420 2618; x_wconf 88' lang='grc'><strong>11</strong></span> <span class='ocrx_word' id='word_1_391' title='bbox 436 2566 466 2618; x_wconf 88' lang='lat' dir='ltr'><strong>in</strong></span> <span class='ocrx_word' id='word_1_392' title='bbox 476 2567 584 2632; x_wconf 88' lang='lat' dir='ltr'><strong>surore</strong></span> <span class='ocrx_word' id='word_1_393' title='bbox 602 2583 652 2619; x_wconf 87' lang='lat' dir='ltr'><strong>suo</strong></span> <span class='ocrx_word' id='word_1_394' title='bbox 671 2567 905 2629; x_wconf 74' lang='lat' dir='ltr'><strong>confirrnauerunt</strong></span> <span class='ocrx_word' id='word_1_395' title='bbox 917 2567 1038 2636; x_wconf 81' lang='lat' dir='ltr'><strong>stapello</strong></span> <span class='ocrx_word' id='word_1_396' title='bbox 1066 2566 1178 2618; x_wconf 86' lang='lat' dir='ltr'><strong>madum</strong></span> <span class='ocrx_word' id='word_1_397' title='bbox 1204 2566 1331 2618; x_wconf 84' lang='lat' dir='ltr'><strong>criminis</strong></span> <span class='ocrx_word' id='word_1_398' title='bbox 1350 2567 1495 2620; x_wconf 85' lang='lat' dir='ltr'><strong>retributio</strong></span> <span class='ocrx_word' id='word_1_399' title='bbox 1515 2568 1639 2635; x_wconf 87' lang='lat' dir='ltr'><strong>sequitur</strong></span> <span class='ocrx_word' id='word_1_400' title='bbox 1658 2567 1795 2619; x_wconf 67' lang='lat' dir='ltr'><strong>ultionis!</strong></span> <span class='ocrx_word' id='word_1_401' title='bbox 1822 2566 1902 2619; x_wconf 85' lang='lat' dir='ltr'><strong>Hinc</strong></span> 
     </span>
     <span class='ocr_line' id='line_1_29' title="bbox 73 2627 1903 2722; baseline 0 -17"><span class='ocrx_word' id='word_1_402' title='bbox 73 2627 150 2666; x_wconf 76' lang='lat' dir='ltr'><strong>corut</strong></span> <span class='ocrx_word' id='word_1_403' title='bbox 190 2669 266 2710; x_wconf 69' lang='lat' dir='ltr'><strong>uua.</strong></span> <span class='ocrx_word' id='word_1_404' title='bbox 309 2650 346 2704; x_wconf 91' lang='lat' dir='ltr'><strong>Iu</strong></span> <span class='ocrx_word' id='word_1_405' title='bbox 374 2660 497 2721; x_wconf 84' lang='lat' dir='ltr'><strong>tempore</strong></span> <span class='ocrx_word' id='word_1_406' title='bbox 523 2652 769 2706; x_wconf 85' lang='lat' dir='ltr'><strong>consummationis</strong></span> <span class='ocrx_word' id='word_1_407' title='bbox 795 2653 923 2705; x_wconf 82' lang='lat' dir='ltr'><strong>uirtutem</strong></span> <span class='ocrx_word' id='word_1_408' title='bbox 953 2653 1039 2722; x_wconf 82' lang='lat' dir='ltr'><strong>effuu·</strong></span> <span class='ocrx_word' id='word_1_409' title='bbox 1067 2653 1169 2721; x_wconf 80' lang='lat' dir='ltr'><strong>quippe</strong></span> <span class='ocrx_word' id='word_1_410' title='bbox 1196 2653 1331 2720; x_wconf 85' lang='lat' dir='ltr'><strong>scripturn</strong></span> <span class='ocrx_word' id='word_1_411' title='bbox 1358 2659 1416 2719; x_wconf 86' lang='lat' dir='ltr'><strong>est,</strong></span> <span class='ocrx_word' id='word_1_412' title='bbox 1444 2660 1575 2720; x_wconf 54' lang='lat' dir='ltr'><strong>potentes,</strong></span> <span class='ocrx_word' id='word_1_413' title='bbox 1599 2660 1729 2720; x_wconf 89' lang='lat' dir='ltr'><strong>potenter</strong></span> <span class='ocrx_word' id='word_1_414' title='bbox 1762 2660 1903 2705; x_wconf 87' lang='lat' dir='ltr'><strong>tormenta</strong></span> 
     </span>
     <span class='ocr_line' id='line_1_30' title="bbox 205 2738 1904 2809; baseline -0.001 -17"><span class='ocrx_word' id='word_1_415' title='bbox 205 2741 272 2792; x_wconf 86' lang='lat' dir='ltr'><strong>dent</strong></span> <span class='ocrx_word' id='word_1_416' title='bbox 292 2746 318 2791; x_wconf 88' lang='lat' dir='ltr'><strong>et</strong></span> <span class='ocrx_word' id='word_1_417' title='bbox 335 2741 462 2799; x_wconf 77' lang='lat' dir='ltr'><strong>furorem</strong></span> <span class='ocrx_word' id='word_1_418' title='bbox 480 2739 551 2807; x_wconf 82' lang='lat' dir='ltr'><strong>ejrss,</strong></span> <span class='ocrx_word' id='word_1_419' title='bbox 569 2740 619 2809; x_wconf 88' lang='lat' dir='ltr'><strong>qui</strong></span> <span class='ocrx_word' id='word_1_420' title='bbox 630 2740 706 2808; x_wconf 86' lang='lat' dir='ltr'><strong>fecit</strong></span> <span class='ocrx_word' id='word_1_421' title='bbox 724 2739 814 2804; x_wconf 89' lang='lat' dir='ltr'><strong>illum,</strong></span> <span class='ocrx_word' id='word_1_422' title='bbox 832 2740 938 2795; x_wconf 81' lang='lat' dir='ltr'><strong>sistent.</strong></span> <span class='ocrx_word' id='word_1_423' title='bbox 973 2739 1040 2808; x_wconf 82' lang='lat' dir='ltr'><strong>(Sed</strong></span> <span class='ocrx_word' id='word_1_424' title='bbox 1066 2739 1210 2806; x_wconf 87' lang='lat' dir='ltr'><strong>patientur</strong></span> <span class='ocrx_word' id='word_1_425' title='bbox 1225 2746 1251 2790; x_wconf 90' lang='lat' dir='ltr'><strong>et</strong></span> <span class='ocrx_word' id='word_1_426' title='bbox 1267 2738 1434 2801; x_wconf 76' lang='lat' dir='ltr'><strong>fortioribus</strong></span> <span class='ocrx_word' id='word_1_427' title='bbox 1445 2740 1554 2804; x_wconf 81' lang='lat' dir='ltr'><strong>fortior</strong></span> <span class='ocrx_word' id='word_1_428' title='bbox 1563 2739 1649 2792; x_wconf 85' lang='lat' dir='ltr'><strong>instat</strong></span> <span class='ocrx_word' id='word_1_429' title='bbox 1661 2739 1799 2792; x_wconf 73' lang='grc'><strong>1111111111</strong></span> <span class='ocrx_word' id='word_1_430' title='bbox 1805 2759 1816 2805; x_wconf 89' lang='grc'><strong>,·</strong></span> <span class='ocrx_word' id='word_1_431' title='bbox 1835 2739 1904 2792; x_wconf 86' lang='lat' dir='ltr'><strong>binc</strong></span> 
     </span>
     <span class='ocr_line' id='line_1_31' title="bbox 204 2823 1905 2900; baseline -0.001 -21"><span class='ocrx_word' id='word_1_432' title='bbox 204 2823 275 2880; x_wconf 91' lang='lat' dir='ltr'><strong>liber</strong></span> <span class='ocrx_word' id='word_1_433' title='bbox 300 2824 345 2879; x_wconf 90' lang='lat' dir='ltr'><strong>hic</strong></span> <span class='ocrx_word' id='word_1_434' title='bbox 368 2825 559 2895; x_wconf 84' lang='lat' dir='ltr'><strong>apocryphus,</strong></span> <span class='ocrx_word' id='word_1_435' title='bbox 587 2842 621 2879; x_wconf 83' lang='lat' dir='ltr'><strong>ec</strong></span> <span class='ocrx_word' id='word_1_436' title='bbox 639 2832 755 2895; x_wconf 88' lang='lat' dir='ltr'><strong>possunt</strong></span> <span class='ocrx_word' id='word_1_437' title='bbox 773 2842 822 2895; x_wconf 90' lang='lat' dir='ltr'><strong>per</strong></span> <span class='ocrx_word' id='word_1_438' title='bbox 839 2823 874 2882; x_wconf 80' lang='grc' dir='ltr'><strong>τὰ</strong></span> <span class='ocrx_word' id='word_1_439' title='bbox 892 2825 1040 2900; x_wconf 76' lang='grc' dir='ltr'><strong>πνεύματα</strong></span> <span class='ocrx_word' id='word_1_440' title='bbox 1067 2827 1098 2878; x_wconf 90' lang='lat' dir='ltr'><strong>in</strong></span> <span class='ocrx_word' id='word_1_441' title='bbox 1106 2824 1264 2892; x_wconf 77' lang='lat' dir='ltr'><strong>Babylonis</strong></span> <span class='ocrx_word' id='word_1_442' title='bbox 1276 2826 1457 2878; x_wconf 79' lang='lat' dir='ltr'><strong>damnatione</strong></span> <span class='ocrx_word' id='word_1_443' title='bbox 1470 2824 1588 2879; x_wconf 80' lang='lat' dir='ltr'><strong>elicitur:</strong></span> <span class='ocrx_word' id='word_1_444' title='bbox 1609 2824 1747 2886; x_wconf 86' lang='lat' dir='ltr'><strong>Quantum</strong></span> <span class='ocrx_word' id='word_1_445' title='bbox 1766 2827 1905 2879; x_wconf 78' lang='lat' dir='ltr'><strong>exaltavit</strong></span> 
     </span>
     <span class='ocr_line' id='line_1_32' title="bbox 206 2910 1904 2982; baseline 0.001 -18"><span class='ocrx_word' id='word_1_446' title='bbox 206 2910 325 2981; x_wconf 85' lang='lat' dir='ltr'><strong>intelligi</strong></span> <span class='ocrx_word' id='word_1_447' title='bbox 341 2911 481 2981; x_wconf 85' lang='lat' dir='ltr'><strong>procellae</strong></span> <span class='ocrx_word' id='word_1_448' title='bbox 506 2927 540 2965; x_wconf 86' lang='lat' dir='ltr'><strong>ac</strong></span> <span class='ocrx_word' id='word_1_449' title='bbox 559 2911 681 2965; x_wconf 85' lang='lat' dir='ltr'><strong>turbines</strong></span> <span class='ocrx_word' id='word_1_450' title='bbox 699 2921 858 2981; x_wconf 82' lang='lat' dir='ltr'><strong>ventorum,</strong></span> <span class='ocrx_word' id='word_1_451' title='bbox 885 2913 987 2982; x_wconf 90' lang='lat' dir='ltr'><strong>quibus</strong></span> <span class='ocrx_word' id='word_1_452' title='bbox 1013 2912 1040 2965; x_wconf 91' lang='lat' dir='ltr'><strong>in</strong></span> <span class='ocrx_word' id='word_1_453' title='bbox 1067 2927 1096 2963; x_wconf 87' lang='lat' dir='ltr'><strong>se</strong></span> <span class='ocrx_word' id='word_1_454' title='bbox 1114 2918 1140 2964; x_wconf 92' lang='grc'><strong>11</strong></span> <span class='ocrx_word' id='word_1_455' title='bbox 1157 2912 1187 2963; x_wconf 88' lang='lat' dir='ltr'><strong>in</strong></span> <span class='ocrx_word' id='word_1_456' title='bbox 1206 2911 1318 2964; x_wconf 83' lang='lat' dir='ltr'><strong>deliciis</strong></span> <span class='ocrx_word' id='word_1_457' title='bbox 1336 2911 1404 2977; x_wconf 80' lang='lat' dir='ltr'><strong>fuit,</strong></span> <span class='ocrx_word' id='word_1_458' title='bbox 1424 2920 1529 2965; x_wconf 83' lang='lat' dir='ltr'><strong>tantum</strong></span> <span class='ocrx_word' id='word_1_459' title='bbox 1547 2913 1613 2963; x_wconf 88' lang='lat' dir='ltr'><strong>date</strong></span> <span class='ocrx_word' id='word_1_460' title='bbox 1627 2912 1674 2963; x_wconf 87' lang='lat' dir='ltr'><strong>illi</strong></span> <span class='ocrx_word' id='word_1_461' title='bbox 1690 2918 1857 2966; x_wconf 86' lang='lat' dir='ltr'><strong>tormentum</strong></span> <span class='ocrx_word' id='word_1_462' title='bbox 1876 2921 1904 2965; x_wconf 90' lang='lat' dir='ltr'><strong>et</strong></span> 
     </span>
     <span class='ocr_line' id='line_1_33' title="bbox 206 2996 1904 3067; baseline 0 -17"><span class='ocrx_word' id='word_1_463' title='bbox 206 2996 259 3051; x_wconf 88' lang='lat' dir='ltr'><strong>bac</strong></span> <span class='ocrx_word' id='word_1_464' title='bbox 282 2999 341 3051; x_wconf 80' lang='lat' dir='ltr'><strong>vita</strong></span> <span class='ocrx_word' id='word_1_465' title='bbox 365 2996 488 3052; x_wconf 85' lang='lat' dir='ltr'><strong>homines</strong></span> <span class='ocrx_word' id='word_1_466' title='bbox 510 2997 677 3067; x_wconf 89' lang='lat' dir='ltr'><strong>puniuntur,</strong></span> <span class='ocrx_word' id='word_1_467' title='bbox 707 2998 820 3051; x_wconf 86' lang='lat' dir='ltr'><strong>additur</strong></span> <span class='ocrx_word' id='word_1_468' title='bbox 846 2999 918 3051; x_wconf 91' lang='lat' dir='ltr'><strong>enim</strong></span> <span class='ocrx_word' id='word_1_469' title='bbox 947 3016 973 3053; x_wconf 90' lang='lat' dir='ltr'><strong>v.</strong></span> <span class='ocrx_word' id='word_1_470' title='bbox 999 3003 1041 3053; x_wconf 82' lang='grc'><strong>34.</strong></span> <span class='ocrx_word' id='word_1_471' title='bbox 1067 2997 1179 3049; x_wconf 87' lang='lat' dir='ltr'><strong>luctum.</strong></span> <span class='ocrx_word' id='word_1_472' title='bbox 1209 2996 1244 3050; x_wconf 85' lang='lat' dir='ltr'><strong>Si</strong></span> <span class='ocrx_word' id='word_1_473' title='bbox 1256 2997 1343 3064; x_wconf 84' lang='lat' dir='ltr'><strong>ipitur</strong></span> <span class='ocrx_word' id='word_1_474' title='bbox 1355 2997 1561 3064; x_wconf 76' lang='lat' dir='ltr'><strong>juetamodum</strong></span> <span class='ocrx_word' id='word_1_475' title='bbox 1577 2997 1679 3065; x_wconf 87' lang='lat' dir='ltr'><strong>culpae</strong></span> <span class='ocrx_word' id='word_1_476' title='bbox 1690 3015 1783 3066; x_wconf 85' lang='lat' dir='ltr'><strong>poena</strong></span> <span class='ocrx_word' id='word_1_477' title='bbox 1799 2998 1904 3050; x_wconf 87' lang='lat' dir='ltr'><strong>distin-</strong></span> 
     </span>
     <span class='ocr_line' id='line_1_34' title="bbox 206 3083 1904 3153; baseline 0.001 -18"><span class='ocrx_word' id='word_1_478' title='bbox 206 3084 281 3152; x_wconf 83' lang='lat' dir='ltr'><strong>iquis</strong></span> <span class='ocrx_word' id='word_1_479' title='bbox 298 3091 324 3137; x_wconf 90' lang='lat' dir='ltr'><strong>et</strong></span> <span class='ocrx_word' id='word_1_480' title='bbox 341 3100 428 3148; x_wconf 90' lang='lat' dir='ltr'><strong>mare,</strong></span> <span class='ocrx_word' id='word_1_481' title='bbox 447 3092 472 3136; x_wconf 92' lang='lat' dir='ltr'><strong>et</strong></span> <span class='ocrx_word' id='word_1_482' title='bbox 484 3085 579 3147; x_wconf 80' lang='lat' dir='ltr'><strong>sames</strong></span> <span class='ocrx_word' id='word_1_483' title='bbox 594 3091 621 3136; x_wconf 88' lang='lat' dir='ltr'><strong>et</strong></span> <span class='ocrx_word' id='word_1_484' title='bbox 635 3101 719 3149; x_wconf 87' lang='lat' dir='ltr'><strong>mors,</strong></span> <span class='ocrx_word' id='word_1_485' title='bbox 738 3084 912 3138; x_wconf 81' lang='lat' dir='ltr'><strong>omnialaec</strong></span> <span class='ocrx_word' id='word_1_486' title='bbox 930 3086 1040 3139; x_wconf 88' lang='lat' dir='ltr'><strong>adoin·</strong></span> <span class='ocrx_word' id='word_1_487' title='bbox 1068 3084 1176 3153; x_wconf 84' lang='lat' dir='ltr'><strong>quitur,</strong></span> <span class='ocrx_word' id='word_1_488' title='bbox 1199 3088 1308 3135; x_wconf 87' lang='lat' dir='ltr'><strong>constat</strong></span> <span class='ocrx_word' id='word_1_489' title='bbox 1326 3084 1474 3149; x_wconf 87' lang='lat' dir='ltr'><strong>nimirum,</strong></span> <span class='ocrx_word' id='word_1_490' title='bbox 1501 3085 1578 3152; x_wconf 88' lang='lat' dir='ltr'><strong>quod</strong></span> <span class='ocrx_word' id='word_1_491' title='bbox 1601 3084 1632 3135; x_wconf 85' lang='lat' dir='ltr'><strong>iu</strong></span> <span class='ocrx_word' id='word_1_492' title='bbox 1653 3083 1803 3151; x_wconf 83' lang='lat' dir='ltr'><strong>suppliciis</strong></span> <span class='ocrx_word' id='word_1_493' title='bbox 1828 3085 1904 3139; x_wconf 87' lang='lat' dir='ltr'><strong>ordo</strong></span> 
     </span>
     <span class='ocr_line' id='line_1_35' title="bbox 207 3168 1905 3236; baseline 0.001 -12"><span class='ocrx_word' id='word_1_494' title='bbox 207 3171 311 3224; x_wconf 83' lang='lat' dir='ltr'><strong>dictam</strong></span> <span class='ocrx_word' id='word_1_495' title='bbox 330 3178 428 3224; x_wconf 87' lang='lat' dir='ltr'><strong>creata</strong></span> <span class='ocrx_word' id='word_1_496' title='bbox 446 3174 528 3236; x_wconf 83' lang='lat' dir='ltr'><strong>sunt.)</strong></span> <span class='ocrx_word' id='word_1_497' title='bbox 564 3174 591 3233; x_wconf 86' lang='grc'><strong>2)</strong></span> <span class='ocrx_word' id='word_1_498' title='bbox 613 3168 718 3224; x_wconf 84' lang='lat' dir='ltr'><strong>Mentio</strong></span> <span class='ocrx_word' id='word_1_499' title='bbox 737 3168 770 3224; x_wconf 90' lang='lat' dir='ltr'><strong>fit</strong></span> <span class='ocrx_word' id='word_1_500' title='bbox 788 3179 922 3223; x_wconf 85' lang='lat' dir='ltr'><strong>tortorum</strong></span> <span class='ocrx_word' id='word_1_501' title='bbox 943 3169 1041 3226; x_wconf 81' lang='lat' dir='ltr'><strong>blattb.</strong></span> <span class='ocrx_word' id='word_1_502' title='bbox 1067 3178 1203 3223; x_wconf 89' lang='lat' dir='ltr'><strong>seruatur.</strong></span> <span class='ocrx_word' id='word_1_503' title='bbox 1239 3169 1278 3222; x_wconf 83' lang='lat' dir='ltr'><strong>Et</strong></span> <span class='ocrx_word' id='word_1_504' title='bbox 1295 3168 1352 3221; x_wconf 86' lang='lat' dir='ltr'><strong>nisi</strong></span> <span class='ocrx_word' id='word_1_505' title='bbox 1368 3176 1567 3222; x_wconf 85' lang='lat' dir='ltr'><strong>tormentcrum</strong></span> <span class='ocrx_word' id='word_1_506' title='bbox 1585 3187 1721 3223; x_wconf 87' lang='lat' dir='ltr'><strong>summam</strong></span> <span class='ocrx_word' id='word_1_507' title='bbox 1739 3172 1905 3226; x_wconf 86' lang='lat' dir='ltr'><strong>meritarum</strong></span> 
     </span>
     <span class='ocr_line' id='line_1_36' title="bbox 139 3249 1906 3327; baseline -0.001 -16"><span class='ocrx_word' id='word_1_508' title='bbox 139 3249 140 3253; x_wconf 30' lang='lat'>¹</span> <span class='ocrx_word' id='word_1_509' title='bbox 208 3260 293 3313; x_wconf 65' lang='grc'><strong>111.</strong></span> <span class='ocrx_word' id='word_1_510' title='bbox 318 3261 358 3313; x_wconf 77' lang='lat'><strong>³4.</strong></span> <span class='ocrx_word' id='word_1_511' title='bbox 384 3258 539 3326; x_wconf 81' lang='lat' dir='ltr'><strong>plaqarum</strong></span> <span class='ocrx_word' id='word_1_512' title='bbox 562 3255 629 3310; x_wconf 86' lang='lat' dir='ltr'><strong>Luc.</strong></span> <span class='ocrx_word' id='word_1_513' title='bbox 652 3261 690 3320; x_wconf 84' lang='lat' dir='ltr'><strong>tt,</strong></span> <span class='ocrx_word' id='word_1_514' title='bbox 717 3273 742 3308; x_wconf 87' lang='lat' dir='ltr'><strong>v.</strong></span> <span class='ocrx_word' id='word_1_515' title='bbox 760 3261 802 3315; x_wconf 82' lang='lat' dir='ltr'><strong>te.</strong></span> <span class='ocrx_word' id='word_1_516' title='bbox 829 3258 1042 3327; x_wconf 80' lang='lat' dir='ltr'><strong>percussionum</strong></span> <span class='ocrx_word' id='word_1_517' title='bbox 1068 3264 1132 3309; x_wconf 89' lang='lat' dir='ltr'><strong>acta</strong></span> <span class='ocrx_word' id='word_1_518' title='bbox 1153 3255 1326 3322; x_wconf 80' lang='lat' dir='ltr'><strong>dirimerent,</strong></span> <span class='ocrx_word' id='word_1_519' title='bbox 1342 3273 1518 3324; x_wconf 89' lang='lat' dir='ltr'><strong>nequaquam</strong></span> <span class='ocrx_word' id='word_1_520' title='bbox 1535 3256 1623 3323; x_wconf 74' lang='lat' dir='ltr'><strong>judea</strong></span> <span class='ocrx_word' id='word_1_521' title='bbox 1637 3259 1748 3309; x_wconf 87' lang='lat' dir='ltr'><strong>ueniens</strong></span> <span class='ocrx_word' id='word_1_522' title='bbox 1760 3259 1906 3312; x_wconf 85' lang='lat' dir='ltr'><strong>dicturum</strong></span> 
     </span>
     <span class='ocr_line' id='line_1_37' title="bbox 206 3340 1906 3418; baseline 0 -22"><span class='ocrx_word' id='word_1_523' title='bbox 206 3341 339 3399; x_wconf 87' lang='lat' dir='ltr'><strong>Proverb.</strong></span> <span class='ocrx_word' id='word_1_524' title='bbox 365 3348 405 3407; x_wconf 88' lang='grc'><strong>19,</strong></span> <span class='ocrx_word' id='word_1_525' title='bbox 428 3360 453 3396; x_wconf 81' lang='lat' dir='ltr'><strong>v.</strong></span> <span class='ocrx_word' id='word_1_526' title='bbox 479 3347 521 3397; x_wconf 91' lang='grc'><strong>29.</strong></span> <span class='ocrx_word' id='word_1_527' title='bbox 561 3342 626 3407; x_wconf 83' lang='lat' dir='ltr'><strong>(Sed</strong></span> <span class='ocrx_word' id='word_1_528' title='bbox 644 3341 714 3397; x_wconf 86' lang='lat' dir='ltr'><strong>haec</strong></span> <span class='ocrx_word' id='word_1_529' title='bbox 733 3343 826 3397; x_wconf 86' lang='lat' dir='ltr'><strong>omnis</strong></span> <span class='ocrx_word' id='word_1_530' title='bbox 847 3347 1042 3418; x_wconf 74' lang='grc' dir='ltr'><strong><em>παραβολικῶς</em></strong></span> <span class='ocrx_word' id='word_1_531' title='bbox 1067 3360 1096 3395; x_wconf 91' lang='grc'><strong>11</strong></span> <span class='ocrx_word' id='word_1_532' title='bbox 1130 3340 1295 3394; x_wconf 81' lang='lat' dir='ltr'><strong>messoribus</strong></span> <span class='ocrx_word' id='word_1_533' title='bbox 1323 3358 1380 3394; x_wconf 85' lang='lat' dir='ltr'><strong>csse</strong></span> <span class='ocrx_word' id='word_1_534' title='bbox 1407 3342 1580 3408; x_wconf 83' lang='lat' dir='ltr'><strong>perbiberet:</strong></span> <span class='ocrx_word' id='word_1_535' title='bbox 1616 3343 1748 3412; x_wconf 80' lang='lat' dir='ltr'><strong>Collr&#39;qite</strong></span> <span class='ocrx_word' id='word_1_536' title='bbox 1776 3345 1906 3412; x_wconf 87' lang='lat' dir='ltr'><strong>primum</strong></span> 
     </span>
     <span class='ocr_line' id='line_1_38' title="bbox 207 3428 1905 3499; baseline -0.001 -16"><span class='ocrx_word' id='word_1_537' title='bbox 207 3429 297 3499; x_wconf 82' lang='lat' dir='ltr'><strong>accipi</strong></span> <span class='ocrx_word' id='word_1_538' title='bbox 314 3434 449 3498; x_wconf 84' lang='lat' dir='ltr'><strong>possunt)</strong></span> <span class='ocrx_word' id='word_1_539' title='bbox 483 3431 509 3496; x_wconf 88' lang='grc'><strong>3)</strong></span> <span class='ocrx_word' id='word_1_540' title='bbox 530 3428 641 3483; x_wconf 85' lang='lat' dir='ltr'><strong>Diaboli</strong></span> <span class='ocrx_word' id='word_1_541' title='bbox 666 3436 731 3483; x_wconf 89' lang='lat' dir='ltr'><strong>ante</strong></span> <span class='ocrx_word' id='word_1_542' title='bbox 744 3430 879 3499; x_wconf 90' lang='lat' dir='ltr'><strong>judicium</strong></span> <span class='ocrx_word' id='word_1_543' title='bbox 895 3436 924 3483; x_wconf 91' lang='lat' dir='ltr'><strong>et</strong></span> <span class='ocrx_word' id='word_1_544' title='bbox 940 3431 968 3484; x_wconf 91' lang='lat' dir='ltr'><strong>in</strong></span> <span class='ocrx_word' id='word_1_545' title='bbox 988 3430 1041 3484; x_wconf 92' lang='lat' dir='ltr'><strong>hac</strong></span> <span class='ocrx_word' id='word_1_546' title='bbox 1067 3430 1175 3482; x_wconf 80' lang='lat' dir='ltr'><strong>sr&#39;eania</strong></span> <span class='ocrx_word' id='word_1_547' title='bbox 1195 3437 1220 3480; x_wconf 90' lang='lat' dir='ltr'><strong>et</strong></span> <span class='ocrx_word' id='word_1_548' title='bbox 1238 3428 1326 3496; x_wconf 82' lang='lat' dir='ltr'><strong>liqate</strong></span> <span class='ocrx_word' id='word_1_549' title='bbox 1346 3446 1380 3480; x_wconf 88' lang='lat' dir='ltr'><strong>sa</strong></span> <span class='ocrx_word' id='word_1_550' title='bbox 1404 3429 1434 3480; x_wconf 90' lang='lat' dir='ltr'><strong>ia</strong></span> <span class='ocrx_word' id='word_1_551' title='bbox 1452 3429 1607 3490; x_wconf 78' lang='lat' dir='ltr'><strong>fasciculos</strong></span> <span class='ocrx_word' id='word_1_552' title='bbox 1619 3431 1661 3481; x_wconf 89' lang='lat' dir='ltr'><strong>ad</strong></span> <span class='ocrx_word' id='word_1_553' title='bbox 1678 3429 1905 3487; x_wconf 73' lang='lat' dir='ltr'><strong>comburendum.</strong></span> 
     </span>
     <span class='ocr_line' id='line_1_39' title="bbox 206 3514 1906 3586; baseline 0.001 -18"><span class='ocrx_word' id='word_1_554' title='bbox 206 3514 265 3568; x_wconf 78' lang='lat' dir='ltr'><strong>rita</strong></span> <span class='ocrx_word' id='word_1_555' title='bbox 287 3520 418 3586; x_wconf 84' lang='lat' dir='ltr'><strong>torquent</strong></span> <span class='ocrx_word' id='word_1_556' title='bbox 436 3514 568 3570; x_wconf 86' lang='lat' dir='ltr'><strong>homines.</strong></span> <span class='ocrx_word' id='word_1_557' title='bbox 606 3514 672 3584; x_wconf 80' lang='lat' dir='ltr'><strong>(ssd</strong></span> <span class='ocrx_word' id='word_1_558' title='bbox 692 3523 756 3584; x_wconf 89' lang='lat' dir='ltr'><strong>post</strong></span> <span class='ocrx_word' id='word_1_559' title='bbox 774 3515 911 3586; x_wconf 87' lang='lat' dir='ltr'><strong>judicium</strong></span> <span class='ocrx_word' id='word_1_560' title='bbox 931 3517 1042 3585; x_wconf 90' lang='lat' dir='ltr'><strong>ipsimet</strong></span> <span class='ocrx_word' id='word_1_561' title='bbox 1071 3515 1105 3569; x_wconf 84' lang='lat' dir='ltr'><strong>Si</strong></span> <span class='ocrx_word' id='word_1_562' title='bbox 1131 3517 1204 3567; x_wconf 87' lang='lat' dir='ltr'><strong>euim</strong></span> <span class='ocrx_word' id='word_1_563' title='bbox 1227 3515 1323 3568; x_wconf 74' lang='lat' dir='ltr'><strong>nullius</strong></span> <span class='ocrx_word' id='word_1_564' title='bbox 1349 3516 1378 3566; x_wconf 90' lang='lat' dir='ltr'><strong>in</strong></span> <span class='ocrx_word' id='word_1_565' title='bbox 1396 3516 1546 3583; x_wconf 83' lang='lat' dir='ltr'><strong>suppliciis</strong></span> <span class='ocrx_word' id='word_1_566' title='bbox 1564 3517 1636 3570; x_wconf 90' lang='lat' dir='ltr'><strong>ordo</strong></span> <span class='ocrx_word' id='word_1_567' title='bbox 1655 3517 1827 3584; x_wconf 83' lang='lat' dir='ltr'><strong>seruabitur,</strong></span> <span class='ocrx_word' id='word_1_568' title='bbox 1851 3533 1906 3570; x_wconf 86' lang='lat' dir='ltr'><strong>cur</strong></span> 
     </span>
     <span class='ocr_line' id='line_1_40' title="bbox 149 3598 1905 3673; baseline 0.004 -23"><span class='ocrx_word' id='word_1_569' title='bbox 149 3646 150 3650; x_wconf 72' lang='grc'>,</span> <span class='ocrx_word' id='word_1_570' title='bbox 207 3600 236 3654; x_wconf 92' lang='lat' dir='ltr'><strong>in</strong></span> <span class='ocrx_word' id='word_1_571' title='bbox 262 3598 365 3670; x_wconf 83' lang='lat' dir='ltr'><strong>abysso</strong></span> <span class='ocrx_word' id='word_1_572' title='bbox 395 3600 613 3671; x_wconf 87' lang='lat' dir='ltr'><strong>torquebuntur,</strong></span> <span class='ocrx_word' id='word_1_573' title='bbox 642 3611 724 3656; x_wconf 88' lang='lat' dir='ltr'><strong>erunt</strong></span> <span class='ocrx_word' id='word_1_574' title='bbox 752 3618 817 3673; x_wconf 83' lang='lat' dir='ltr'><strong>ergo</strong></span> <span class='ocrx_word' id='word_1_575' title='bbox 844 3609 1041 3657; x_wconf 88' lang='lat' dir='ltr'><strong>tormentorum</strong></span> <span class='ocrx_word' id='word_1_576' title='bbox 1069 3603 1255 3666; x_wconf 72' lang='lat' dir='ltr'><strong>construendo</strong></span> <span class='ocrx_word' id='word_1_577' title='bbox 1267 3603 1375 3655; x_wconf 79' lang='lat' dir='ltr'><strong>n&#39;eania</strong></span> <span class='ocrx_word' id='word_1_578' title='bbox 1391 3601 1422 3654; x_wconf 87' lang='lat' dir='ltr'><strong>iu</strong></span> <span class='ocrx_word' id='word_1_579' title='bbox 1429 3603 1584 3665; x_wconf 84' lang='lat' dir='ltr'><strong>fasciculos</strong></span> <span class='ocrx_word' id='word_1_580' title='bbox 1597 3602 1724 3669; x_wconf 77' lang='lat' dir='ltr'><strong>liquatur</strong></span> <span class='ocrx_word' id='word_1_581' title='bbox 1737 3602 1810 3658; x_wconf 76' lang='lat' dir='ltr'><strong>etc?</strong></span> <span class='ocrx_word' id='word_1_582' title='bbox 1831 3603 1905 3666; x_wconf 85' lang='lat' dir='ltr'><strong>Quo·</strong></span> 
     </span>
     <span class='ocr_line' id='line_1_41' title="bbox 207 3685 1907 3761; baseline 0.002 -21"><span class='ocrx_word' id='word_1_583' title='bbox 207 3695 347 3741; x_wconf 87' lang='lat' dir='ltr'><strong>consortes</strong></span> <span class='ocrx_word' id='word_1_584' title='bbox 365 3703 398 3739; x_wconf 87' lang='lat' dir='ltr'><strong>ac</strong></span> <span class='ocrx_word' id='word_1_585' title='bbox 416 3685 492 3752; x_wconf 91' lang='lat' dir='ltr'><strong>socii,</strong></span> <span class='ocrx_word' id='word_1_586' title='bbox 511 3703 567 3739; x_wconf 92' lang='lat' dir='ltr'><strong>non</strong></span> <span class='ocrx_word' id='word_1_587' title='bbox 585 3692 710 3740; x_wconf 87' lang='lat' dir='ltr'><strong>auctores</strong></span> <span class='ocrx_word' id='word_1_588' title='bbox 729 3703 762 3741; x_wconf 88' lang='lat' dir='ltr'><strong>ac</strong></span> <span class='ocrx_word' id='word_1_589' title='bbox 780 3688 919 3753; x_wconf 84' lang='lat' dir='ltr'><strong>ministri.)</strong></span> <span class='ocrx_word' id='word_1_590' title='bbox 941 3694 966 3747; x_wconf 76' lang='grc'><strong>11</strong></span> <span class='ocrx_word' id='word_1_591' title='bbox 986 3689 1041 3742; x_wconf 84' lang='lat' dir='ltr'><strong>Ae·</strong></span> <span class='ocrx_word' id='word_1_592' title='bbox 1069 3691 1151 3743; x_wconf 88' lang='lat' dir='ltr'><strong>modo</strong></span> <span class='ocrx_word' id='word_1_593' title='bbox 1170 3706 1236 3757; x_wconf 85' lang='lat' dir='ltr'><strong>erqo</strong></span> <span class='ocrx_word' id='word_1_594' title='bbox 1253 3688 1349 3740; x_wconf 87' lang='lat' dir='ltr'><strong>nullus</strong></span> <span class='ocrx_word' id='word_1_595' title='bbox 1367 3689 1455 3742; x_wconf 80' lang='lat' dir='ltr'><strong>inesse</strong></span> <span class='ocrx_word' id='word_1_596' title='bbox 1473 3691 1544 3742; x_wconf 91' lang='lat' dir='ltr'><strong>ardo</strong></span> <span class='ocrx_word' id='word_1_597' title='bbox 1562 3690 1711 3761; x_wconf 79' lang='lat' dir='ltr'><strong>suppliciis</strong></span> <span class='ocrx_word' id='word_1_598' title='bbox 1730 3690 1849 3758; x_wconf 84' lang='lat' dir='ltr'><strong>elicitur,</strong></span> <span class='ocrx_word' id='word_1_599' title='bbox 1873 3692 1907 3743; x_wconf 90' lang='lat' dir='ltr'><strong>in</strong></span> 
     </span>
     <span class='ocr_line' id='line_1_42' title="bbox 209 3771 1907 3846; baseline 0.002 -20"><span class='ocrx_word' id='word_1_600' title='bbox 209 3789 294 3843; x_wconf 92' lang='lat' dir='ltr'><strong>quum</strong></span> <span class='ocrx_word' id='word_1_601' title='bbox 312 3777 362 3837; x_wconf 86' lang='lat' dir='ltr'><strong>est,</strong></span> <span class='ocrx_word' id='word_1_602' title='bbox 383 3780 414 3826; x_wconf 87' lang='lat' dir='ltr'><strong>ut</strong></span> <span class='ocrx_word' id='word_1_603' title='bbox 432 3771 555 3826; x_wconf 89' lang='lat' dir='ltr'><strong>homines</strong></span> <span class='ocrx_word' id='word_1_604' title='bbox 574 3771 610 3826; x_wconf 90' lang='lat' dir='ltr'><strong>ab</strong></span> <span class='ocrx_word' id='word_1_605' title='bbox 630 3772 664 3826; x_wconf 91' lang='lat' dir='ltr'><strong>iis</strong></span> <span class='ocrx_word' id='word_1_606' title='bbox 682 3780 871 3844; x_wconf 83' lang='lat' dir='ltr'><strong>torqueantur,</strong></span> <span class='ocrx_word' id='word_1_607' title='bbox 891 3774 993 3846; x_wconf 90' lang='lat' dir='ltr'><strong>quibus</strong></span> <span class='ocrx_word' id='word_1_608' title='bbox 1011 3791 1041 3829; x_wconf 91' lang='lat' dir='ltr'><strong>se</strong></span> <span class='ocrx_word' id='word_1_609' title='bbox 1069 3775 1167 3844; x_wconf 86' lang='lat' dir='ltr'><strong>quibus</strong></span> <span class='ocrx_word' id='word_1_610' title='bbox 1188 3775 1322 3842; x_wconf 81' lang='lat' dir='ltr'><strong>profecto</strong></span> <span class='ocrx_word' id='word_1_611' title='bbox 1346 3775 1461 3844; x_wconf 81' lang='lat' dir='ltr'><strong>quisque</strong></span> <span class='ocrx_word' id='word_1_612' title='bbox 1480 3775 1563 3843; x_wconf 72' lang='lat' dir='ltr'><strong>junna</strong></span> <span class='ocrx_word' id='word_1_613' title='bbox 1584 3779 1696 3831; x_wconf 88' lang='lat' dir='ltr'><strong>modum</strong></span> <span class='ocrx_word' id='word_1_614' title='bbox 1716 3776 1818 3844; x_wconf 88' lang='lat' dir='ltr'><strong>culpae</strong></span> <span class='ocrx_word' id='word_1_615' title='bbox 1841 3794 1907 3830; x_wconf 75' lang='lat' dir='ltr'><strong>cru·</strong></span> 
     </span>
     <span class='ocr_line' id='line_1_43' title="bbox 209 3859 1905 3932; baseline 0.001 -19"><span class='ocrx_word' id='word_1_616' title='bbox 209 3875 258 3930; x_wconf 87' lang='lat' dir='ltr'><strong>per</strong></span> <span class='ocrx_word' id='word_1_617' title='bbox 278 3860 390 3928; x_wconf 87' lang='lat' dir='ltr'><strong>culpam</strong></span> <span class='ocrx_word' id='word_1_618' title='bbox 416 3859 602 3928; x_wconf 76' lang='lat' dir='ltr'><strong>subJecerunt.</strong></span> <span class='ocrx_word' id='word_1_619' title='bbox 650 3860 862 3930; x_wconf 85' lang='lat' dir='ltr'><strong>Chrysostomus</strong></span> <span class='ocrx_word' id='word_1_620' title='bbox 886 3861 980 3916; x_wconf 89' lang='lat' dir='ltr'><strong>homil</strong></span> <span class='ocrx_word' id='word_1_621' title='bbox 1003 3868 1042 3917; x_wconf 86' lang='grc'><strong>19.</strong></span> <span class='ocrx_word' id='word_1_622' title='bbox 1068 3862 1180 3914; x_wconf 71' lang='lat' dir='ltr'><strong>cietur!</strong></span> <span class='ocrx_word' id='word_1_623' title='bbox 1220 3859 1322 3913; x_wconf 81' lang='lat' dir='ltr'><strong>Postea</strong></span> <span class='ocrx_word' id='word_1_624' title='bbox 1352 3860 1500 3932; x_wconf 86' lang='lat' dir='ltr'><strong>subjungit</strong></span> <span class='ocrx_word' id='word_1_625' title='bbox 1528 3863 1746 3931; x_wconf 74' lang='lat' dir='ltr'><strong>responsionem</strong></span> <span class='ocrx_word' id='word_1_626' title='bbox 1781 3862 1905 3916; x_wconf 72' lang='grc'><strong>81111111</strong></span> 
     </span>
     <span class='ocr_line' id='line_1_44' title="bbox 208 3943 1905 4018; baseline 0.002 -20"><span class='ocrx_word' id='word_1_627' title='bbox 208 3945 237 3998; x_wconf 91' lang='lat' dir='ltr'><strong>iu</strong></span> <span class='ocrx_word' id='word_1_628' title='bbox 255 3949 279 4001; x_wconf 84' lang='lat'><strong>2.</strong></span> <span class='ocrx_word' id='word_1_629' title='bbox 298 3943 438 3999; x_wconf 59' lang='lat' dir='ltr'><strong>Canatha</strong></span> <span class='ocrx_word' id='word_1_630' title='bbox 460 3944 514 4005; x_wconf 89' lang='lat' dir='ltr'><strong>Qui</strong></span> <span class='ocrx_word' id='word_1_631' title='bbox 531 3955 666 4013; x_wconf 85' lang='lat' dir='ltr'><strong>praesunt</strong></span> <span class='ocrx_word' id='word_1_632' title='bbox 683 3948 762 3999; x_wconf 88' lang='lat' dir='ltr'><strong>nobis</strong></span> <span class='ocrx_word' id='word_1_633' title='bbox 780 3947 819 4012; x_wconf 81' lang='lat' dir='ltr'><strong>(in</strong></span> <span class='ocrx_word' id='word_1_634' title='bbox 839 3947 968 4013; x_wconf 67' lang='lat' dir='ltr'><strong>inferum,</strong></span> <span class='ocrx_word' id='word_1_635' title='bbox 987 3966 1042 4000; x_wconf 89' lang='lat' dir='ltr'><strong>uon</strong></span> <span class='ocrx_word' id='word_1_636' title='bbox 1068 3950 1269 4018; x_wconf 85' lang='lat' dir='ltr'><strong>oirpostquam</strong></span> <span class='ocrx_word' id='word_1_637' title='bbox 1286 3948 1411 3999; x_wconf 79' lang='grc'><strong>11111111</strong></span> <span class='ocrx_word' id='word_1_638' title='bbox 1429 3950 1528 4001; x_wconf 88' lang='lat' dir='ltr'><strong>mortis</strong></span> <span class='ocrx_word' id='word_1_639' title='bbox 1540 3950 1645 4016; x_wconf 85' lang='lat' dir='ltr'><strong>intulit,</strong></span> <span class='ocrx_word' id='word_1_640' title='bbox 1664 3957 1770 4017; x_wconf 89' lang='lat' dir='ltr'><strong>quanta</strong></span> <span class='ocrx_word' id='word_1_641' title='bbox 1782 3950 1820 4002; x_wconf 85' lang='lat' dir='ltr'><strong>sit</strong></span> <span class='ocrx_word' id='word_1_642' title='bbox 1837 3967 1905 4001; x_wconf 89' lang='lat' dir='ltr'><strong>con·</strong></span> 
     </span>
     <span class='ocr_line' id='line_1_45' title="bbox 208 4030 1906 4105; baseline 0.002 -21"><span class='ocrx_word' id='word_1_643' title='bbox 208 4039 272 4084; x_wconf 83' lang='lat' dir='ltr'><strong>sunt</strong></span> <span class='ocrx_word' id='word_1_644' title='bbox 296 4030 423 4098; x_wconf 85' lang='lat' dir='ltr'><strong>ejusdem</strong></span> <span class='ocrx_word' id='word_1_645' title='bbox 447 4032 611 4099; x_wconf 82' lang='lat' dir='ltr'><strong>diqnitatis,</strong></span> <span class='ocrx_word' id='word_1_646' title='bbox 638 4049 707 4100; x_wconf 90' lang='lat' dir='ltr'><strong>quos</strong></span> <span class='ocrx_word' id='word_1_647' title='bbox 734 4051 857 4102; x_wconf 89' lang='lat' dir='ltr'><strong>unquam</strong></span> <span class='ocrx_word' id='word_1_648' title='bbox 885 4035 1042 4088; x_wconf 84' lang='lat' dir='ltr'><strong>demulcere</strong></span> <span class='ocrx_word' id='word_1_649' title='bbox 1067 4035 1145 4096; x_wconf 74' lang='lat' dir='ltr'><strong>fusio</strong></span> <span class='ocrx_word' id='word_1_650' title='bbox 1167 4035 1197 4085; x_wconf 88' lang='lat' dir='ltr'><strong>in</strong></span> <span class='ocrx_word' id='word_1_651' title='bbox 1222 4033 1419 4086; x_wconf 88' lang='lat' dir='ltr'><strong>damnatorum</strong></span> <span class='ocrx_word' id='word_1_652' title='bbox 1444 4042 1546 4101; x_wconf 86' lang='lat' dir='ltr'><strong>mente,</strong></span> <span class='ocrx_word' id='word_1_653' title='bbox 1571 4035 1726 4102; x_wconf 79' lang='lat' dir='ltr'><strong>subjunpit,</strong></span> <span class='ocrx_word' id='word_1_654' title='bbox 1748 4035 1815 4105; x_wconf 88' lang='lat' dir='ltr'><strong>quia</strong></span> <span class='ocrx_word' id='word_1_655' title='bbox 1836 4035 1906 4104; x_wconf 78' lang='lat' dir='ltr'><strong>ipsa</strong></span> 
     </span>
     <span class='ocr_line' id='line_1_46' title="bbox 205 4117 1905 4188; baseline 0.003 -19"><span class='ocrx_word' id='word_1_656' title='bbox 205 4117 376 4184; x_wconf 89' lang='lat' dir='ltr'><strong>poterimus,</strong></span> <span class='ocrx_word' id='word_1_657' title='bbox 393 4117 445 4168; x_wconf 90' lang='lat' dir='ltr'><strong>sed</strong></span> <span class='ocrx_word' id='word_1_658' title='bbox 471 4117 575 4186; x_wconf 82' lang='lat' dir='ltr'><strong>anqeli,</strong></span> <span class='ocrx_word' id='word_1_659' title='bbox 597 4119 626 4170; x_wconf 87' lang='lat' dir='ltr'><strong>in</strong></span> <span class='ocrx_word' id='word_1_660' title='bbox 639 4122 1041 4187; x_wconf 74' lang='grc'><strong>911111191111191111111111,</strong></span> <span class='ocrx_word' id='word_1_661' title='bbox 1069 4135 1175 4187; x_wconf 88' lang='lat' dir='ltr'><strong>quoque</strong></span> <span class='ocrx_word' id='word_1_662' title='bbox 1195 4119 1351 4186; x_wconf 82' lang='lat' dir='ltr'><strong>supplicia,</strong></span> <span class='ocrx_word' id='word_1_663' title='bbox 1378 4135 1448 4187; x_wconf 87' lang='lat' dir='ltr'><strong>quae</strong></span> <span class='ocrx_word' id='word_1_664' title='bbox 1471 4121 1606 4173; x_wconf 86' lang='lat' dir='ltr'><strong>ordinatu</strong></span> <span class='ocrx_word' id='word_1_665' title='bbox 1623 4136 1677 4188; x_wconf 88' lang='lat' dir='ltr'><strong>per</strong></span> <span class='ocrx_word' id='word_1_666' title='bbox 1689 4121 1833 4188; x_wconf 83' lang='lat' dir='ltr'><strong>justitiam</strong></span> <span class='ocrx_word' id='word_1_667' title='bbox 1859 4138 1905 4175; x_wconf 87' lang='lat' dir='ltr'><strong>oe-</strong></span> 
     </span>
     <span class='ocr_line' id='line_1_47' title="bbox 208 4201 1905 4275; baseline 0.004 -21"><span class='ocrx_word' id='word_1_668' title='bbox 208 4201 292 4255; x_wconf 82' lang='lat' dir='ltr'><strong>nalde</strong></span> <span class='ocrx_word' id='word_1_669' title='bbox 320 4203 470 4269; x_wconf 84' lang='lat' dir='ltr'><strong>iracundi,</strong></span> <span class='ocrx_word' id='word_1_670' title='bbox 494 4213 650 4275; x_wconf 89' lang='lat' dir='ltr'><strong>propterea</strong></span> <span class='ocrx_word' id='word_1_671' title='bbox 675 4205 753 4274; x_wconf 74' lang='lat' dir='ltr'><strong>meod</strong></span> <span class='ocrx_word' id='word_1_672' title='bbox 782 4207 935 4258; x_wconf 87' lang='lat' dir='ltr'><strong>Dominum</strong></span> <span class='ocrx_word' id='word_1_673' title='bbox 963 4213 1042 4259; x_wconf 86' lang='lat' dir='ltr'><strong>tanta</strong></span> <span class='ocrx_word' id='word_1_674' title='bbox 1067 4206 1157 4268; x_wconf 85' lang='lat' dir='ltr'><strong>aiunt,</strong></span> <span class='ocrx_word' id='word_1_675' title='bbox 1181 4205 1317 4258; x_wconf 89' lang='lat' dir='ltr'><strong>ordinata</strong></span> <span class='ocrx_word' id='word_1_676' title='bbox 1337 4204 1440 4273; x_wconf 90' lang='lat' dir='ltr'><strong>procul</strong></span> <span class='ocrx_word' id='word_1_677' title='bbox 1466 4204 1550 4257; x_wconf 85' lang='lat' dir='ltr'><strong>dubio</strong></span> <span class='ocrx_word' id='word_1_678' title='bbox 1573 4205 1602 4259; x_wconf 84' lang='lat' dir='ltr'><strong>in</strong></span> <span class='ocrx_word' id='word_1_679' title='bbox 1621 4207 1705 4258; x_wconf 84' lang='lat' dir='ltr'><strong>corde</strong></span> <span class='ocrx_word' id='word_1_680' title='bbox 1725 4207 1905 4260; x_wconf 86' lang='lat' dir='ltr'><strong>morientium</strong></span> 
     </span>
     <span class='ocr_line' id='line_1_48' title="bbox 209 4289 1907 4359; baseline 0.003 -18"><span class='ocrx_word' id='word_1_681' title='bbox 209 4289 377 4342; x_wconf 86' lang='lat' dir='ltr'><strong>contumelia</strong></span> <span class='ocrx_word' id='word_1_682' title='bbox 400 4290 552 4358; x_wconf 85' lang='lat' dir='ltr'><strong>effecimus.</strong></span> <span class='ocrx_word' id='word_1_683' title='bbox 590 4289 765 4344; x_wconf 88' lang='lat' dir='ltr'><strong>Lombardus</strong></span> <span class='ocrx_word' id='word_1_684' title='bbox 785 4294 809 4345; x_wconf 84' lang='lat'><strong>4.</strong></span> <span class='ocrx_word' id='word_1_685' title='bbox 828 4297 898 4345; x_wconf 89' lang='lat' dir='ltr'><strong>sent.</strong></span> <span class='ocrx_word' id='word_1_686' title='bbox 917 4291 980 4348; x_wconf 85' lang='lat' dir='ltr'><strong>dist.</strong></span> <span class='ocrx_word' id='word_1_687' title='bbox 999 4299 1041 4349; x_wconf 81' lang='grc'><strong>41.</strong></span> <span class='ocrx_word' id='word_1_688' title='bbox 1067 4308 1123 4344; x_wconf 92' lang='lat' dir='ltr'><strong>non</strong></span> <span class='ocrx_word' id='word_1_689' title='bbox 1137 4299 1207 4345; x_wconf 88' lang='lat' dir='ltr'><strong>suut.</strong></span> <span class='ocrx_word' id='word_1_690' title='bbox 1239 4292 1316 4343; x_wconf 86' lang='lat' dir='ltr'><strong>Dum</strong></span> <span class='ocrx_word' id='word_1_691' title='bbox 1329 4291 1402 4342; x_wconf 86' lang='lat' dir='ltr'><strong>enim</strong></span> <span class='ocrx_word' id='word_1_692' title='bbox 1414 4292 1564 4344; x_wconf 73' lang='lat' dir='ltr'><strong>donicatus</strong></span> <span class='ocrx_word' id='word_1_693' title='bbox 1578 4292 1779 4359; x_wconf 76' lang='lat' dir='ltr'><strong>quinquefarie</strong></span> <span class='ocrx_word' id='word_1_694' title='bbox 1788 4293 1907 4355; x_wconf 71' lang='lat' dir='ltr'><strong>flamma</strong></span> 
     </span>
     <span class='ocr_line' id='line_1_49' title="bbox 209 4373 1906 4447; baseline 0.002 -19"><span class='ocrx_word' id='word_1_695' title='bbox 209 4373 247 4428; x_wconf 79' lang='lat' dir='ltr'><strong>lit.</strong></span> <span class='ocrx_word' id='word_1_696' title='bbox 266 4373 311 4430; x_wconf 71' lang='lat' dir='ltr'><strong>R:</strong></span> <span class='ocrx_word' id='word_1_697' title='bbox 337 4374 414 4428; x_wconf 80' lang='lat' dir='ltr'><strong>Solet</strong></span> <span class='ocrx_word' id='word_1_698' title='bbox 437 4377 548 4444; x_wconf 74' lang='lat' dir='ltr'><strong>quaem,</strong></span> <span class='ocrx_word' id='word_1_699' title='bbox 575 4384 667 4429; x_wconf 84' lang='grc'><strong>111111</strong></span> <span class='ocrx_word' id='word_1_700' title='bbox 695 4378 725 4428; x_wconf 93' lang='lat' dir='ltr'><strong>in</strong></span> <span class='ocrx_word' id='word_1_701' title='bbox 751 4377 865 4440; x_wconf 71' lang='lat' dir='ltr'><strong>interne</strong></span> <span class='ocrx_word' id='word_1_702' title='bbox 894 4379 976 4431; x_wconf 68' lang='lat' dir='ltr'><strong>malm</strong></span> <span class='ocrx_word' id='word_1_703' title='bbox 1002 4381 1043 4432; x_wconf 83' lang='lat' dir='ltr'><strong>ad</strong></span> <span class='ocrx_word' id='word_1_704' title='bbox 1067 4378 1253 4441; x_wconf 85' lang='lat' dir='ltr'><strong>succenditur,</strong></span> <span class='ocrx_word' id='word_1_705' title='bbox 1272 4377 1346 4428; x_wconf 84' lang='lat' dir='ltr'><strong>intus</strong></span> <span class='ocrx_word' id='word_1_706' title='bbox 1364 4375 1507 4429; x_wconf 85' lang='lat' dir='ltr'><strong>coecitatis</strong></span> <span class='ocrx_word' id='word_1_707' title='bbox 1526 4378 1589 4444; x_wconf 82' lang='lat' dir='ltr'><strong>ique</strong></span> <span class='ocrx_word' id='word_1_708' title='bbox 1603 4379 1754 4431; x_wconf 83' lang='lat' dir='ltr'><strong>decoratur</strong></span> <span class='ocrx_word' id='word_1_709' title='bbox 1772 4387 1855 4447; x_wconf 86' lang='lat' dir='ltr'><strong>atque</strong></span> <span class='ocrx_word' id='word_1_710' title='bbox 1872 4379 1906 4431; x_wconf 89' lang='lat' dir='ltr'><strong>in</strong></span> 
     </span>
     <span class='ocr_line' id='line_1_50' title="bbox 206 4462 1905 4535; baseline 0.003 -22"><span class='ocrx_word' id='word_1_711' title='bbox 206 4462 379 4531; x_wconf 85' lang='lat' dir='ltr'><strong>puniendum</strong></span> <span class='ocrx_word' id='word_1_712' title='bbox 393 4463 523 4529; x_wconf 85' lang='lat' dir='ltr'><strong>praesint</strong></span> <span class='ocrx_word' id='word_1_713' title='bbox 543 4464 693 4516; x_wconf 85' lang='lat' dir='ltr'><strong>daemones</strong></span> <span class='ocrx_word' id='word_1_714' title='bbox 711 4471 778 4531; x_wconf 88' lang='lat' dir='ltr'><strong>post</strong></span> <span class='ocrx_word' id='word_1_715' title='bbox 791 4464 948 4532; x_wconf 84' lang='lat' dir='ltr'><strong>judicium,</strong></span> <span class='ocrx_word' id='word_1_716' title='bbox 972 4485 1042 4535; x_wconf 89' lang='lat' dir='ltr'><strong>quos</strong></span> <span class='ocrx_word' id='word_1_717' title='bbox 1067 4464 1166 4518; x_wconf 86' lang='lat' dir='ltr'><strong>dolore</strong></span> <span class='ocrx_word' id='word_1_718' title='bbox 1193 4463 1304 4532; x_wconf 84' lang='lat' dir='ltr'><strong>positus</strong></span> <span class='ocrx_word' id='word_1_719' title='bbox 1329 4463 1448 4516; x_wconf 75' lang='lat' dir='ltr'><strong>euterius</strong></span> <span class='ocrx_word' id='word_1_720' title='bbox 1471 4464 1641 4533; x_wconf 84' lang='lat' dir='ltr'><strong>interiusque</strong></span> <span class='ocrx_word' id='word_1_721' title='bbox 1659 4465 1853 4528; x_wconf 85' lang='lat' dir='ltr'><strong>confunditur,</strong></span> <span class='ocrx_word' id='word_1_722' title='bbox 1871 4474 1905 4518; x_wconf 84' lang='lat' dir='ltr'><strong>ut</strong></span> 
     </span>
     <span class='ocr_line' id='line_1_51' title="bbox 210 4547 1905 4620; baseline 0.004 -20"><span class='ocrx_word' id='word_1_723' title='bbox 210 4547 356 4609; x_wconf 73' lang='lat' dir='ltr'><strong>carnifices</strong></span> <span class='ocrx_word' id='word_1_724' title='bbox 374 4555 547 4616; x_wconf 88' lang='lat' dir='ltr'><strong>tortoresque</strong></span> <span class='ocrx_word' id='word_1_725' title='bbox 566 4550 726 4602; x_wconf 89' lang='lat' dir='ltr'><strong>animarum</strong></span> <span class='ocrx_word' id='word_1_726' title='bbox 740 4549 890 4618; x_wconf 78' lang='lat' dir='ltr'><strong>Scriptura</strong></span> <span class='ocrx_word' id='word_1_727' title='bbox 905 4552 1041 4620; x_wconf 87' lang='lat' dir='ltr'><strong>appellat.</strong></span> <span class='ocrx_word' id='word_1_728' title='bbox 1067 4567 1119 4601; x_wconf 88' lang='lat' dir='ltr'><strong>sua</strong></span> <span class='ocrx_word' id='word_1_729' title='bbox 1144 4550 1267 4604; x_wconf 86' lang='lat' dir='ltr'><strong>deterius</strong></span> <span class='ocrx_word' id='word_1_730' title='bbox 1295 4550 1461 4617; x_wconf 85' lang='lat' dir='ltr'><strong>confusione</strong></span> <span class='ocrx_word' id='word_1_731' title='bbox 1487 4551 1633 4602; x_wconf 87' lang='lat' dir='ltr'><strong>crucietur.</strong></span> <span class='ocrx_word' id='word_1_732' title='bbox 1673 4551 1806 4619; x_wconf 82' lang='lat' dir='ltr'><strong>Repulsis</strong></span> <span class='ocrx_word' id='word_1_733' title='bbox 1833 4567 1905 4620; x_wconf 78' lang='lat' dir='ltr'><strong>erpo</strong></span> 
     </span>
     <span class='ocr_line' id='line_1_52' title="bbox 211 4632 1906 4704; baseline 0.004 -18"><span class='ocrx_word' id='word_1_734' title='bbox 211 4632 365 4702; x_wconf 81' lang='lat' dir='ltr'><strong>Apostolus</strong></span> <span class='ocrx_word' id='word_1_735' title='bbox 377 4633 456 4697; x_wconf 85' lang='lat' dir='ltr'><strong>dicit,</strong></span> <span class='ocrx_word' id='word_1_736' title='bbox 472 4636 550 4701; x_wconf 79' lang='lat' dir='ltr'><strong>quod</strong></span> <span class='ocrx_word' id='word_1_737' title='bbox 562 4633 690 4688; x_wconf 68' lang='lat' dir='ltr'><strong>Christus</strong></span> <span class='ocrx_word' id='word_1_738' title='bbox 701 4643 768 4689; x_wconf 92' lang='lat' dir='ltr'><strong>tunc</strong></span> <span class='ocrx_word' id='word_1_739' title='bbox 780 4636 923 4689; x_wconf 86' lang='lat' dir='ltr'><strong>evacuabit</strong></span> <span class='ocrx_word' id='word_1_740' title='bbox 935 4655 1042 4692; x_wconf 89' lang='lat' dir='ltr'><strong>omnem</strong></span> <span class='ocrx_word' id='word_1_741' title='bbox 1068 4637 1139 4688; x_wconf 85' lang='lat' dir='ltr'><strong>ordo</strong></span> <span class='ocrx_word' id='word_1_742' title='bbox 1163 4637 1193 4689; x_wconf 88' lang='lat' dir='ltr'><strong>in</strong></span> <span class='ocrx_word' id='word_1_743' title='bbox 1209 4636 1350 4704; x_wconf 87' lang='lat' dir='ltr'><strong>supplicio</strong></span> <span class='ocrx_word' id='word_1_744' title='bbox 1368 4653 1424 4688; x_wconf 91' lang='lat' dir='ltr'><strong>non</strong></span> <span class='ocrx_word' id='word_1_745' title='bbox 1448 4636 1531 4700; x_wconf 68' lang='grc'><strong>1111,</strong></span> <span class='ocrx_word' id='word_1_746' title='bbox 1545 4636 1613 4704; x_wconf 88' lang='lat' dir='ltr'><strong>quia</strong></span> <span class='ocrx_word' id='word_1_747' title='bbox 1635 4637 1665 4690; x_wconf 89' lang='lat' dir='ltr'><strong>in</strong></span> <span class='ocrx_word' id='word_1_748' title='bbox 1693 4655 1787 4691; x_wconf 77' lang='lat' dir='ltr'><strong>comem</strong></span> <span class='ocrx_word' id='word_1_749' title='bbox 1815 4647 1906 4693; x_wconf 85' lang='lat' dir='ltr'><strong>morte</strong></span> 
     </span>
     <span class='ocr_line' id='line_1_53' title="bbox 208 4720 1905 4791; baseline 0.005 -20"><span class='ocrx_word' id='word_1_750' title='bbox 208 4720 401 4790; x_wconf 87' lang='lat' dir='ltr'><strong>principatum</strong></span> <span class='ocrx_word' id='word_1_751' title='bbox 419 4728 446 4772; x_wconf 91' lang='grc'><strong>11</strong></span> <span class='ocrx_word' id='word_1_752' title='bbox 460 4728 625 4788; x_wconf 88' lang='lat' dir='ltr'><strong>potestatem</strong></span> <span class='ocrx_word' id='word_1_753' title='bbox 641 4729 667 4775; x_wconf 93' lang='grc'><strong>11</strong></span> <span class='ocrx_word' id='word_1_754' title='bbox 684 4723 813 4776; x_wconf 86' lang='lat' dir='ltr'><strong>uirtutem</strong></span> <span class='ocrx_word' id='word_1_755' title='bbox 833 4721 986 4778; x_wconf 87' lang='lat' dir='ltr'><strong>l.Corinth.</strong></span> <span class='ocrx_word' id='word_1_756' title='bbox 1003 4731 1041 4791; x_wconf 84' lang='lat'><strong>15,</strong></span> <span class='ocrx_word' id='word_1_757' title='bbox 1067 4723 1190 4776; x_wconf 91' lang='lat' dir='ltr'><strong>atrocius</strong></span> <span class='ocrx_word' id='word_1_758' title='bbox 1212 4723 1276 4790; x_wconf 85' lang='lat' dir='ltr'><strong>ipsa</strong></span> <span class='ocrx_word' id='word_1_759' title='bbox 1300 4723 1430 4784; x_wconf 65' lang='lat' dir='ltr'><strong>consessio</strong></span> <span class='ocrx_word' id='word_1_760' title='bbox 1447 4723 1545 4775; x_wconf 73' lang='lat' dir='ltr'><strong>mentes</strong></span> <span class='ocrx_word' id='word_1_761' title='bbox 1564 4723 1660 4780; x_wconf 84' lang='lat' dir='ltr'><strong>saeuit.</strong></span> <span class='ocrx_word' id='word_1_762' title='bbox 1702 4723 1792 4785; x_wconf 70' lang='lat' dir='ltr'><strong>Quium</strong></span> <span class='ocrx_word' id='word_1_763' title='bbox 1810 4732 1905 4779; x_wconf 78' lang='grc'><strong>111111</strong></span> 
     </span>
     <span class='ocr_line' id='line_1_54' title="bbox 210 4807 1905 4881; baseline 0.003 -23"><span class='ocrx_word' id='word_1_764' title='bbox 210 4823 236 4860; x_wconf 80' lang='lat' dir='ltr'><strong>v.</strong></span> <span class='ocrx_word' id='word_1_765' title='bbox 263 4810 305 4861; x_wconf 76' lang='lat'><strong>24.</strong></span> <span class='ocrx_word' id='word_1_766' title='bbox 344 4807 421 4859; x_wconf 88' lang='lat' dir='ltr'><strong>Dum</strong></span> <span class='ocrx_word' id='word_1_767' title='bbox 444 4808 516 4860; x_wconf 87' lang='lat' dir='ltr'><strong>enim</strong></span> <span class='ocrx_word' id='word_1_768' title='bbox 536 4811 623 4863; x_wconf 89' lang='lat' dir='ltr'><strong>durat</strong></span> <span class='ocrx_word' id='word_1_769' title='bbox 646 4813 781 4873; x_wconf 88' lang='lat' dir='ltr'><strong>mundus,</strong></span> <span class='ocrx_word' id='word_1_770' title='bbox 806 4810 904 4877; x_wconf 84' lang='lat' dir='ltr'><strong>anqeli</strong></span> <span class='ocrx_word' id='word_1_771' title='bbox 924 4813 1042 4881; x_wconf 86' lang='lat' dir='ltr'><strong>anqelis,</strong></span> <span class='ocrx_word' id='word_1_772' title='bbox 1068 4810 1141 4862; x_wconf 88' lang='lat' dir='ltr'><strong>mira</strong></span> <span class='ocrx_word' id='word_1_773' title='bbox 1154 4810 1282 4876; x_wconf 84' lang='lat' dir='ltr'><strong>potentia</strong></span> <span class='ocrx_word' id='word_1_774' title='bbox 1294 4809 1456 4876; x_wconf 83' lang='lat' dir='ltr'><strong>judicantis</strong></span> <span class='ocrx_word' id='word_1_775' title='bbox 1474 4811 1603 4877; x_wconf 87' lang='lat' dir='ltr'><strong>aequitas</strong></span> <span class='ocrx_word' id='word_1_776' title='bbox 1623 4811 1746 4875; x_wconf 86' lang='lat' dir='ltr'><strong>ordinat,</strong></span> <span class='ocrx_word' id='word_1_777' title='bbox 1764 4818 1795 4863; x_wconf 88' lang='lat' dir='ltr'><strong>ut</strong></span> <span class='ocrx_word' id='word_1_778' title='bbox 1806 4826 1905 4879; x_wconf 85' lang='lat' dir='ltr'><strong>poena</strong></span> 
     </span>
     <span class='ocr_line' id='line_1_55' title="bbox 211 4894 1905 4968; baseline 0.003 -22"><span class='ocrx_word' id='word_1_779' title='bbox 211 4894 359 4946; x_wconf 76' lang='grc'><strong>1111111111</strong></span> <span class='ocrx_word' id='word_1_780' title='bbox 373 4894 564 4961; x_wconf 85' lang='lat' dir='ltr'><strong>daemonibus,</strong></span> <span class='ocrx_word' id='word_1_781' title='bbox 582 4896 707 4949; x_wconf 83' lang='lat' dir='ltr'><strong>bomines</strong></span> <span class='ocrx_word' id='word_1_782' title='bbox 725 4896 882 4950; x_wconf 87' lang='lat' dir='ltr'><strong>bominibus</strong></span> <span class='ocrx_word' id='word_1_783' title='bbox 899 4908 1042 4968; x_wconf 77' lang='lat' dir='ltr'><strong>praesum,</strong></span> <span class='ocrx_word' id='word_1_784' title='bbox 1067 4897 1191 4949; x_wconf 87' lang='lat' dir='ltr'><strong>animam</strong></span> <span class='ocrx_word' id='word_1_785' title='bbox 1203 4896 1285 4963; x_wconf 90' lang='lat' dir='ltr'><strong>quasi</strong></span> <span class='ocrx_word' id='word_1_786' title='bbox 1300 4895 1464 4947; x_wconf 83' lang='lat' dir='ltr'><strong>inordinata</strong></span> <span class='ocrx_word' id='word_1_787' title='bbox 1477 4897 1644 4963; x_wconf 79' lang='lat' dir='ltr'><strong>confundat,</strong></span> <span class='ocrx_word' id='word_1_788' title='bbox 1663 4895 1706 4949; x_wconf 88' lang='lat' dir='ltr'><strong>cel</strong></span> <span class='ocrx_word' id='word_1_789' title='bbox 1720 4904 1794 4950; x_wconf 87' lang='lat' dir='ltr'><strong>certe</strong></span> <span class='ocrx_word' id='word_1_790' title='bbox 1807 4896 1905 4951; x_wconf 84' lang='lat' dir='ltr'><strong>abesse</strong></span> 
     </span>
     <span class='ocr_line' id='line_1_56' title="bbox 211 4979 1904 5052; baseline 0.001 -18"><span class='ocrx_word' id='word_1_791' title='bbox 211 4981 263 5035; x_wconf 83' lang='lat' dir='ltr'><strong>sed</strong></span> <span class='ocrx_word' id='word_1_792' title='bbox 279 4979 405 5033; x_wconf 89' lang='lat' dir='ltr'><strong>omnibus</strong></span> <span class='ocrx_word' id='word_1_793' title='bbox 424 4982 547 5035; x_wconf 86' lang='lat' dir='ltr'><strong>collectis</strong></span> <span class='ocrx_word' id='word_1_794' title='bbox 559 4983 624 5051; x_wconf 84' lang='lat' dir='ltr'><strong>jam</strong></span> <span class='ocrx_word' id='word_1_795' title='bbox 644 4983 732 5036; x_wconf 89' lang='lat' dir='ltr'><strong>omnis</strong></span> <span class='ocrx_word' id='word_1_796' title='bbox 749 4982 895 5050; x_wconf 88' lang='lat' dir='ltr'><strong>praelatio</strong></span> <span class='ocrx_word' id='word_1_797' title='bbox 916 4986 1042 5039; x_wconf 86' lang='lat' dir='ltr'><strong>cessabit.</strong></span> <span class='ocrx_word' id='word_1_798' title='bbox 1068 4983 1139 5036; x_wconf 89' lang='lat' dir='ltr'><strong>ordo</strong></span> <span class='ocrx_word' id='word_1_799' title='bbox 1158 4981 1308 5052; x_wconf 80' lang='lat' dir='ltr'><strong>sreppliciis</strong></span> <span class='ocrx_word' id='word_1_800' title='bbox 1335 4981 1452 5049; x_wconf 85' lang='lat' dir='ltr'><strong>dicitur,</strong></span> <span class='ocrx_word' id='word_1_801' title='bbox 1478 4981 1546 5050; x_wconf 87' lang='lat' dir='ltr'><strong>quia</strong></span> <span class='ocrx_word' id='word_1_802' title='bbox 1572 4982 1739 5051; x_wconf 83' lang='lat' dir='ltr'><strong>quibuslibet</strong></span> <span class='ocrx_word' id='word_1_803' title='bbox 1764 4983 1847 5036; x_wconf 83' lang='lat' dir='ltr'><strong>rebus</strong></span> <span class='ocrx_word' id='word_1_804' title='bbox 1870 4984 1904 5036; x_wconf 92' lang='lat' dir='ltr'><strong>in</strong></span> 
     </span>
     <span class='ocr_line' id='line_1_57' title="bbox 211 5067 1903 5140; baseline 0.002 -20"><span class='ocrx_word' id='word_1_805' title='bbox 211 5067 288 5120; x_wconf 86' lang='lat' dir='ltr'><strong>Hinc</strong></span> <span class='ocrx_word' id='word_1_806' title='bbox 306 5067 422 5134; x_wconf 86' lang='lat' dir='ltr'><strong>quidam</strong></span> <span class='ocrx_word' id='word_1_807' title='bbox 437 5076 558 5137; x_wconf 88' lang='lat' dir='ltr'><strong>putant,</strong></span> <span class='ocrx_word' id='word_1_808' title='bbox 583 5071 732 5121; x_wconf 85' lang='lat' dir='ltr'><strong>daemones</strong></span> <span class='ocrx_word' id='word_1_809' title='bbox 748 5075 812 5136; x_wconf 89' lang='lat' dir='ltr'><strong>post</strong></span> <span class='ocrx_word' id='word_1_810' title='bbox 825 5068 968 5136; x_wconf 76' lang='lat' dir='ltr'><strong>jrrdicium</strong></span> <span class='ocrx_word' id='word_1_811' title='bbox 986 5090 1042 5123; x_wconf 90' lang='lat' dir='ltr'><strong>non</strong></span> <span class='ocrx_word' id='word_1_812' title='bbox 1067 5086 1186 5140; x_wconf 87' lang='lat' dir='ltr'><strong>poenam</strong></span> <span class='ocrx_word' id='word_1_813' title='bbox 1207 5068 1383 5134; x_wconf 81' lang='lat' dir='ltr'><strong>carpentibus</strong></span> <span class='ocrx_word' id='word_1_814' title='bbox 1401 5071 1526 5138; x_wconf 85' lang='lat' dir='ltr'><strong>propria</strong></span> <span class='ocrx_word' id='word_1_815' title='bbox 1549 5071 1673 5138; x_wconf 83' lang='lat' dir='ltr'><strong>qrsalitas</strong></span> <span class='ocrx_word' id='word_1_816' title='bbox 1691 5088 1747 5122; x_wconf 88' lang='lat' dir='ltr'><strong>non</strong></span> <span class='ocrx_word' id='word_1_817' title='bbox 1763 5079 1903 5124; x_wconf 64' lang='grc'><strong>11111111.</strong></span> 
     </span>
     <span class='ocr_line' id='line_1_58' title="bbox 211 5152 1905 5223; baseline 0.003 -18"><span class='ocrx_word' id='word_1_818' title='bbox 211 5152 311 5206; x_wconf 74' lang='lat' dir='ltr'><strong>labem</strong></span> <span class='ocrx_word' id='word_1_819' title='bbox 324 5162 488 5221; x_wconf 84' lang='lat' dir='ltr'><strong>potestatem</strong></span> <span class='ocrx_word' id='word_1_820' title='bbox 499 5154 650 5207; x_wconf 75' lang='grc' dir='ltr'><strong>1111111ἀὶ</strong></span> <span class='ocrx_word' id='word_1_821' title='bbox 665 5153 789 5207; x_wconf 79' lang='lat' dir='ltr'><strong>lominus</strong></span> <span class='ocrx_word' id='word_1_822' title='bbox 801 5155 974 5222; x_wconf 88' lang='lat' dir='ltr'><strong>sicutmodo,</strong></span> <span class='ocrx_word' id='word_1_823' title='bbox 991 5159 1043 5210; x_wconf 92' lang='lat' dir='ltr'><strong>sed</strong></span> <span class='ocrx_word' id='word_1_824' title='bbox 1067 5156 1104 5209; x_wconf 91' lang='lat' dir='ltr'><strong>In</strong></span> <span class='ocrx_word' id='word_1_825' title='bbox 1122 5155 1207 5223; x_wconf 72' lang='lat' dir='ltr'><strong>liujus</strong></span> <span class='ocrx_word' id='word_1_826' title='bbox 1225 5155 1298 5207; x_wconf 86' lang='lat' dir='ltr'><strong>uitae</strong></span> <span class='ocrx_word' id='word_1_827' title='bbox 1316 5157 1459 5208; x_wconf 87' lang='lat' dir='ltr'><strong>tormentis</strong></span> <span class='ocrx_word' id='word_1_828' title='bbox 1471 5157 1556 5210; x_wconf 81' lang='lat' dir='ltr'><strong>timor·</strong></span> <span class='ocrx_word' id='word_1_829' title='bbox 1569 5156 1694 5211; x_wconf 88' lang='lat' dir='ltr'><strong>dolorem</strong></span> <span class='ocrx_word' id='word_1_830' title='bbox 1706 5156 1797 5223; x_wconf 76' lang='grc'><strong>1111111,</strong></span> <span class='ocrx_word' id='word_1_831' title='bbox 1817 5157 1905 5210; x_wconf 86' lang='lat' dir='ltr'><strong>dolor</strong></span> 
     </span>
     <span class='ocr_line' id='line_1_59' title="bbox 211 5240 1904 5312; baseline 0.003 -20"><span class='ocrx_word' id='word_1_832' title='bbox 211 5247 242 5292; x_wconf 87' lang='lat' dir='ltr'><strong>ut</strong></span> <span class='ocrx_word' id='word_1_833' title='bbox 267 5241 418 5294; x_wconf 86' lang='lat' dir='ltr'><strong>daemones</strong></span> <span class='ocrx_word' id='word_1_834' title='bbox 443 5241 543 5294; x_wconf 88' lang='lat' dir='ltr'><strong>uirtute</strong></span> <span class='ocrx_word' id='word_1_835' title='bbox 568 5240 627 5293; x_wconf 91' lang='lat' dir='ltr'><strong>Dei</strong></span> <span class='ocrx_word' id='word_1_836' title='bbox 656 5240 783 5293; x_wconf 89' lang='lat' dir='ltr'><strong>cruciari</strong></span> <span class='ocrx_word' id='word_1_837' title='bbox 808 5242 869 5293; x_wconf 85' lang='lat' dir='ltr'><strong>sine</strong></span> <span class='ocrx_word' id='word_1_838' title='bbox 895 5251 1042 5296; x_wconf 88' lang='lat' dir='ltr'><strong>creaturae</strong></span> <span class='ocrx_word' id='word_1_839' title='bbox 1068 5244 1194 5296; x_wconf 88' lang='lat' dir='ltr'><strong>timorem</strong></span> <span class='ocrx_word' id='word_1_840' title='bbox 1212 5259 1268 5294; x_wconf 89' lang='lat' dir='ltr'><strong>non</strong></span> <span class='ocrx_word' id='word_1_841' title='bbox 1284 5241 1375 5304; x_wconf 84' lang='lat' dir='ltr'><strong>babet,</strong></span> <span class='ocrx_word' id='word_1_842' title='bbox 1400 5244 1467 5310; x_wconf 90' lang='lat' dir='ltr'><strong>quia</strong></span> <span class='ocrx_word' id='word_1_843' title='bbox 1485 5261 1662 5312; x_wconf 86' lang='lat' dir='ltr'><strong>nequaquam</strong></span> <span class='ocrx_word' id='word_1_844' title='bbox 1680 5250 1796 5297; x_wconf 88' lang='lat' dir='ltr'><strong>mentem</strong></span> <span class='ocrx_word' id='word_1_845' title='bbox 1813 5251 1904 5297; x_wconf 82' lang='grc'><strong>1111111</strong></span> 
     </span>
     <span class='ocr_line' id='line_1_60' title="bbox 211 5326 1904 5400; baseline 0.002 -20"><span class='ocrx_word' id='word_1_846' title='bbox 211 5326 366 5380; x_wconf 85' lang='lat' dir='ltr'><strong>ministerio</strong></span> <span class='ocrx_word' id='word_1_847' title='bbox 389 5334 534 5394; x_wconf 83' lang='lat' dir='ltr'><strong>arserunt,</strong></span> <span class='ocrx_word' id='word_1_848' title='bbox 561 5328 603 5380; x_wconf 93' lang='lat' dir='ltr'><strong>sic</strong></span> <span class='ocrx_word' id='word_1_849' title='bbox 628 5328 764 5396; x_wconf 89' lang='lat' dir='ltr'><strong>reprobos</strong></span> <span class='ocrx_word' id='word_1_850' title='bbox 789 5328 913 5381; x_wconf 76' lang='lat' dir='ltr'><strong>beminen</strong></span> <span class='ocrx_word' id='word_1_851' title='bbox 932 5330 973 5382; x_wconf 88' lang='lat' dir='ltr'><strong>ibi</strong></span> <span class='ocrx_word' id='word_1_852' title='bbox 988 5348 1042 5382; x_wconf 89' lang='lat' dir='ltr'><strong>non</strong></span> <span class='ocrx_word' id='word_1_853' title='bbox 1067 5328 1183 5392; x_wconf 89' lang='lat' dir='ltr'><strong>cruciat,</strong></span> <span class='ocrx_word' id='word_1_854' title='bbox 1210 5344 1271 5380; x_wconf 90' lang='lat' dir='ltr'><strong>cum</strong></span> <span class='ocrx_word' id='word_1_855' title='bbox 1286 5330 1350 5397; x_wconf 85' lang='lat' dir='ltr'><strong>pati</strong></span> <span class='ocrx_word' id='word_1_856' title='bbox 1360 5331 1426 5397; x_wconf 81' lang='lat' dir='ltr'><strong>jam</strong></span> <span class='ocrx_word' id='word_1_857' title='bbox 1444 5331 1575 5398; x_wconf 89' lang='lat' dir='ltr'><strong>coeperit,</strong></span> <span class='ocrx_word' id='word_1_858' title='bbox 1597 5332 1675 5400; x_wconf 84' lang='lat' dir='ltr'><strong>quod</strong></span> <span class='ocrx_word' id='word_1_859' title='bbox 1693 5330 1813 5383; x_wconf 90' lang='lat' dir='ltr'><strong>timebat.</strong></span> <span class='ocrx_word' id='word_1_860' title='bbox 1852 5330 1904 5384; x_wconf 89' lang='lat' dir='ltr'><strong>In·</strong></span> 
     </span>
     <span class='ocr_line' id='line_1_61' title="bbox 208 5414 1904 5489; baseline 0.003 -23"><span class='ocrx_word' id='word_1_861' title='bbox 208 5428 263 5482; x_wconf 84' lang='lat' dir='ltr'><strong>per</strong></span> <span class='ocrx_word' id='word_1_862' title='bbox 281 5414 469 5481; x_wconf 82' lang='lat' dir='ltr'><strong>operationem</strong></span> <span class='ocrx_word' id='word_1_863' title='bbox 489 5415 662 5480; x_wconf 85' lang='lat' dir='ltr'><strong>daemonum,</strong></span> <span class='ocrx_word' id='word_1_864' title='bbox 679 5415 732 5466; x_wconf 88' lang='lat' dir='ltr'><strong>sed</strong></span> <span class='ocrx_word' id='word_1_865' title='bbox 746 5414 847 5466; x_wconf 75' lang='lat' dir='ltr'><strong>uirtute</strong></span> <span class='ocrx_word' id='word_1_866' title='bbox 866 5415 964 5467; x_wconf 87' lang='lat' dir='ltr'><strong>diuina</strong></span> <span class='ocrx_word' id='word_1_867' title='bbox 982 5423 1043 5468; x_wconf 90' lang='lat' dir='ltr'><strong>tan·</strong></span> <span class='ocrx_word' id='word_1_868' title='bbox 1062 5416 1177 5483; x_wconf 87' lang='lat' dir='ltr'><strong>sernum</strong></span> <span class='ocrx_word' id='word_1_869' title='bbox 1193 5423 1300 5468; x_wconf 78' lang='grc'><strong>111111</strong></span> <span class='ocrx_word' id='word_1_870' title='bbox 1319 5417 1417 5469; x_wconf 67' lang='lat' dir='ltr'><strong>eandm</strong></span> <span class='ocrx_word' id='word_1_871' title='bbox 1431 5417 1670 5471; x_wconf 84' lang='lat' dir='ltr'><strong>mortisobscurat</strong></span> <span class='ocrx_word' id='word_1_872' title='bbox 1682 5417 1904 5489; x_wconf 79' lang='lat' dir='ltr'><strong>etsempiternus</strong></span> 
     </span>
    </p>
   </div>
   <div class='ocr_carea' id='block_1_3' title="bbox 0 0 2040 6004">
    <p class='ocr_par' dir='ltr' id='par_1_3' title="bbox 0 0 2040 6004">
     <span class='ocr_line' id='line_1_62' title="bbox 0 0 2040 6004; baseline 0 0"><span class='ocrx_word' id='word_1_873' title='bbox 0 0 2040 6004; x_wconf 95' lang='lat' dir='ltr'><strong> </strong></span> 
     </span>
    </p>
   </div>
  </div>
 </body>
</html>
