4050 6014
214 260 274 319 294
871 249 1097 308 racemus
1116 249 1262 307 SEXTUS

213 406 366 477 potentiam
386 412 413 460 et
432 406 549 476 gloriam
568 406 698 474 divinam,
719 421 774 477 quo
793 421 875 459 sensu
889 405 965 458 Deus
983 404 1049 460 dici·
1077 404 1165 458 solum
1189 422 1288 459 nonum
1319 405 1366 458 sed
1401 410 1430 457 et
1462 390 1599 459 decimam
1632 402 1726 457 orbem
1760 419 1820 457 6666
1851 418 1914 457 eon·

213 499 259 547 tur
276 492 402 547 habitare
415 492 443 545 in
458 491 542 556 coslo,
564 493 637 563 qnod
651 492 885 561 subdistinguitur
902 490 930 544 in
943 492 1049 546 coelium
1077 491 1238 554 cedendum,
1254 509 1288 545 ne
1307 492 1352 545 uni
1377 490 1484 560 corpori
1503 490 1571 543 duos
1590 496 1680 544 motus
1698 490 1839 544 naturales
1867 489 1913 542 tri-

211 581 371 649 potentiae,
397 578 526 647 pretias,
548 580 657 647 pieriae
683 588 709 632 et
727 580 805 647 irae,·
840 582 865 633 4.
886 578 1049 645 beatificum,
1077 576 1161 631 buere
1179 594 1318 648 cogamur.
1355 577 1459 633 Verum
1484 578 1520 631 de
1539 576 1580 630 his
1599 576 1710 631 uberius
1729 591 1813 646 agere
1830 575 1914 644 hujus

215 666 244 720 id
274 672 317 719 est
347 664 538 720 habitaculum
568 682 619 719 seu
647 661 703 722 nni
735 663 806 719 illud
834 666 993 735 angelorum
1023 671 1052 718 st
1077 680 1128 717 nec
1149 663 1202 717 loci
1221 671 1270 732 661,
1290 681 1341 719 nec
1361 664 1488 718 instituti.
1508 662 1622 718 Coelum
1637 664 1788 732 spirituale
1807 670 1851 716 est
1869 663 1913 716 vel

214 752 367 816 beatorum,
386 753 415 804 in
434 768 489 821 quo
504 752 556 805 Dei
575 751 835 820 visionefruuntur3
856 759 878 809 5.
897 753 1049 820 mysticam,
1077 752 1196 819 pretias,
1225 751 1298 822 quod
1323 751 1456 806 ecclesias
1476 751 1504 804 in
1522 750 1565 804 his
1589 749 1670 805 terris
1696 749 1840 814 militanti,
1871 750 1914 803 vel

214 839 288 910 quod
313 837 452 909 signifieat
470 843 572 892 statum
599 838 757 905 beatorum,
787 838 815 891 id
842 845 885 893 est
911 838 997 892 vitam
1023 844 1051 893 et
1077 837 1196 903 pieriae,
1217 837 1292 907 quod
1311 837 1355 890 vel
1370 837 1434 891 Deo
1447 837 1580 903 creatori,
1598 836 1643 891 rel
1656 837 1804 902 6666116616,
1825 835 1914 889 beatis

213 924 348 978 laetitiam
363 923 565 993 sempiternam.
589 924 662 979 Vide
676 922 843 979 Meisnerum
856 929 927 994 part.
947 931 968 978 1.
983 924 1050 994 phil.
1077 922 1182 977 seilicet
1198 923 1305 993 angelis
1322 929 1350 976 et
1369 921 1535 986 hominibus,
1555 928 1624 993 puta
1637 922 1768 977 ecclesiae
1787 921 1914 977 incaelis

212 1010 287 1089 sobr.
304 1015 370 1064 sect.
390 1015 415 1064 3.
434 1026 495 1079 cap.
516 1016 540 1065 4.
561 1027 586 1080 q.
611 1015 633 1064 1.
651 1029 678 1080 p.
697 1016 756 1067 ele.
1077 1008 1267 1079 triumphanti,
1287 1007 1425 1077 tribuitur,
1444 1009 1528 1077 idque
1551 1008 1691 1079 signifieat
1710 1009 1853 1063 beatorum
1872 1006 1914 1062 vel

250 1103 272 1152 9.
293 1092 764 1167 Ρ666611166661611166χοτόμ61616
776 1096 913 1167 progredi.
936 1095 1050 1150 Caelum
1077 1096 1171 1150 sedem
1189 1095 1233 1149 vel
1252 1100 1369 1160 statum,
1393 1095 1428 1148 de
1455 1111 1509 1164 quo
1534 1095 1587 1150 hoc
1608 1096 1669 1150 1666
1685 1095 1796 1165 proprie
1814 1095 1915 1165 agitur.

215 1190 258 1239 est
269 1184 313 1238 vel
325 1181 453 1255 φυσικόν,
466 1184 608 1251 naturale,
627 1183 671 1236 vel
680 1179 880 1257 πνευματικόν,
892 1183 1050 1249 spirituale.
1079 1182 1180 1236 Confer
1199 1182 1324 1235 Flauium
1348 1183 1376 1235 in
1395 1182 1466 1235 elavi
1485 1180 1618 1250 Seriptur.
1647 1182 1675 1234 in
1698 1198 1766 1235 voce
1784 1181 1913 1251 Caelum.

110 1273 116 1281 '
215 1271 350 1326 Naturale
371 1276 412 1323 est
434 1270 478 1324 rel
501 1271 668 1333 6666166616
690 1288 745 1341 quo
772 1287 838 1324 aves
857 1269 987 1333 volitant,
1007 1269 1049 1323 vel
1077 1268 1164 1322 ”Alii
1182 1267 1306 1322 brevius:
1327 1267 1433 1321 eoelum
1449 1266 1571 1340 φυσικόν
1584 1268 1720 1336 accipitur
1747 1274 1768 1333 1)
1788 1285 1838 1338 pro
1852 1267 1914 1321 rudi

214 1358 371 1420 6661666616,
400 1357 429 1411 in
448 1373 503 1427 quo
521 1364 585 1412 sunt
606 1357 687 1411 orbes
706 1358 853 1421 coelestes,
881 1357 916 1409 de
935 1373 1050 1426 quorum
1079 1361 1106 1410 et
1125 1355 1265 1426 indigesta
1283 1354 1400 1409 materia
1417 1353 1445 1407 in
1463 1354 1599 1423 principio
1619 1371 1637 1408 a
1655 1355 1714 1408 Deo
1735 1362 1836 1421 creata,
1857 1353 1915 1409 Ge·

216 1459 330 1498 numero
344 1442 534 1512 discrepantes
553 1450 619 1498 sunt
637 1443 798 1498 sententiae.
838 1441 877 1498 Ut
896 1443 969 1496 enim
987 1443 1050 1497 hae·
1078 1458 1134 1495 nes.
1159 1447 1179 1504 1,
1201 1459 1226 1493 v.
1248 1446 1269 1495 1.
1307 1441 1333 1506 2)
1358 1456 1408 1509 pro
1432 1440 1508 1494 coelo
1533 1440 1641 1495 sidereo
1665 1446 1693 1494 et
1721 1438 1915 1511 adspectabili,

216 1529 362 1583 retieorum
382 1529 489 1583 somnia
507 1529 595 1599 gerris
615 1527 716 1583 Siculis
743 1528 868 1582 inaniora
885 1527 1052 1595 omittamus,
1079 1526 1152 1597 quod
1173 1526 1264 1580 omnia
1283 1526 1390 1596 reliqua
1408 1525 1539 1580 inferiora
1557 1543 1607 1579 suo
1625 1525 1742 1580 circuitu
1762 1526 1871 1581 claudit
1888 1533 1916 1580 61

216 1622 285 1685 puta
296 1614 435 1682 Basilidis,
451 1615 499 1685 qui
519 1620 568 1670 366
580 1615 671 1669 666166
689 1614 874 1685 confingebat,
892 1621 934 1667 tot
947 1615 1053 1669 seilicet
1079 1612 1174 1680 ambit,
1192 1611 1290 1666 Genes.
1309 1619 1331 1678 1,
1350 1631 1375 1668 v.
1392 1619 1431 1667 14.
1450 1615 1475 1678 3)
1494 1628 1544 1681 pro
1558 1613 1621 1666 aiire
1638 1618 1727 1666 totum
1746 1612 1816 1666 illud
1830 1612 1913 1666 inter-

217 1707 285 1774 quot
300 1706 365 1754 sunt
387 1699 446 1754 dies
464 1701 493 1754 in
513 1717 593 1766 anno,
611 1706 642 1754 ut
660 1707 797 1755 testantur
809 1699 997 1755 Tertullianus
1018 1701 1053 1756 de
1079 1698 1198 1760 stitium,
1216 1698 1288 1768 qnod
1313 1704 1354 1752 est
1371 1714 1389 1750 a
1402 1704 1477 1750 terra
1489 1698 1525 1751 ad
1543 1697 1689 1767 sphaeram
1709 1714 1797 1768 usque
1823 1697 1915 1765 lunae,

217 1787 377 1858 praescript.
398 1804 425 1856 p.
447 1792 502 1841 113.
538 1786 711 1856 Epiphanius
731 1785 835 1841 haeres.
854 1792 894 1840 24.
926 1785 1051 1841 Theodo-
1079 1789 1235 1851 strepente,
1255 1782 1356 1839 Genea.
1377 1789 1399 1848 1,
1417 1801 1442 1837 v.
1462 1787 1503 1841 28.
1526 1800 1585 1853 cap.
1605 1790 1628 1850 8,
1648 1801 1673 1837 v.
1693 1789 1716 1838 2.
1740 1784 1767 1851 4)
1786 1800 1836 1854 pro
1855 1785 1914 1839 uui·

218 1881 293 1930 retus
312 1873 360 1928 lib.
379 1878 400 1928 1.
419 1872 522 1926 haeret.
539 1872 626 1928 fabul.
641 1890 701 1942 cap.
720 1881 743 1931 5.
759 1872 933 1945 Augustinus
954 1872 1000 1928 lib.
1018 1872 1053 1926 de
1081 1869 1211 1923 versitate
1234 1869 1354 1923 omnium
1378 1887 1523 1941 corporum
1546 1870 1729 1924 materialium
1752 1888 1770 1925 a
1787 1890 1915 1940 supremo

217 1961 290 2016 haer.
310 1977 370 2029 esp.
391 1968 422 2028 43
442 1975 475 2013 ac
491 1958 641 2027 Valentini,
663 1960 711 2028 qui
730 1966 836 2029 septem
854 1958 1053 2013 intellectuales
1080 1956 1147 2010 orbe
1167 1957 1202 2010 ad
1222 1955 1330 2010 infimas
1355 1972 1442 2025 usque
1464 1962 1553 2009 terrae
1578 1962 1671 2028 partes
1690 1958 1748 2012 sive
1771 1963 1830 2013 1616
1854 1958 1916 2014 uni·

216 2047 308 2101 coelos
328 2044 485 2101 exstruebat
511 2049 582 2099 teste
603 2044 718 2098 Irenaeo
742 2044 789 2098 lib.
814 2050 835 2099 1.
859 2045 920 2098 adv.
947 2044 1053 2099 haeres.
1081 2060 1168 2108 verso,
1187 2043 1351 2096 Aristoteles
1365 2042 1413 2096 lib.
1426 2049 1445 2097 1,
1460 2042 1494 2096 de
1512 2044 1590 2097 coelo
1602 2049 1772 2115 oap.9.text.
1786 2050 1827 2099 96.
1848 2043 1915 2100 Coe·

217 2150 279 2202 cap.
299 2137 322 2188 1.
341 2150 368 2201 p.
388 2136 417 2196 93
440 2129 678 2197 Manichaeorum,
706 2130 754 2200 qui
773 2130 866 2184 decem
889 2131 979 2184 coelos
998 2136 1054 2185 sta·
1079 2129 1136 2182 lum
1153 2126 1344 2203 πνευματικόν
1362 2129 1495 2199 accipitur
1524 2131 1547 2194 1)
1565 2133 1764 2205 μετωνυμικιός
1784 2148 1834 2199 pro
1856 2130 1916 2202 ipso

218 2218 336 2273 tuebant
352 2224 404 2272 616.
428 2216 500 2270 inter
519 2216 595 2286 ipsos
618 2217 740 2270 saniores
756 2215 901 2285 theologos
919 2222 948 2269 ct
965 2216 1054 2285 philo-
1080 2216 1141 2270 Deo
1157 2216 1229 2269 Dan.
1255 2222 1278 2280 4,
1296 2233 1322 2270 v.
1347 2221 1387 2270 34.
1416 2215 1483 2270 Luc.
1513 2222 1552 2285 16,
1575 2233 1600 2269 v.
1618 2221 1659 2271 21.
1683 2233 1744 2286 cap.
1772 2223 1814 2279 211,
1839 2235 1866 2272 v.
1892 2225 1916 2274 4.

220 2304 321 2372 sophos
340 2319 443 2373 magna
461 2307 609 2356 occurrunt
628 2301 789 2371 opinionum
810 2300 936 2354 divortia.
967 2301 1053 2372 Chry·
1079 2301 1144 2358 ioh.
1167 2309 1190 2365 3,
1207 2319 1233 2356 v.
1254 2306 1295 2356 21.
1325 2304 1349 2367 2)
1369 2319 1419 2370 pro
1439 2299 1547 2355 infinita
1561 2302 1658 2372 gloria,
1676 2301 1849 2370 celsitudine,
1869 2321 1916 2373 po·

219 2395 355 2443 sostomus
374 2387 467 2442 homil.
493 2394 518 2443 4.
542 2387 572 2441 in
591 2386 692 2440 Genea.
717 2388 768 2443 col.
788 2392 828 2441 21.
855 2404 940 2440 sinum
964 2389 1054 2441 solnm
1079 2389 1167 2442 tentia
1190 2405 1223 2442 ac
1246 2387 1415 2443 sublimitate
1442 2393 1470 2441 et
1493 2386 1676 2442 inaccessibili
1696 2387 1808 2443 divinae
1832 2391 1916 2460 maje-

220 2477 312 2531 orbem
333 2474 479 2528 coelestem
497 2472 606 2528 videtur
623 2490 785 2544 agnoscere,
815 2473 859 2526 eui
880 2473 932 2527 hoc
951 2477 1054 2545 opponi
1080 2475 1159 2529 statis
1179 2475 1239 2529 luce
1258 2475 1320 2529 Esa.
1343 2480 1380 2542 14,
1399 2493 1424 2528 v.
1445 2479 1483 2541 13.
1504 2481 1619 2529 vocatur
1638 2475 1744 2529 eoelum
1764 2477 1916 2546 majestati-

220 2562 298 2628 solet,
324 2561 400 2632 qnod
426 2560 453 2614 in
474 2560 550 2616 coelo
569 2561 661 2630 plures
686 2560 742 2614 sint
759 2568 850 2614 motus
870 2577 952 2630 quam
972 2579 1053 2628 unus,
1081 2577 1151 2630 cum,
1177 2562 1241 2616 Esa.
1261 2567 1303 2630 66,
1327 2580 1352 2615 v.
1373 2569 1395 2619 1.
1428 2561 1493 2617 Luc.
1516 2568 1554 2626 11,
1573 2578 1599 2619 r.
1615 2568 1639 2616 2.
1670 2563 1763 2617 Actor.
1781 2569 1807 2627 1,
1831 2582 1857 2619 v.
1876 2569 1916 2620 48.

216 2652 275 2721 jam
293 2665 357 2703 vero
377 2647 458 2701 unius
476 2646 598 2716 corporis
618 2646 750 2717 simplicis
772 2647 869 2700 unicus
884 2647 1053 2702 solummodo
1081 2663 1141 2717 cap.
1163 2653 1201 2711 11,
1219 2665 1244 2700 v.
1264 2653 1303 2702 24.
1322 2646 1408 2702 Hebr.
1430 2654 1454 2712 9,
1472 2665 1497 2702 r.
1518 2653 1557 2702 24.
1577 2652 1603 2715 3)
1616 2666 1666 2718 pro
1679 2654 1754 2703 statu
1771 2647 1916 2704 beatorum

220 2740 262 2790 est
281 2742 380 2800 motus,
402 2733 568 2787 Aristoteles
592 2731 653 2786 libr.
677 2736 715 2787 12.
733 2734 887 2802 metaphys.
905 2750 966 2803 cap.
986 2739 1008 2788 1.
1026 2740 1055 2789 ct
1080 2731 1239 2788 felicissimo
1266 2750 1314 2787 seu
1343 2734 1400 2787 vita
1429 2739 1542 2788 aeterna
1568 2742 1596 2788 et
1618 2734 1721 2805 gaudio
1748 2736 1916 2806 sempiterno

162 2850 165 2856 Α
221 2820 281 2875 libr.
305 2827 326 2876 1.
348 2820 383 2874 de
400 2820 476 2873 coelo
497 2835 558 2888 cap.
571 2824 594 2872 2.
612 2834 677 2887 ergo
692 2817 720 2871 in
735 2817 812 2871 coelo
830 2819 911 2887 plura
924 2819 1056 2872 distincta
1080 2818 1151 2872 Phil
1162 2824 1185 2884 3,
1205 2836 1229 2873 r.
1248 2825 1288 2878 26.
1307 2822 1333 2885 4)
1349 2838 1399 2889 pro
1409 2818 1569 2873 habitaculo
1582 2818 1737 2882 beatorum,
1758 2821 1787 2873 id
1804 2827 1848 2875 est
1860 2818 1917 2878 nni

220 2922 344 2976 corpora,
368 2903 462 2975 plures
483 2902 590 2958 scilicet
608 2902 693 2957 dandi
712 2910 777 2957 sunt
794 2903 882 2958 orbes.
921 2906 1055 2973 Origenes
1081 2905 1242 2976 angelorum
1263 2915 1290 2960 et
1315 2908 1436 2961 omnium
1460 2906 1603 2963 beatorum
1631 2907 1699 2962 Luc.
1730 2912 1771 2976 16,
1788 2925 1812 2962 v.
1831 2914 1873 2964 26.
1893 2915 1917 2964 2.

219 2992 268 3050 lib.
295 2999 319 3047 6.
346 2998 443 3046 contra
467 2991 578 3046 Celsum
605 2989 625 3045 f.
646 2996 686 3045 75.
707 2995 735 3043 et
760 2996 800 3045 16.
829 2991 969 3045 coeloram
997 2992 1054 3044 sive
1082 2992 1203 3047 Corinth.
1227 2998 1266 3063 12,
1285 3012 1310 3046 v.
1329 3000 1439 3049 2614.
1461 2994 1488 3021 **

220 3079 406 3150 sphaerarum
425 3078 584 3132 coelestium
602 3094 745 3130 nnmerum
773 3077 896 3145 aliquem
916 3080 1053 3146 praefini-
1119 3084 1158 3135 10.
1193 3079 1235 3133 Ex
1262 3080 1305 3133 his
1335 3081 1417 3135 facile
1441 3080 1619 3151 intelligitur,
1649 3079 1716 3151 quid
1740 3079 1775 3133 ds
1799 3079 1917 3135 aliorum

220 3176 278 3221 tum
296 3167 462 3235 scriptiones
485 3181 596 3231 sacras,
624 3163 722 3232 quibas
749 3164 778 3215 in
803 3165 920 3216 ecclesia
942 3166 1054 3231 etimne,
1081 3165 1304 3221 distinctionibus
1317 3167 1345 3220 in
1358 3167 1468 3221 defectu
1485 3166 1531 3220 vel
1549 3182 1663 3220 excessu
1680 3167 1861 3236 peccantibus
1883 3170 1918 3223 sit

221 3255 440 3321 irairdqnaqnam
463 3250 614 3316 ‹iesipnare
642 3249 751 3312 asserit,
780 3250 854 3320 quod
883 3250 1055 3303 verissimum
1082 3251 1265 3307 statuendum.
1286 3252 1486 3324 Pantheologia
1496 3259 1618 3309 veterum
1629 3251 1704 3319 dicit,
1717 3254 1825 3307 coelam
1835 3255 1919 3308 aliud

221 3356 280 3394 esse
300 3337 417 3409 quilibet
435 3334 574 3407 intelligit.
595 3335 636 3389 Er
649 3335 821 3405 philosophis
836 3335 921 3406 igitur
933 3343 1054 3391 stastro·
1082 3354 1141 3392 6666
1160 3339 1321 3405 materiale,
1339 3339 1422 3392 alind
1440 3339 1605 3407 spirituale,
1624 3339 1708 3392 aliod
1723 3341 1918 3412 666616161616,

221 3428 310 3480 nomis
331 3441 460 3479 numerus
478 3423 584 3477 orbium
602 3422 760 3477 coelestium
779 3422 923 3495 petendus.
956 3423 1010 3480 Sed
1028 3431 1056 3478 et
1082 3427 1112 3478 in
1139 3427 1216 3494 quod
1239 3424 1368 3479 Christus
1393 3442 1480 3493 osque
1499 3426 1541 3478 acl
1561 3426 1726 3495 paralitatem
1745 3427 1847 3481 Patris
1864 3433 1918 3484 ad·

221 3513 262 3567 illi
282 3512 428 3581 plurimum
447 3509 565 3565 variant.
585 3508 666 3562 Plato
684 3509 712 3562 in
722 3509 835 3563 Timaeo
848 3516 876 3563 et
884 3509 1056 3580 Epinomida
1081 3512 1230 3566 scanderit.
1250 3510 1371 3566 Thomas
1380 3517 1452 3581 part.
1465 3520 1487 3569 1.
1505 3517 1583 3583 (1.66.
1598 3513 1815 3584 antiquisque
1828 3517 1918 3571 modis

221 3599 386 3655 Aristoteles
401 3596 445 3651 lib.
465 3600 489 3650 2.
505 3595 539 3650 de
558 3596 633 3650 coelo
653 3612 713 3665 eap.
731 3601 771 3652 12.
785 3604 846 3650 6616
859 3598 1057 3651 tantumorbes
1082 3599 1189 3653 eoelum
1213 3598 1341 3668 usurpari
1373 3597 1484 3664 asserit,
1515 3600 1539 3663 1)
1562 3616 1617 3666 pra
1647 3617 1765 3668 corpore
1795 3602 1919 3667 coelesti,

221 3701 370 3754 omnesque
384 3681 507 3736 stellatos
528 3688 686 3750 posuerunt,
706 3681 884 3738 Timochares
898 3701 972 3754 vero,
988 3685 1056 3755 Hip·
1082 3685 1156 3755 quod
1176 3685 1204 3738 in
1220 3686 1375 3751 sideream,
1402 3684 1596 3752 crystallinam
1619 3693 1645 3738 et
1671 3702 1829 3755 empyreum
1854 3705 1917 3759 par·

221 3770 340 3842 parchus
358 3777 387 3823 et
400 3768 576 3821 Ptolemaeus
596 3768 773 3823 observantes
791 3770 818 3823 in
836 3770 963 3825 omnibus
983 3771 1055 3825 orbi·
1081 3772 1162 3836 titur,·
1189 3773 1214 3840 2)
1239 3789 1296 3840 pro
1320 3772 1545 3840 participatione
1573 3773 1760 3843 proprietatis
1792 3775 1919 3846 alicujus

223 3861 274 3912 hus
293 3855 410 3911 stellatis
430 3860 539 3924 praeter
560 3859 663 3906 motum
688 3853 824 3922 diurnum,
850 3873 905 3926 quo
930 3857 1056 3911 feruntur
1083 3859 1225 3923 eoelestis,
1250 3857 1334 3911 veluti
1355 3863 1443 3911 totum
1466 3857 1599 3926 spatium,
1626 3858 1698 3928 quod
1723 3866 1765 3913 est
1782 3861 1818 3914 ab
1836 3863 1918 3932 aquis

222 3943 258 3999 ab
277 3949 339 3997 ortu
357 3957 452 3994 versus
472 3957 614 4003 occasum,
639 3941 752 4009 insuper
767 3941 859 3995 adhue
879 3941 976 4006 aliurn,
1001 3961 1056 4013 quo
1068 3983 1070 4021 Ι
1083 3961 1172 4014 usque
1192 3944 1227 3998 ad
1245 3943 1391 4013 sphaeram
1409 3943 1500 4011 lunae,
1519 3950 1635 3998 vocatur
1650 3944 1765 4008 eoelum,
1783 3948 1859 4016 quod
1869 3949 1918 4003 alii

174 4025 178 4034 “
223 4029 301 4101 quasi
320 4026 431 4098 proprio
454 4026 581 4080 feruntur
599 4025 635 4080 ab
656 4042 755 4080 occasu
779 4028 807 4080 in
826 4035 928 4095 ortum,
953 4048 1056 4083 noriam
1068 4024 1070 4076 ἶ
1082 4030 1226 4083 nominant
1247 4037 1373 4095 aeream·
1392 4035 1416 4093 3)
1437 4045 1487 4099 per
1506 4030 1694 4098 metaphoram
1714 4036 1742 4085 st
1755 4035 1838 4103 juxta
1856 4051 1917 4090 sen-

222 4117 374 4185 sphaeram
391 4130 492 4183 ponere
512 4114 599 4167 coacti
618 4112 746 4180 fuerunt,
771 4114 815 4167 oui
838 4115 965 4184 proprius
985 4077 1070 4169 aneti
1083 4132 1143 4169 sum
1163 4117 1308 4187 mysticum
1327 4136 1383 4185 pro
1402 4117 1677 4186 incomprehensibili
1697 4119 1868 4174 sublimitate
1892 4129 1918 4175 et

223 4207 313 4255 motus
334 4199 457 4257 diurnus.
496 4200 552 4252 Sed
578 4199 686 4253 illorum
713 4199 794 4253 etiam
822 4198 995 4270 diligentiam
1015 4163 1483 4266 66-166666666166111666616666
1506 4204 1677 4271 inclamatis,
1703 4222 1787 4274 quam
1803 4205 1918 4262 affecte-

1068 4272 1070 4285 1

223 4287 366 4357 quentium
381 4292 534 4357 temporum
549 4285 697 4339 astronomi
710 4292 884 4357 superarunt.
902 4287 974 4342 Nam
983 4287 1056 4341 The·
1068 4299 1070 4415 p
1083 4288 1153 4344 verit
1170 4288 1268 4342 lucifer
1286 4291 1349 4343 lisa.
1371 4295 1410 4355 14,
1429 4307 1454 4342 v.
1476 4294 1519 4355 13;
1545 4290 1572 4356 4)
1586 4308 1643 4360 pro
1664 4292 1752 4345 tribus
1768 4294 1918 4359 perscribas

223 4374 264 4428 bit
283 4373 342 4427 Bon
364 4372 467 4426 Corath
487 4371 626 4432 iudaeus.
652 4371 698 4442 qui
722 4372 906 4444 quadraginta
928 4374 1008 4426 annis
1027 4374 1343 4445 inpropernotnraiiom
1366 4376 1504 4429 elisionum
1528 4378 1700 4446 corporalis,
1728 4379 1918 4448 imapinariae

220 4460 331 4515 sublimi
349 4465 441 4514 monte
462 4458 601 4512 habitasse
622 4457 737 4529 dicitur,
761 4467 792 4514 ut
814 4467 917 4514 motum
942 4469 1056 4514 octavae
1068 4458 1070 4517 ἑ
1082 4471 1108 4516 61
1121 4462 1329 4528 intellectualis,
1348 4462 1499 4516 secundum
1514 4480 1596 4532 quam
1609 4463 1677 4518 coeli
1687 4464 1917 4537 significationem

107 4554 206 4596 116616.
221 4547 355 4618 sphaerae
384 4546 507 4602 exactius
539 4544 771 4615 deprehenderet,
799 4547 864 4602 item
896 4525 1256 4623 Alphonsusihugustinus
1286 4555 1395 4617 raptum
1421 4549 1500 4602 Pauli
1526 4548 1555 4601 in
1585 4550 1696 4603 tertium
1722 4551 1842 4622 eoelum,
1869 4572 1919 4624 per

220 4633 349 4689 Castiliae
377 4637 405 4686 et
437 4630 634 4700 Hispaniarum
664 4648 723 4694 rer,
756 4632 803 4702 qui
831 4631 990 4686 convocatis
1023 4629 1157 4704 exiquod
1177 4634 1310 4688 visionem
1322 4633 1539 4688 intellectualem
1552 4635 1692 4707 intelligit,
1711 4636 1918 4710 interpretatur,

220 4718 348 4774 omnibus
366 4717 459 4788 regnis
477 4722 504 4771 et
523 4717 671 4787 provinciis
699 4717 766 4770 viris
786 4719 967 4773 astronomiae
986 4719 1055 4788 peri-
1069 4710 1128 4786 llib.
1149 4725 1187 4777 12.
1207 4719 1240 4774 de
1259 4719 1359 4775 Genea.
1379 4722 1414 4775 ad
1432 4720 1473 4776 lit.
1491 4737 1551 4791 cap.
1574 4727 1620 4786 29;
1648 4725 1675 4791 5)
1691 4741 1747 4793 pro
1759 4726 1918 4793 spirituali·

225 4804 346 4873 tissimis,
370 4803 520 4871 Arabibus,
546 4802 669 4869 iudaeis,
693 4803 806 4869 Mauris,
825 4804 983 4874 Aegyptiis,
1004 4804 1057 4858 Hi·
1069 4795 1071 4852 Ῐ
1084 4807 1243 4874 bes‘bonis,
1269 4807 1297 4860 in
1318 4805 1418 4878 quibus
1436 4807 1530 4862 futura
1548 4809 1731 4864 remuneratio
1749 4817 1917 4867 sanctorum.

224 4891 326 4962 spanis,
349 4890 422 4944 cirea
442 4908 543 4945 annum
563 4890 665 4946 Christi
685 4896 758 4946 1251.
777 4890 888 4944 tabulas
899 4884 1279 4972 coelestiumfflonarentura
1318 4901 1339 4948 2.
1365 4900 1482 4953 sentent,
1506 4894 1567 4947 dist.
1593 4900 1622 4951 2:
1649 4895 1808 4951 Secundum
1829 4902 1917 4969 majo-

224 4985 347 5034 motuum
366 4977 455 5032 Toleti
477 4976 574 5031 confici
600 4977 719 5046 curavit,
745 4982 773 5030 et
799 4994 832 5031 ex
859 4978 1141 5036 recentioribusrem
1160 4979 1392 5048 computationem
1410 4985 1918 5054 66666166666661666661116666·

226 5066 364 5135 Georgius
391 5064 562 5119 Purhachius
589 5064 617 5116 in
640 5062 725 5118 theor.
748 5062 851 5132 planet.
869 5081 933 5133 pag.
955 5068 1012 5119 132.
1030 5065 1151 5118 61161166
1170 5067 1348 5134 accipiendo,
1370 5068 1477 5120 scilicet
1498 5071 1524 5128 1)
1543 5073 1664 5134 ciream,
1683 5072 1760 5137 qnod
1780 5079 1820 5123 cst
1838 5073 1917 5142 rapio

226 5152 273 5208 alii
307 5168 399 5206 eorum
434 5166 566 5220 sequaces
596 5147 835 5218 deprehenderunt
863 5155 919 5202 tres
945 5129 1160 5205 octavasinerts
1177 5152 1316 5222 inferior,-
1344 5156 1373 5218 2)
1392 5155 1565 5223 aetheream,
1588 5157 1666 5223 qnod
1684 5163 1723 5210 est
1743 5159 1822 5227 rapio
1842 5162 1919 5212 airis

225 5238 358 5310 sphaerae
386 5241 485 5290 motus.
520 5234 613 5290 Unum
643 5234 792 5300 (11666666)
819 5234 947 5303 alterum,
977 5238 1231 5307 (111611166661166,Ι
1264 5239 1292 5307 3)
1317 5240 1483 5309 olympiam,
1513 5242 1589 5310 qaod
1619 5249 1657 5294 661
1688 5242 1810 5306 inferior
1840 5247 1919 5312 sepio

227 5326 255 5378 in
273 5321 375 5377 tabulis
402 5323 516 5390 cupiam
535 5330 560 5373 61
585 5320 733 5375 stellarum
752 5322 872 5384 11666616
901 5322 1060 5388 nomisma
1086 5325 1174 5392 ipnis,·
1205 5327 1231 5391 4)
1258 5326 1383 5393 ipnenm,
1410 5329 1487 5395 qnod
1511 5335 1550 5380 661
1575 5328 1705 5397 superior
1723 5329 1801 5395 rapio
1827 5330 1918 5398 ipnis;

226 5409 351 5476 tertium,
376 5424 457 5478 quem
481 5412 582 5462 vocant
605 5415 708 5460 motam
733 5423 859 5461 66666666
884 5417 908 5462 61
936 5426 1060 5463 recessus
1086 5410 1441 5481 5lcoelomplanetarnm;
1460 5415 1719 5481 &firmamentum
1738 5419 2016 5485 aequanimitas.

226 5494 270 5550 set
288 5493 493 5566 trepidationis,
510 5511 542 5549 er
565 5510 620 5564 qua
639 5493 829 5551 observatione
845 5495 986 5568 colligunt,
1004 5514 1059 5551 non
1086 5499 1112 5565 6)
1131 5515 1289 5567 crnppreem
1309 5507 1333 5552 et
1356 5500 1383 5570 9)
1404 5500 1509 5554 coelam
1531 5500 1687 5558 Trinitatis.
1724 5501 1801 5558 luter
1827 5501 1916 5561 Calvi·
