<?xml version="1.0" encoding="UTF-8"?>
<!DOCTYPE html PUBLIC "-//W3C//DTD XHTML 1.0 Transitional//EN"
    "http://www.w3.org/TR/xhtml1/DTD/xhtml1-transitional.dtd">
<html xmlns="http://www.w3.org/1999/xhtml" xml:lang="en" lang="en">
 <head>
  <title>
</title>
<meta http-equiv="Content-Type" content="text/html;charset=utf-8" />
  <meta name='ocr-system' content='tesseract 3.04.00' />
  <meta name='ocr-capabilities' content='ocr_page ocr_carea ocr_par ocr_line ocrx_word'/>
</head>
<body>
  <div class='ocr_page' id='page_1' title='image "./locitheologicic02gerhgoog/locitheologicic02gerhgoog_0298.png"; bbox 0 0 4050 6014; ppageno 0'>
   <div class='ocr_carea' id='block_1_1' title="bbox 651 306 1850 375">
    <p class='ocr_par' dir='ltr' id='par_1_1' title="bbox 651 306 1850 375">
     <span class='ocr_line' id='line_1_1' title="bbox 651 306 1850 375; baseline 0.008 -11"><span class='ocrx_word' id='word_1_1' title='bbox 651 306 703 364; x_wconf 76' lang='lat' dir='ltr'><strong>Du</strong></span> <span class='ocrx_word' id='word_1_2' title='bbox 721 307 890 367; x_wconf 69' lang='lat' dir='ltr'><strong>nemun</strong></span> <span class='ocrx_word' id='word_1_3' title='bbox 909 308 982 367; x_wconf 72' lang='lat' dir='ltr'><strong>SEU</strong></span> <span class='ocrx_word' id='word_1_4' title='bbox 1001 307 1134 366; x_wconf 73' lang='lat' dir='ltr'>MORTE</span> <span class='ocrx_word' id='word_1_5' title='bbox 1150 307 1339 367; x_wconf 66' lang='lat' dir='ltr'><strong>mutuus.</strong></span> <span class='ocrx_word' id='word_1_6' title='bbox 1789 315 1850 375; x_wconf 71' lang='lat'><strong>205</strong></span> 
     </span>
    </p>
   </div>
   <div class='ocr_carea' id='block_1_2' title="bbox 41 461 1980 5533">
    <p class='ocr_par' dir='ltr' id='par_1_2' title="bbox 41 461 1980 5533">
     <span class='ocr_line' id='line_1_2' title="bbox 160 461 1853 536; baseline -0.001 -18"><span class='ocrx_word' id='word_1_7' title='bbox 160 471 323 532; x_wconf 83' lang='lat' dir='ltr'><strong>comparate</strong></span> <span class='ocrx_word' id='word_1_8' title='bbox 343 467 473 533; x_wconf 87' lang='lat' dir='ltr'><strong>respectu</strong></span> <span class='ocrx_word' id='word_1_9' title='bbox 488 461 561 517; x_wconf 89' lang='lat' dir='ltr'><strong>illius</strong></span> <span class='ocrx_word' id='word_1_10' title='bbox 584 462 670 531; x_wconf 80' lang='lat' dir='ltr'><strong>servi,</strong></span> <span class='ocrx_word' id='word_1_11' title='bbox 689 462 738 534; x_wconf 92' lang='lat' dir='ltr'><strong>qui</strong></span> <span class='ocrx_word' id='word_1_12' title='bbox 756 464 869 534; x_wconf 87' lang='lat' dir='ltr'><strong>cognita</strong></span> <span class='ocrx_word' id='word_1_13' title='bbox 887 464 993 519; x_wconf 90' lang='lat' dir='ltr'><strong>domini</strong></span> <span class='ocrx_word' id='word_1_14' title='bbox 1022 464 1121 518; x_wconf 82' lang='lat' dir='ltr'><strong>civitas</strong></span> <span class='ocrx_word' id='word_1_15' title='bbox 1139 465 1170 518; x_wconf 90' lang='lat' dir='ltr'><strong>in</strong></span> <span class='ocrx_word' id='word_1_16' title='bbox 1181 464 1306 535; x_wconf 61' lang='lat' dir='ltr'><strong>perditi</strong></span> <span class='ocrx_word' id='word_1_17' title='bbox 1325 465 1455 520; x_wconf 82' lang='lat' dir='ltr'><strong>moribus.</strong></span> <span class='ocrx_word' id='word_1_18' title='bbox 1487 463 1644 533; x_wconf 77' lang='lat' dir='ltr'><strong>Simplicius</strong></span> <span class='ocrx_word' id='word_1_19' title='bbox 1662 461 1853 536; x_wconf 80' lang='lat' dir='ltr'><strong>resppndetur,</strong></span> 
     </span>
     <span class='ocr_line' id='line_1_3' title="bbox 160 549 1854 622; baseline -0.001 -17"><span class='ocrx_word' id='word_1_20' title='bbox 160 551 306 607; x_wconf 80' lang='lat' dir='ltr'><strong>vuluntate</strong></span> <span class='ocrx_word' id='word_1_21' title='bbox 324 566 379 604; x_wconf 92' lang='lat' dir='ltr'><strong>uon</strong></span> <span class='ocrx_word' id='word_1_22' title='bbox 400 549 578 621; x_wconf 83' lang='lat' dir='ltr'><strong>praepararit</strong></span> <span class='ocrx_word' id='word_1_23' title='bbox 595 567 640 618; x_wconf 90' lang='lat' dir='ltr'><strong>ss,</strong></span> <span class='ocrx_word' id='word_1_24' title='bbox 664 556 697 604; x_wconf 87' lang='lat' dir='ltr'><strong>ut</strong></span> <span class='ocrx_word' id='word_1_25' title='bbox 719 565 781 604; x_wconf 85' lang='lat' dir='ltr'><strong>eam</strong></span> <span class='ocrx_word' id='word_1_26' title='bbox 804 549 921 615; x_wconf 85' lang='lat' dir='ltr'><strong>faceret,</strong></span> <span class='ocrx_word' id='word_1_27' title='bbox 946 553 997 622; x_wconf 79' lang='lat' dir='ltr'><strong>oui</strong></span> <span class='ocrx_word' id='word_1_28' title='bbox 1021 550 1261 605; x_wconf 85' lang='lat' dir='ltr'><strong>comminationem</strong></span> <span class='ocrx_word' id='word_1_29' title='bbox 1275 567 1426 621; x_wconf 88' lang='lat' dir='ltr'><strong>poenarum</strong></span> <span class='ocrx_word' id='word_1_30' title='bbox 1437 550 1466 604; x_wconf 95' lang='lat' dir='ltr'><strong>in</strong></span> <span class='ocrx_word' id='word_1_31' title='bbox 1484 549 1539 604; x_wconf 86' lang='lat' dir='ltr'><strong>bac</strong></span> <span class='ocrx_word' id='word_1_32' title='bbox 1555 549 1614 603; x_wconf 84' lang='lat' dir='ltr'><strong>vita</strong></span> <span class='ocrx_word' id='word_1_33' title='bbox 1628 566 1684 604; x_wconf 90' lang='lat' dir='ltr'><strong>non</strong></span> <span class='ocrx_word' id='word_1_34' title='bbox 1701 566 1763 605; x_wconf 87' lang='lat' dir='ltr'><strong>esse</strong></span> <span class='ocrx_word' id='word_1_35' title='bbox 1774 549 1854 603; x_wconf 85' lang='lat' dir='ltr'><strong>abso·</strong></span> 
     </span>
     <span class='ocr_line' id='line_1_4' title="bbox 160 634 1855 707; baseline -0.001 -16"><span class='ocrx_word' id='word_1_36' title='bbox 160 638 266 705; x_wconf 81' lang='lat' dir='ltr'><strong>multis,</strong></span> <span class='ocrx_word' id='word_1_37' title='bbox 277 637 329 692; x_wconf 85' lang='lat' dir='ltr'><strong>hoe</strong></span> <span class='ocrx_word' id='word_1_38' title='bbox 338 643 381 692; x_wconf 88' lang='lat' dir='ltr'><strong>eet</strong></span> <span class='ocrx_word' id='word_1_39' title='bbox 392 636 525 705; x_wconf 86' lang='lat' dir='ltr'><strong>pluribus,</strong></span> <span class='ocrx_word' id='word_1_40' title='bbox 536 635 689 704; x_wconf 76' lang='lat' dir='ltr'><strong>vapulabit</strong></span> <span class='ocrx_word' id='word_1_41' title='bbox 722 635 877 707; x_wconf 76' lang='lat' dir='ltr'><strong>vapulabit</strong></span> <span class='ocrx_word' id='word_1_42' title='bbox 889 639 995 707; x_wconf 89' lang='lat' dir='ltr'><strong>paucis,</strong></span> <span class='ocrx_word' id='word_1_43' title='bbox 1022 634 1118 705; x_wconf 81' lang='lat' dir='ltr'><strong>lutum,</strong></span> <span class='ocrx_word' id='word_1_44' title='bbox 1131 636 1181 692; x_wconf 88' lang='lat' dir='ltr'><strong>sed</strong></span> <span class='ocrx_word' id='word_1_45' title='bbox 1190 637 1417 704; x_wconf 75' lang='lat' dir='ltr'><strong>conditionalem,</strong></span> <span class='ocrx_word' id='word_1_46' title='bbox 1429 652 1538 706; x_wconf 86' lang='lat' dir='ltr'><strong>semper</strong></span> <span class='ocrx_word' id='word_1_47' title='bbox 1551 634 1625 689; x_wconf 89' lang='lat' dir='ltr'><strong>enim</strong></span> <span class='ocrx_word' id='word_1_48' title='bbox 1636 635 1855 706; x_wconf 75' lang='lat' dir='ltr'><strong>subintelligitur</strong></span> 
     </span>
     <span class='ocr_line' id='line_1_5' title="bbox 162 721 1854 793; baseline -0.001 -16"><span class='ocrx_word' id='word_1_49' title='bbox 162 741 218 778; x_wconf 90' lang='lat' dir='ltr'><strong>nou</strong></span> <span class='ocrx_word' id='word_1_50' title='bbox 235 731 328 778; x_wconf 80' lang='lat' dir='ltr'><strong>tamen</strong></span> <span class='ocrx_word' id='word_1_51' title='bbox 347 721 470 792; x_wconf 85' lang='lat' dir='ltr'><strong>pauxillo</strong></span> <span class='ocrx_word' id='word_1_52' title='bbox 488 728 627 791; x_wconf 84' lang='lat' dir='ltr'><strong>tempore,</strong></span> <span class='ocrx_word' id='word_1_53' title='bbox 651 722 701 776; x_wconf 90' lang='lat' dir='ltr'><strong>sed</strong></span> <span class='ocrx_word' id='word_1_54' title='bbox 724 722 754 776; x_wconf 89' lang='lat' dir='ltr'><strong>iu</strong></span> <span class='ocrx_word' id='word_1_55' title='bbox 773 728 923 780; x_wconf 70' lang='lat' dir='ltr'><strong>semmam.</strong></span> <span class='ocrx_word' id='word_1_56' title='bbox 939 723 996 778; x_wconf 88' lang='lat' dir='ltr'><strong>Ba·</strong></span> <span class='ocrx_word' id='word_1_57' title='bbox 1022 722 1146 775; x_wconf 86' lang='lat' dir='ltr'><strong>conditio</strong></span> <span class='ocrx_word' id='word_1_58' title='bbox 1158 722 1354 793; x_wconf 86' lang='lat' dir='ltr'><strong>poeniteutiae,</strong></span> <span class='ocrx_word' id='word_1_59' title='bbox 1366 722 1416 776; x_wconf 89' lang='lat' dir='ltr'><strong>sed</strong></span> <span class='ocrx_word' id='word_1_60' title='bbox 1428 722 1494 793; x_wconf 88' lang='lat' dir='ltr'><strong>quis</strong></span> <span class='ocrx_word' id='word_1_61' title='bbox 1509 722 1538 776; x_wconf 90' lang='lat' dir='ltr'><strong>iu</strong></span> <span class='ocrx_word' id='word_1_62' title='bbox 1552 721 1645 777; x_wconf 88' lang='lat' dir='ltr'><strong>futuro</strong></span> <span class='ocrx_word' id='word_1_63' title='bbox 1659 722 1752 776; x_wconf 87' lang='lat' dir='ltr'><strong>seculo</strong></span> <span class='ocrx_word' id='word_1_64' title='bbox 1760 721 1854 792; x_wconf 84' lang='lat' dir='ltr'><strong>poeni·</strong></span> 
     </span>
     <span class='ocr_line' id='line_1_6' title="bbox 162 806 1856 879; baseline -0.001 -16"><span class='ocrx_word' id='word_1_65' title='bbox 162 809 241 865; x_wconf 89' lang='lat' dir='ltr'><strong>silius</strong></span> <span class='ocrx_word' id='word_1_66' title='bbox 253 809 281 863; x_wconf 92' lang='lat' dir='ltr'><strong>in</strong></span> <span class='ocrx_word' id='word_1_67' title='bbox 296 808 383 879; x_wconf 88' lang='lat' dir='ltr'><strong>regul.</strong></span> <span class='ocrx_word' id='word_1_68' title='bbox 395 807 567 862; x_wconf 88' lang='lat' dir='ltr'><strong>brevioribus</strong></span> <span class='ocrx_word' id='word_1_69' title='bbox 580 808 711 878; x_wconf 85' lang='lat' dir='ltr'><strong>interrog.</strong></span> <span class='ocrx_word' id='word_1_70' title='bbox 722 813 786 866; x_wconf 74' lang='lat' dir='ltr'><strong>tel:</strong></span> <span class='ocrx_word' id='word_1_71' title='bbox 805 809 888 863; x_wconf 86' lang='lat' dir='ltr'><strong>Illud</strong></span> <span class='ocrx_word' id='word_1_72' title='bbox 892 811 996 879; x_wconf 81' lang='lat' dir='ltr'><strong>pauce’s</strong></span> <span class='ocrx_word' id='word_1_73' title='bbox 1023 807 1126 862; x_wconf 83' lang='lat' dir='ltr'><strong>tentiae</strong></span> <span class='ocrx_word' id='word_1_74' title='bbox 1144 816 1253 879; x_wconf 88' lang='lat' dir='ltr'><strong>tempus</strong></span> <span class='ocrx_word' id='word_1_75' title='bbox 1270 825 1326 863; x_wconf 88' lang='lat' dir='ltr'><strong>nou</strong></span> <span class='ocrx_word' id='word_1_76' title='bbox 1345 809 1464 878; x_wconf 91' lang='lat' dir='ltr'><strong>amplius</strong></span> <span class='ocrx_word' id='word_1_77' title='bbox 1482 808 1542 872; x_wconf 90' lang='lat' dir='ltr'><strong>erit,</strong></span> <span class='ocrx_word' id='word_1_78' title='bbox 1560 807 1623 862; x_wconf 87' lang='lat' dir='ltr'><strong>ideo</strong></span> <span class='ocrx_word' id='word_1_79' title='bbox 1642 807 1701 861; x_wconf 92' lang='lat' dir='ltr'><strong>siue</strong></span> <span class='ocrx_word' id='word_1_80' title='bbox 1719 806 1777 861; x_wconf 88' lang='lat' dir='ltr'><strong>ulla</strong></span> <span class='ocrx_word' id='word_1_81' title='bbox 1792 823 1856 863; x_wconf 89' lang='lat' dir='ltr'><strong>con·</strong></span> 
     </span>
     <span class='ocr_line' id='line_1_7' title="bbox 162 893 1856 966; baseline -0.001 -16"><span class='ocrx_word' id='word_1_82' title='bbox 162 912 217 950; x_wconf 84' lang='lat' dir='ltr'><strong>non</strong></span> <span class='ocrx_word' id='word_1_83' title='bbox 235 896 380 958; x_wconf 79' lang='lat' dir='ltr'><strong>finemsed</strong></span> <span class='ocrx_word' id='word_1_84' title='bbox 389 895 579 948; x_wconf 78' lang='lat' dir='ltr'><strong>dimrsitatsns</strong></span> <span class='ocrx_word' id='word_1_85' title='bbox 593 895 731 964; x_wconf 88' lang='lat' dir='ltr'><strong>supplicii</strong></span> <span class='ocrx_word' id='word_1_86' title='bbox 747 896 885 950; x_wconf 73' lang='lat' dir='ltr'><strong><em>declarat.</em></strong></span> <span class='ocrx_word' id='word_1_87' title='bbox 912 896 995 950; x_wconf 83' lang='lat' dir='ltr'><strong>Usar·</strong></span> <span class='ocrx_word' id='word_1_88' title='bbox 1025 893 1129 948; x_wconf 80' lang='lat' dir='ltr'><strong>ditione</strong></span> <span class='ocrx_word' id='word_1_89' title='bbox 1145 894 1260 950; x_wconf 85' lang='lat' dir='ltr'><strong>dieitur:</strong></span> <span class='ocrx_word' id='word_1_90' title='bbox 1290 894 1375 948; x_wconf 83' lang='lat' dir='ltr'><strong>Ibunt</strong></span> <span class='ocrx_word' id='word_1_91' title='bbox 1395 895 1525 948; x_wconf 87' lang='lat' dir='ltr'><strong>damnati</strong></span> <span class='ocrx_word' id='word_1_92' title='bbox 1540 895 1571 947; x_wconf 90' lang='lat' dir='ltr'><strong>iu</strong></span> <span class='ocrx_word' id='word_1_93' title='bbox 1587 893 1757 966; x_wconf 83' lang='lat' dir='ltr'><strong>supplicium</strong></span> <span class='ocrx_word' id='word_1_94' title='bbox 1767 901 1856 948; x_wconf 88' lang='lat' dir='ltr'><strong>aeter·</strong></span> 
     </span>
     <span class='ocr_line' id='line_1_8' title="bbox 159 979 1856 1052; baseline -0.001 -17"><span class='ocrx_word' id='word_1_95' title='bbox 159 988 260 1051; x_wconf 88' lang='lat' dir='ltr'><strong>patum</strong></span> <span class='ocrx_word' id='word_1_96' title='bbox 282 989 321 1036; x_wconf 88' lang='lat' dir='ltr'><strong>est</strong></span> <span class='ocrx_word' id='word_1_97' title='bbox 339 988 431 1034; x_wconf 78' lang='grc' dir='ltr'><strong><em>ιιιιιιιιι</em></strong></span> <span class='ocrx_word' id='word_1_98' title='bbox 449 980 534 1033; x_wconf 89' lang='lat' dir='ltr'><strong>etium</strong></span> <span class='ocrx_word' id='word_1_99' title='bbox 552 981 604 1034; x_wconf 83' lang='lat' dir='ltr'><strong>boc</strong></span> <span class='ocrx_word' id='word_1_100' title='bbox 624 997 643 1033; x_wconf 91' lang='lat' dir='ltr'><strong>a</strong></span> <span class='ocrx_word' id='word_1_101' title='bbox 661 981 784 1036; x_wconf 89' lang='lat' dir='ltr'><strong>Domino</strong></span> <span class='ocrx_word' id='word_1_102' title='bbox 809 998 842 1034; x_wconf 83' lang='lat' dir='ltr'><strong>eu</strong></span> <span class='ocrx_word' id='word_1_103' title='bbox 859 999 912 1035; x_wconf 88' lang='lat' dir='ltr'><strong>usu</strong></span> <span class='ocrx_word' id='word_1_104' title='bbox 930 1000 996 1052; x_wconf 77' lang='lat' dir='ltr'><strong>quo·</strong></span> <span class='ocrx_word' id='word_1_105' title='bbox 1022 999 1093 1033; x_wconf 68' lang='lat' dir='ltr'><strong>susm.</strong></span> <span class='ocrx_word' id='word_1_106' title='bbox 1122 988 1146 1036; x_wconf 86' lang='lat' dir='ltr'><strong>e.</strong></span> <span class='ocrx_word' id='word_1_107' title='bbox 1159 983 1276 1051; x_wconf 80' lang='lat' dir='ltr'><strong>Eulepa</strong></span> <span class='ocrx_word' id='word_1_108' title='bbox 1289 982 1413 1037; x_wconf 78' lang='lat' dir='ltr'><strong>talionis.</strong></span> <span class='ocrx_word' id='word_1_109' title='bbox 1438 981 1580 1045; x_wconf 80' lang='lat' dir='ltr'><strong>Quomodo</strong></span> <span class='ocrx_word' id='word_1_110' title='bbox 1595 997 1689 1034; x_wconf 90' lang='lat' dir='ltr'><strong>oerum</strong></span> <span class='ocrx_word' id='word_1_111' title='bbox 1709 981 1763 1034; x_wconf 92' lang='lat' dir='ltr'><strong>erit</strong></span> <span class='ocrx_word' id='word_1_112' title='bbox 1779 979 1856 1034; x_wconf 86' lang='lat' dir='ltr'><strong>iiissd</strong></span> 
     </span>
     <span class='ocr_line' id='line_1_9' title="bbox 163 1064 1857 1137; baseline -0.001 -16"><span class='ocrx_word' id='word_1_113' title='bbox 163 1067 659 1136; x_wconf 77' lang='lat' dir='ltr'><strong>tidianaeloquendioonsuetudinis,</strong></span> <span class='ocrx_word' id='word_1_114' title='bbox 668 1069 902 1135; x_wconf 75' lang='lat' dir='ltr'><strong>quemadmodum</strong></span> <span class='ocrx_word' id='word_1_115' title='bbox 912 1069 996 1122; x_wconf 90' lang='lat' dir='ltr'><strong>etiam</strong></span> <span class='ocrx_word' id='word_1_116' title='bbox 1025 1064 1186 1120; x_wconf 73' lang='lat' dir='ltr'><strong>deotoris</strong></span> <span class='ocrx_word' id='word_1_117' title='bbox 1210 1069 1275 1124; x_wconf 88' lang='lat' dir='ltr'><strong>Luc.</strong></span> <span class='ocrx_word' id='word_1_118' title='bbox 1300 1071 1327 1133; x_wconf 82' lang='grc'><strong>6,</strong></span> <span class='ocrx_word' id='word_1_119' title='bbox 1353 1085 1378 1120; x_wconf 90' lang='lat' dir='ltr'><strong>v.</strong></span> <span class='ocrx_word' id='word_1_120' title='bbox 1395 1070 1447 1121; x_wconf 79' lang='lat'><strong>38.-</strong></span> <span class='ocrx_word' id='word_1_121' title='bbox 1471 1068 1506 1121; x_wconf 87' lang='lat' dir='ltr'><strong>Is</strong></span> <span class='ocrx_word' id='word_1_122' title='bbox 1532 1083 1588 1137; x_wconf 77' lang='lat' dir='ltr'><strong>qua</strong></span> <span class='ocrx_word' id='word_1_123' title='bbox 1609 1083 1741 1119; x_wconf 86' lang='lat' dir='ltr'><strong>mensura</strong></span> <span class='ocrx_word' id='word_1_124' title='bbox 1766 1065 1857 1120; x_wconf 88' lang='lat' dir='ltr'><strong>nsensi</strong></span> 
     </span>
     <span class='ocr_line' id='line_1_10' title="bbox 163 1151 1855 1224; baseline -0.001 -16"><span class='ocrx_word' id='word_1_125' title='bbox 163 1153 226 1208; x_wconf 81' lang='lat' dir='ltr'><strong>alia</strong></span> <span class='ocrx_word' id='word_1_126' title='bbox 252 1154 418 1224; x_wconf 68' lang='lat' dir='ltr'><strong>hujusmodi</strong></span> <span class='ocrx_word' id='word_1_127' title='bbox 442 1151 589 1213; x_wconf 85' lang='lat' dir='ltr'><strong>nonnulla,</strong></span> <span class='ocrx_word' id='word_1_128' title='bbox 624 1153 854 1221; x_wconf 79' lang='lat' dir='ltr'><strong>quandoquidem</strong></span> <span class='ocrx_word' id='word_1_129' title='bbox 884 1155 996 1219; x_wconf 87' lang='lat' dir='ltr'><strong>scimus,</strong></span> <span class='ocrx_word' id='word_1_130' title='bbox 1022 1152 1145 1218; x_wconf 76' lang='lat' dir='ltr'><strong>fueritis,</strong></span> <span class='ocrx_word' id='word_1_131' title='bbox 1160 1154 1238 1206; x_wconf 89' lang='lat' dir='ltr'><strong>inea</strong></span> <span class='ocrx_word' id='word_1_132' title='bbox 1252 1154 1432 1208; x_wconf 83' lang='lat' dir='ltr'><strong>remetientur</strong></span> <span class='ocrx_word' id='word_1_133' title='bbox 1443 1153 1528 1217; x_wconf 83' lang='lat' dir='ltr'><strong>vobis,</strong></span> <span class='ocrx_word' id='word_1_134' title='bbox 1545 1154 1573 1206; x_wconf 86' lang='lat' dir='ltr'><strong>si</strong></span> <span class='ocrx_word' id='word_1_135' title='bbox 1590 1152 1743 1220; x_wconf 87' lang='lat' dir='ltr'><strong>temporale</strong></span> <span class='ocrx_word' id='word_1_136' title='bbox 1755 1168 1855 1221; x_wconf 88' lang='lat' dir='ltr'><strong>pecea-</strong></span> 
     </span>
     <span class='ocr_line' id='line_1_11' title="bbox 159 1238 1855 1311; baseline -0.001 -16"><span class='ocrx_word' id='word_1_137' title='bbox 159 1241 327 1311; x_wconf 80' lang='lat' dir='ltr'><strong>pierumque</strong></span> <span class='ocrx_word' id='word_1_138' title='bbox 345 1241 510 1310; x_wconf 77' lang='lat' dir='ltr'><strong>hujusmodi</strong></span> <span class='ocrx_word' id='word_1_139' title='bbox 527 1240 652 1301; x_wconf 73' lang='lat' dir='ltr'><strong>sormam</strong></span> <span class='ocrx_word' id='word_1_140' title='bbox 662 1239 799 1309; x_wconf 72' lang='lat' dir='ltr'><strong>loquendi</strong></span> <span class='ocrx_word' id='word_1_141' title='bbox 810 1245 895 1294; x_wconf 89' lang='lat' dir='ltr'><strong>etiam</strong></span> <span class='ocrx_word' id='word_1_142' title='bbox 912 1241 998 1295; x_wconf 79' lang='lat' dir='ltr'><strong>iniis</strong></span> <span class='ocrx_word' id='word_1_143' title='bbox 1023 1247 1080 1292; x_wconf 85' lang='lat' dir='ltr'><strong>sun</strong></span> <span class='ocrx_word' id='word_1_144' title='bbox 1094 1239 1233 1308; x_wconf 84' lang='lat' dir='ltr'><strong>supplicio</strong></span> <span class='ocrx_word' id='word_1_145' title='bbox 1244 1242 1365 1308; x_wconf 89' lang='lat' dir='ltr'><strong>punitur</strong></span> <span class='ocrx_word' id='word_1_146' title='bbox 1376 1241 1510 1293; x_wconf 71' lang='lat' dir='ltr'><strong>artemo!</strong></span> <span class='ocrx_word' id='word_1_147' title='bbox 1530 1238 1749 1310; x_wconf 82' lang='lat' dir='ltr'><strong>Respondemus,</strong></span> <span class='ocrx_word' id='word_1_148' title='bbox 1766 1245 1855 1293; x_wconf 75' lang='lat' dir='ltr'><strong>ostem</strong></span> 
     </span>
     <span class='ocr_line' id='line_1_12' title="bbox 161 1324 1857 1398; baseline -0.001 -16"><span class='ocrx_word' id='word_1_149' title='bbox 161 1328 276 1382; x_wconf 86' lang='lat' dir='ltr'><strong>solitam</strong></span> <span class='ocrx_word' id='word_1_150' title='bbox 295 1345 354 1383; x_wconf 87' lang='lat' dir='ltr'><strong>esse</strong></span> <span class='ocrx_word' id='word_1_151' title='bbox 372 1326 517 1396; x_wconf 82' lang='lat' dir='ltr'><strong>sssurpari.</strong></span> <span class='ocrx_word' id='word_1_152' title='bbox 537 1324 587 1398; x_wconf 74' lang='lat' dir='ltr'><strong>qui</strong></span> <span class='ocrx_word' id='word_1_153' title='bbox 604 1341 637 1378; x_wconf 84' lang='lat' dir='ltr'><strong>ea</strong></span> <span class='ocrx_word' id='word_1_154' title='bbox 654 1343 710 1379; x_wconf 87' lang='lat' dir='ltr'><strong>uno</strong></span> <span class='ocrx_word' id='word_1_155' title='bbox 728 1325 825 1394; x_wconf 78' lang='lat' dir='ltr'><strong>aliquo</strong></span> <span class='ocrx_word' id='word_1_156' title='bbox 843 1327 940 1381; x_wconf 81' lang='lat' dir='ltr'><strong>morbo</strong></span> <span class='ocrx_word' id='word_1_157' title='bbox 951 1328 997 1380; x_wconf 89' lang='lat' dir='ltr'><strong>la·</strong></span> <span class='ocrx_word' id='word_1_158' title='bbox 1024 1340 1084 1378; x_wconf 91' lang='lat' dir='ltr'><strong>sum</strong></span> <span class='ocrx_word' id='word_1_159' title='bbox 1107 1324 1162 1379; x_wconf 86' lang='lat' dir='ltr'><strong>init</strong></span> <span class='ocrx_word' id='word_1_160' title='bbox 1180 1327 1319 1395; x_wconf 86' lang='lat' dir='ltr'><strong>superius,</strong></span> <span class='ocrx_word' id='word_1_161' title='bbox 1345 1325 1550 1395; x_wconf 86' lang='lat' dir='ltr'><strong>proportionem</strong></span> <span class='ocrx_word' id='word_1_162' title='bbox 1578 1339 1683 1394; x_wconf 86' lang='lat' dir='ltr'><strong>poenae</strong></span> <span class='ocrx_word' id='word_1_163' title='bbox 1706 1331 1736 1378; x_wconf 87' lang='lat' dir='ltr'><strong>st</strong></span> <span class='ocrx_word' id='word_1_164' title='bbox 1758 1324 1857 1394; x_wconf 79' lang='lat' dir='ltr'><strong>culpae</strong></span> 
     </span>
     <span class='ocr_line' id='line_1_13' title="bbox 163 1410 1856 1481; baseline -0.001 -13"><span class='ocrx_word' id='word_1_165' title='bbox 163 1413 271 1480; x_wconf 61' lang='lat' dir='ltr'><strong>Mrant,</strong></span> <span class='ocrx_word' id='word_1_166' title='bbox 295 1415 382 1467; x_wconf 71' lang='lat' dir='ltr'><strong>vetusti</strong></span> <span class='ocrx_word' id='word_1_167' title='bbox 408 1430 470 1467; x_wconf 89' lang='lat' dir='ltr'><strong>cum</strong></span> <span class='ocrx_word' id='word_1_168' title='bbox 494 1412 614 1466; x_wconf 56' lang='lat' dir='ltr'><strong>&amp;cimus</strong></span> <span class='ocrx_word' id='word_1_169' title='bbox 634 1411 665 1465; x_wconf 90' lang='lat' dir='ltr'><strong>in</strong></span> <span class='ocrx_word' id='word_1_170' title='bbox 681 1410 786 1481; x_wconf 66' lang='lat' dir='ltr'><strong>cupio,</strong></span> <span class='ocrx_word' id='word_1_171' title='bbox 812 1410 863 1481; x_wconf 82' lang='lat' dir='ltr'><strong>qui</strong></span> <span class='ocrx_word' id='word_1_172' title='bbox 880 1421 997 1466; x_wconf 89' lang='lat' dir='ltr'><strong>tantum-</strong></span> <span class='ocrx_word' id='word_1_173' title='bbox 1025 1428 1079 1464; x_wconf 91' lang='lat' dir='ltr'><strong>uon</strong></span> <span class='ocrx_word' id='word_1_174' title='bbox 1105 1411 1132 1464; x_wconf 89' lang='lat' dir='ltr'><strong>in</strong></span> <span class='ocrx_word' id='word_1_175' title='bbox 1156 1429 1235 1466; x_wconf 85' lang='lat' dir='ltr'><strong>mora</strong></span> <span class='ocrx_word' id='word_1_176' title='bbox 1260 1411 1392 1481; x_wconf 86' lang='lat' dir='ltr'><strong>temporis</strong></span> <span class='ocrx_word' id='word_1_177' title='bbox 1416 1412 1466 1466; x_wconf 89' lang='lat' dir='ltr'><strong>sed</strong></span> <span class='ocrx_word' id='word_1_178' title='bbox 1488 1410 1517 1465; x_wconf 92' lang='lat' dir='ltr'><strong>iu</strong></span> <span class='ocrx_word' id='word_1_179' title='bbox 1541 1411 1646 1481; x_wconf 87' lang='lat' dir='ltr'><strong>peccati</strong></span> <span class='ocrx_word' id='word_1_180' title='bbox 1672 1411 1807 1481; x_wconf 83' lang='lat' dir='ltr'><strong>qualitate</strong></span> <span class='ocrx_word' id='word_1_181' title='bbox 1822 1426 1856 1466; x_wconf 86' lang='lat' dir='ltr'><strong>se</strong></span> 
     </span>
     <span class='ocr_line' id='line_1_14' title="bbox 163 1496 1855 1569; baseline 0 -16"><span class='ocrx_word' id='word_1_182' title='bbox 163 1501 248 1554; x_wconf 87' lang='lat' dir='ltr'><strong>modo</strong></span> <span class='ocrx_word' id='word_1_183' title='bbox 263 1500 407 1561; x_wconf 70' lang='lat' dir='ltr'><strong>febricitat</strong></span> <span class='ocrx_word' id='word_1_184' title='bbox 425 1507 474 1552; x_wconf 91' lang='lat' dir='ltr'><strong>aut</strong></span> <span class='ocrx_word' id='word_1_185' title='bbox 495 1515 528 1552; x_wconf 80' lang='lat' dir='ltr'><strong>en</strong></span> <span class='ocrx_word' id='word_1_186' title='bbox 546 1497 627 1552; x_wconf 86' lang='lat' dir='ltr'><strong>oculo</strong></span> <span class='ocrx_word' id='word_1_187' title='bbox 648 1497 733 1560; x_wconf 85' lang='lat' dir='ltr'><strong>dolet,</strong></span> <span class='ocrx_word' id='word_1_188' title='bbox 750 1499 934 1567; x_wconf 87' lang='lat' dir='ltr'><strong>admirantes,</strong></span> <span class='ocrx_word' id='word_1_189' title='bbox 953 1500 999 1553; x_wconf 79' lang='lat' dir='ltr'><strong>iic</strong></span> <span class='ocrx_word' id='word_1_190' title='bbox 1026 1497 1199 1567; x_wconf 78' lang='lat' dir='ltr'><strong>turpitudine</strong></span> <span class='ocrx_word' id='word_1_191' title='bbox 1217 1499 1412 1569; x_wconf 82' lang='lat' dir='ltr'><strong>quaerendam.</strong></span> <span class='ocrx_word' id='word_1_192' title='bbox 1431 1498 1606 1569; x_wconf 78' lang='lat' dir='ltr'><strong>Augustinus</strong></span> <span class='ocrx_word' id='word_1_193' title='bbox 1624 1497 1690 1551; x_wconf 89' lang='lat' dir='ltr'><strong>dict.</strong></span> <span class='ocrx_word' id='word_1_194' title='bbox 1710 1496 1773 1552; x_wconf 83' lang='lat' dir='ltr'><strong>libr.</strong></span> <span class='ocrx_word' id='word_1_195' title='bbox 1793 1513 1855 1568; x_wconf 83' lang='lat' dir='ltr'><strong>cap.</strong></span> 
     </span>
     <span class='ocr_line' id='line_1_15' title="bbox 163 1583 1859 1656; baseline 0 -18"><span class='ocrx_word' id='word_1_196' title='bbox 163 1593 231 1656; x_wconf 74' lang='lat' dir='ltr'><strong>quot</strong></span> <span class='ocrx_word' id='word_1_197' title='bbox 248 1585 382 1638; x_wconf 74' lang='lat' dir='ltr'><strong>sustinuit</strong></span> <span class='ocrx_word' id='word_1_198' title='bbox 403 1585 532 1653; x_wconf 82' lang='lat' dir='ltr'><strong>dolores,</strong></span> <span class='ocrx_word' id='word_1_199' title='bbox 556 1591 606 1636; x_wconf 88' lang='lat' dir='ltr'><strong>aut</strong></span> <span class='ocrx_word' id='word_1_200' title='bbox 629 1590 697 1652; x_wconf 81' lang='lat' dir='ltr'><strong>quot</strong></span> <span class='ocrx_word' id='word_1_201' title='bbox 711 1583 832 1652; x_wconf 83' lang='lat' dir='ltr'><strong>pertulit</strong></span> <span class='ocrx_word' id='word_1_202' title='bbox 848 1585 998 1639; x_wconf 84' lang='lat' dir='ltr'><strong>cruciatus.</strong></span> <span class='ocrx_word' id='word_1_203' title='bbox 1028 1590 1072 1639; x_wconf 85' lang='lat' dir='ltr'><strong>lt:</strong></span> <span class='ocrx_word' id='word_1_204' title='bbox 1107 1587 1174 1639; x_wconf 88' lang='lat' dir='ltr'><strong>Non</strong></span> <span class='ocrx_word' id='word_1_205' title='bbox 1194 1592 1313 1654; x_wconf 86' lang='lat' dir='ltr'><strong>propter</strong></span> <span class='ocrx_word' id='word_1_206' title='bbox 1340 1584 1459 1653; x_wconf 63' lang='lat' dir='ltr'><strong>aemule</strong></span> <span class='ocrx_word' id='word_1_207' title='bbox 1483 1585 1616 1654; x_wconf 87' lang='lat' dir='ltr'><strong>temporis</strong></span> <span class='ocrx_word' id='word_1_208' title='bbox 1638 1585 1775 1654; x_wconf 63' lang='lat' dir='ltr'><strong>spatium</strong></span> <span class='ocrx_word' id='word_1_209' title='bbox 1806 1585 1859 1638; x_wconf 87' lang='lat' dir='ltr'><strong>sed</strong></span> 
     </span>
     <span class='ocr_line' id='line_1_16' title="bbox 163 1668 1857 1740; baseline 0.001 -16"><span class='ocrx_word' id='word_1_210' title='bbox 163 1678 188 1729; x_wconf 82' lang='grc' dir='ltr'><strong>ι.</strong></span> <span class='ocrx_word' id='word_1_211' title='bbox 212 1671 260 1724; x_wconf 81' lang='lat' dir='ltr'><strong>Ee</strong></span> <span class='ocrx_word' id='word_1_212' title='bbox 280 1669 468 1738; x_wconf 87' lang='lat' dir='ltr'><strong>amplitudine</strong></span> <span class='ocrx_word' id='word_1_213' title='bbox 492 1668 669 1740; x_wconf 85' lang='lat' dir='ltr'><strong>apostolicae</strong></span> <span class='ocrx_word' id='word_1_214' title='bbox 690 1669 885 1737; x_wconf 71' lang='lat' dir='ltr'><strong>oppositiones.</strong></span> <span class='ocrx_word' id='word_1_215' title='bbox 919 1669 998 1724; x_wconf 86' lang='lat' dir='ltr'><strong>Rom.</strong></span> <span class='ocrx_word' id='word_1_216' title='bbox 1021 1677 1141 1740; x_wconf 89' lang='lat' dir='ltr'><strong>propter</strong></span> <span class='ocrx_word' id='word_1_217' title='bbox 1164 1671 1386 1725; x_wconf 87' lang='lat' dir='ltr'><strong>vicissitudinem</strong></span> <span class='ocrx_word' id='word_1_218' title='bbox 1404 1671 1488 1736; x_wconf 89' lang='lat' dir='ltr'><strong>mali,</strong></span> <span class='ocrx_word' id='word_1_219' title='bbox 1517 1671 1568 1723; x_wconf 87' lang='lat' dir='ltr'><strong>lsoc</strong></span> <span class='ocrx_word' id='word_1_220' title='bbox 1594 1676 1635 1723; x_wconf 91' lang='lat' dir='ltr'><strong>est</strong></span> <span class='ocrx_word' id='word_1_221' title='bbox 1657 1676 1688 1722; x_wconf 89' lang='lat' dir='ltr'><strong>ut</strong></span> <span class='ocrx_word' id='word_1_222' title='bbox 1714 1668 1765 1740; x_wconf 78' lang='lat' dir='ltr'><strong>gui</strong></span> <span class='ocrx_word' id='word_1_223' title='bbox 1778 1669 1857 1725; x_wconf 79' lang='lat' dir='ltr'><strong>nata</strong></span> 
     </span>
     <span class='ocr_line' id='line_1_17' title="bbox 165 1754 1858 1825; baseline 0.001 -17"><span class='ocrx_word' id='word_1_224' title='bbox 165 1761 205 1822; x_wconf 82' lang='lat' dir='ltr'><strong>lt,</strong></span> <span class='ocrx_word' id='word_1_225' title='bbox 225 1772 250 1808; x_wconf 84' lang='grc' dir='ltr'><strong>ι.</strong></span> <span class='ocrx_word' id='word_1_226' title='bbox 263 1759 308 1812; x_wconf 74' lang='lat'><strong>³2:</strong></span> <span class='ocrx_word' id='word_1_227' title='bbox 331 1754 474 1809; x_wconf 83' lang='lat' dir='ltr'><strong>Conclusit</strong></span> <span class='ocrx_word' id='word_1_228' title='bbox 483 1755 564 1808; x_wconf 83' lang='lat' dir='ltr'><strong>Deus</strong></span> <span class='ocrx_word' id='word_1_229' title='bbox 583 1770 678 1806; x_wconf 88' lang='lat' dir='ltr'><strong>omnes</strong></span> <span class='ocrx_word' id='word_1_230' title='bbox 695 1755 746 1807; x_wconf 86' lang='lat' dir='ltr'><strong>sub</strong></span> <span class='ocrx_word' id='word_1_231' title='bbox 763 1754 998 1823; x_wconf 76' lang='lat' dir='ltr'><strong>increduiitatem,</strong></span> <span class='ocrx_word' id='word_1_232' title='bbox 1019 1755 1133 1825; x_wconf 85' lang='lat' dir='ltr'><strong>fecerit,</strong></span> <span class='ocrx_word' id='word_1_233' title='bbox 1156 1756 1234 1810; x_wconf 85' lang='lat' dir='ltr'><strong>mala</strong></span> <span class='ocrx_word' id='word_1_234' title='bbox 1249 1757 1388 1825; x_wconf 87' lang='lat' dir='ltr'><strong>patiatur,</strong></span> <span class='ocrx_word' id='word_1_235' title='bbox 1412 1757 1529 1809; x_wconf 89' lang='lat' dir='ltr'><strong>eandem</strong></span> <span class='ocrx_word' id='word_1_236' title='bbox 1547 1756 1654 1810; x_wconf 84' lang='lat' dir='ltr'><strong>dietam</strong></span> <span class='ocrx_word' id='word_1_237' title='bbox 1671 1755 1764 1821; x_wconf 63' lang='lat' dir='ltr'><strong>fussee</strong></span> <span class='ocrx_word' id='word_1_238' title='bbox 1781 1770 1858 1809; x_wconf 76' lang='lat' dir='ltr'><strong>msa-</strong></span> 
     </span>
     <span class='ocr_line' id='line_1_18' title="bbox 163 1838 1858 1912; baseline -0.001 -15"><span class='ocrx_word' id='word_1_239' title='bbox 163 1851 195 1897; x_wconf 87' lang='lat' dir='ltr'><strong>ut</strong></span> <span class='ocrx_word' id='word_1_240' title='bbox 212 1842 334 1896; x_wconf 89' lang='lat' dir='ltr'><strong>omnium</strong></span> <span class='ocrx_word' id='word_1_241' title='bbox 355 1842 532 1895; x_wconf 88' lang='lat' dir='ltr'><strong>misereatur.</strong></span> <span class='ocrx_word' id='word_1_242' title='bbox 579 1838 740 1908; x_wconf 85' lang='lat' dir='ltr'><strong>Respondet</strong></span> <span class='ocrx_word' id='word_1_243' title='bbox 755 1840 931 1910; x_wconf 80' lang='lat' dir='ltr'><strong>Augustinus</strong></span> <span class='ocrx_word' id='word_1_244' title='bbox 950 1840 998 1895; x_wconf 85' lang='lat' dir='ltr'><strong>lib.</strong></span> <span class='ocrx_word' id='word_1_245' title='bbox 1025 1859 1135 1905; x_wconf 75' lang='lat' dir='ltr'><strong>mmm,</strong></span> <span class='ocrx_word' id='word_1_246' title='bbox 1155 1844 1282 1911; x_wconf 80' lang='lat' dir='ltr'><strong>quamvis</strong></span> <span class='ocrx_word' id='word_1_247' title='bbox 1300 1843 1352 1896; x_wconf 82' lang='lat' dir='ltr'><strong>loc</strong></span> <span class='ocrx_word' id='word_1_248' title='bbox 1370 1843 1400 1896; x_wconf 93' lang='lat' dir='ltr'><strong>in</strong></span> <span class='ocrx_word' id='word_1_249' title='bbox 1420 1859 1453 1895; x_wconf 90' lang='lat' dir='ltr'><strong>ea</strong></span> <span class='ocrx_word' id='word_1_250' title='bbox 1466 1858 1498 1895; x_wconf 89' lang='lat' dir='ltr'><strong>re</strong></span> <span class='ocrx_word' id='word_1_251' title='bbox 1513 1843 1634 1912; x_wconf 85' lang='lat' dir='ltr'><strong>proprie</strong></span> <span class='ocrx_word' id='word_1_252' title='bbox 1647 1841 1740 1911; x_wconf 87' lang='lat' dir='ltr'><strong>possit</strong></span> <span class='ocrx_word' id='word_1_253' title='bbox 1757 1840 1858 1911; x_wconf 84' lang='lat' dir='ltr'><strong>accipi,</strong></span> 
     </span>
     <span class='ocr_line' id='line_1_19' title="bbox 164 1925 1859 1998; baseline -0.002 -12"><span class='ocrx_word' id='word_1_254' title='bbox 164 1934 206 1986; x_wconf 79' lang='lat'><strong>21.</strong></span> <span class='ocrx_word' id='word_1_255' title='bbox 231 1929 267 1983; x_wconf 85' lang='lat' dir='ltr'><strong>du</strong></span> <span class='ocrx_word' id='word_1_256' title='bbox 284 1927 359 1982; x_wconf 82' lang='lat' dir='ltr'><strong>sivit</strong></span> <span class='ocrx_word' id='word_1_257' title='bbox 378 1927 431 1981; x_wconf 88' lang='lat' dir='ltr'><strong>Dei</strong></span> <span class='ocrx_word' id='word_1_258' title='bbox 455 1943 516 1998; x_wconf 85' lang='lat' dir='ltr'><strong>cep.</strong></span> <span class='ocrx_word' id='word_1_259' title='bbox 532 1931 574 1982; x_wconf 81' lang='lat' dir='ltr'><strong>tt.</strong></span> <span class='ocrx_word' id='word_1_260' title='bbox 596 1926 672 1981; x_wconf 85' lang='lat' dir='ltr'><strong>cirea</strong></span> <span class='ocrx_word' id='word_1_261' title='bbox 690 1925 736 1981; x_wconf 81' lang='lat' dir='ltr'><strong>flu</strong></span> <span class='ocrx_word' id='word_1_262' title='bbox 755 1927 832 1981; x_wconf 88' lang='lat' dir='ltr'><strong>iilud</strong></span> <span class='ocrx_word' id='word_1_263' title='bbox 854 1945 911 1982; x_wconf 93' lang='lat' dir='ltr'><strong>non</strong></span> <span class='ocrx_word' id='word_1_264' title='bbox 935 1928 999 1981; x_wconf 86' lang='lat' dir='ltr'><strong>ideo</strong></span> <span class='ocrx_word' id='word_1_265' title='bbox 1027 1928 1063 1980; x_wconf 88' lang='lat' dir='ltr'><strong>de</strong></span> <span class='ocrx_word' id='word_1_266' title='bbox 1086 1945 1143 1998; x_wconf 73' lang='lat' dir='ltr'><strong>pua</strong></span> <span class='ocrx_word' id='word_1_267' title='bbox 1157 1929 1299 1982; x_wconf 80' lang='lat' dir='ltr'><strong>Dominus</strong></span> <span class='ocrx_word' id='word_1_268' title='bbox 1319 1945 1380 1982; x_wconf 89' lang='lat' dir='ltr'><strong>cum</strong></span> <span class='ocrx_word' id='word_1_269' title='bbox 1397 1928 1449 1982; x_wconf 80' lang='lat' dir='ltr'><strong>hoo</strong></span> <span class='ocrx_word' id='word_1_270' title='bbox 1471 1929 1589 1992; x_wconf 84' lang='lat' dir='ltr'><strong>diceret,</strong></span> <span class='ocrx_word' id='word_1_271' title='bbox 1610 1928 1782 1998; x_wconf 77' lang='lat' dir='ltr'><strong>loquebatur,</strong></span> <span class='ocrx_word' id='word_1_272' title='bbox 1806 1927 1859 1982; x_wconf 84' lang='lat' dir='ltr'><strong>itae</strong></span> 
     </span>
     <span class='ocr_line' id='line_1_20' title="bbox 164 2012 1861 2083; baseline -0.001 -15"><span class='ocrx_word' id='word_1_273' title='bbox 164 2015 271 2068; x_wconf 74' lang='lat' dir='ltr'><strong>dictum</strong></span> <span class='ocrx_word' id='word_1_274' title='bbox 289 2029 361 2078; x_wconf 88' lang='lat' dir='ltr'><strong>esse,</strong></span> <span class='ocrx_word' id='word_1_275' title='bbox 386 2014 464 2081; x_wconf 77' lang='lat' dir='ltr'><strong>quod</strong></span> <span class='ocrx_word' id='word_1_276' title='bbox 481 2016 560 2067; x_wconf 82' lang='lat' dir='ltr'><strong>Dosse</strong></span> <span class='ocrx_word' id='word_1_277' title='bbox 586 2012 722 2066; x_wconf 71' lang='lat' dir='ltr'><strong>leunsinem</strong></span> <span class='ocrx_word' id='word_1_278' title='bbox 746 2014 784 2066; x_wconf 89' lang='lat' dir='ltr'><strong>sit</strong></span> <span class='ocrx_word' id='word_1_279' title='bbox 802 2014 999 2082; x_wconf 75' lang='lat' dir='ltr'><strong>domnolenus,</strong></span> <span class='ocrx_word' id='word_1_280' title='bbox 1027 2020 1067 2066; x_wconf 80' lang='lat' dir='ltr'><strong>cet</strong></span> <span class='ocrx_word' id='word_1_281' title='bbox 1092 2015 1128 2067; x_wconf 92' lang='lat' dir='ltr'><strong>de</strong></span> <span class='ocrx_word' id='word_1_282' title='bbox 1147 2013 1271 2083; x_wconf 86' lang='lat' dir='ltr'><strong>judiciis</strong></span> <span class='ocrx_word' id='word_1_283' title='bbox 1290 2021 1316 2067; x_wconf 87' lang='lat' dir='ltr'><strong>et</strong></span> <span class='ocrx_word' id='word_1_284' title='bbox 1339 2012 1622 2067; x_wconf 86' lang='lat' dir='ltr'><strong>condemnationibus.</strong></span> <span class='ocrx_word' id='word_1_285' title='bbox 1663 2013 1792 2067; x_wconf 81' lang='lat' dir='ltr'><strong>Proinde</strong></span> <span class='ocrx_word' id='word_1_286' title='bbox 1810 2013 1861 2082; x_wconf 74' lang='lat' dir='ltr'><strong>ossi</strong></span> 
     </span>
     <span class='ocr_line' id='line_1_21' title="bbox 163 2099 1860 2169; baseline 0 -14"><span class='ocrx_word' id='word_1_287' title='bbox 163 2101 216 2155; x_wconf 85' lang='lat' dir='ltr'><strong>sed</strong></span> <span class='ocrx_word' id='word_1_288' title='bbox 230 2100 361 2168; x_wconf 86' lang='lat' dir='ltr'><strong>superius</strong></span> <span class='ocrx_word' id='word_1_289' title='bbox 380 2116 531 2169; x_wconf 82' lang='lat' dir='ltr'><strong>apparere,</strong></span> <span class='ocrx_word' id='word_1_290' title='bbox 549 2101 626 2153; x_wconf 88' lang='lat' dir='ltr'><strong>unde</strong></span> <span class='ocrx_word' id='word_1_291' title='bbox 643 2102 685 2153; x_wconf 89' lang='lat' dir='ltr'><strong>sic</strong></span> <span class='ocrx_word' id='word_1_292' title='bbox 704 2099 824 2153; x_wconf 86' lang='lat' dir='ltr'><strong>dictum:</strong></span> <span class='ocrx_word' id='word_1_293' title='bbox 843 2100 920 2154; x_wconf 87' lang='lat' dir='ltr'><strong>Nam</strong></span> <span class='ocrx_word' id='word_1_294' title='bbox 939 2117 999 2153; x_wconf 87' lang='lat' dir='ltr'><strong>cum</strong></span> <span class='ocrx_word' id='word_1_295' title='bbox 1025 2099 1138 2167; x_wconf 63' lang='lat' dir='ltr'><strong>§adeat</strong></span> <span class='ocrx_word' id='word_1_296' title='bbox 1155 2108 1181 2154; x_wconf 89' lang='lat' dir='ltr'><strong>et</strong></span> <span class='ocrx_word' id='word_1_297' title='bbox 1200 2102 1367 2155; x_wconf 82' lang='lat' dir='ltr'><strong>condemnat</strong></span> <span class='ocrx_word' id='word_1_298' title='bbox 1384 2100 1503 2169; x_wconf 84' lang='lat' dir='ltr'><strong>injuste,</strong></span> <span class='ocrx_word' id='word_1_299' title='bbox 1531 2101 1558 2154; x_wconf 90' lang='lat' dir='ltr'><strong>si</strong></span> <span class='ocrx_word' id='word_1_300' title='bbox 1573 2099 1727 2169; x_wconf 87' lang='lat' dir='ltr'><strong>judicatur</strong></span> <span class='ocrx_word' id='word_1_301' title='bbox 1748 2107 1774 2154; x_wconf 87' lang='lat' dir='ltr'><strong>et</strong></span> <span class='ocrx_word' id='word_1_302' title='bbox 1795 2117 1860 2155; x_wconf 85' lang='lat' dir='ltr'><strong>eon·</strong></span> 
     </span>
     <span class='ocr_line' id='line_1_22' title="bbox 165 2185 1859 2256; baseline -0.001 -15"><span class='ocrx_word' id='word_1_303' title='bbox 165 2188 201 2241; x_wconf 87' lang='lat' dir='ltr'><strong>de</strong></span> <span class='ocrx_word' id='word_1_304' title='bbox 226 2185 349 2240; x_wconf 74' lang='lat' dir='ltr'><strong>ludaeis</strong></span> <span class='ocrx_word' id='word_1_305' title='bbox 366 2193 470 2255; x_wconf 85' lang='lat' dir='ltr'><strong>postea</strong></span> <span class='ocrx_word' id='word_1_306' title='bbox 493 2185 644 2240; x_wconf 87' lang='lat' dir='ltr'><strong>credituris</strong></span> <span class='ocrx_word' id='word_1_307' title='bbox 668 2185 813 2255; x_wconf 89' lang='lat' dir='ltr'><strong>apostolus</strong></span> <span class='ocrx_word' id='word_1_308' title='bbox 837 2185 1001 2255; x_wconf 77' lang='lat' dir='ltr'><strong>ioqsseretur</strong></span> <span class='ocrx_word' id='word_1_309' title='bbox 1028 2187 1177 2239; x_wconf 83' lang='lat' dir='ltr'><strong>damnatur</strong></span> <span class='ocrx_word' id='word_1_310' title='bbox 1195 2186 1277 2252; x_wconf 77' lang='lat' dir='ltr'><strong>iuste,</strong></span> <span class='ocrx_word' id='word_1_311' title='bbox 1295 2187 1325 2238; x_wconf 90' lang='lat' dir='ltr'><strong>in</strong></span> <span class='ocrx_word' id='word_1_312' title='bbox 1345 2187 1445 2240; x_wconf 86' lang='lat' dir='ltr'><strong>eadem</strong></span> <span class='ocrx_word' id='word_1_313' title='bbox 1456 2203 1589 2241; x_wconf 88' lang='lat' dir='ltr'><strong>mensura</strong></span> <span class='ocrx_word' id='word_1_314' title='bbox 1603 2186 1712 2255; x_wconf 80' lang='lat' dir='ltr'><strong>recipit,</strong></span> <span class='ocrx_word' id='word_1_315' title='bbox 1733 2186 1859 2256; x_wconf 73' lang='lat' dir='ltr'><strong>quamvis</strong></span> 
     </span>
     <span class='ocr_line' id='line_1_23' title="bbox 166 2269 1858 2343; baseline 0.001 -17"><span class='ocrx_word' id='word_1_316' title='bbox 166 2274 208 2326; x_wconf 89' lang='lat' dir='ltr'><strong>ad</strong></span> <span class='ocrx_word' id='word_1_317' title='bbox 223 2279 325 2340; x_wconf 80' lang='lat' dir='ltr'><strong>pestes,</strong></span> <span class='ocrx_word' id='word_1_318' title='bbox 343 2275 386 2326; x_wconf 89' lang='lat' dir='ltr'><strong>ad</strong></span> <span class='ocrx_word' id='word_1_319' title='bbox 397 2289 469 2340; x_wconf 72' lang='lat' dir='ltr'><strong>quas</strong></span> <span class='ocrx_word' id='word_1_320' title='bbox 478 2272 572 2340; x_wconf 76' lang='lat' dir='ltr'><strong>utique</strong></span> <span class='ocrx_word' id='word_1_321' title='bbox 578 2271 644 2339; x_wconf 86' lang='lat' dir='ltr'><strong>jam</strong></span> <span class='ocrx_word' id='word_1_322' title='bbox 656 2271 802 2324; x_wconf 87' lang='lat' dir='ltr'><strong>credentes</strong></span> <span class='ocrx_word' id='word_1_323' title='bbox 812 2269 1001 2330; x_wconf 74' lang='lat' dir='ltr'><strong>conscribebat</strong></span> <span class='ocrx_word' id='word_1_324' title='bbox 1027 2291 1082 2326; x_wconf 89' lang='lat' dir='ltr'><strong>non</strong></span> <span class='ocrx_word' id='word_1_325' title='bbox 1092 2272 1153 2343; x_wconf 82' lang='lat' dir='ltr'><strong>loc,</strong></span> <span class='ocrx_word' id='word_1_326' title='bbox 1174 2275 1252 2342; x_wconf 74' lang='lat' dir='ltr'><strong>quod</strong></span> <span class='ocrx_word' id='word_1_327' title='bbox 1263 2274 1353 2328; x_wconf 81' lang='lat' dir='ltr'><strong>dedit.</strong></span> <span class='ocrx_word' id='word_1_328' title='bbox 1384 2279 1409 2328; x_wconf 79' lang='grc' dir='ltr'><strong>ι.</strong></span> <span class='ocrx_word' id='word_1_329' title='bbox 1433 2274 1480 2327; x_wconf 81' lang='lat' dir='ltr'><strong>Ee</strong></span> <span class='ocrx_word' id='word_1_330' title='bbox 1497 2273 1628 2343; x_wconf 66' lang='lat' dir='ltr'><strong>efficacia</strong></span> <span class='ocrx_word' id='word_1_331' title='bbox 1646 2272 1858 2327; x_wconf 71' lang='lat' dir='ltr'><strong>inaccustosu</strong></span> 
     </span>
     <span class='ocr_line' id='line_1_24' title="bbox 167 2357 1860 2430; baseline 0.002 -20"><span class='ocrx_word' id='word_1_332' title='bbox 167 2359 310 2426; x_wconf 83' lang='lat' dir='ltr'><strong>epistolas,</strong></span> <span class='ocrx_word' id='word_1_333' title='bbox 323 2359 454 2427; x_wconf 81' lang='lat' dir='ltr'><strong>srsbjecit:</strong></span> <span class='ocrx_word' id='word_1_334' title='bbox 478 2357 622 2412; x_wconf 75' lang='lat' dir='ltr'><strong>Clmclusit</strong></span> <span class='ocrx_word' id='word_1_335' title='bbox 635 2358 716 2410; x_wconf 90' lang='lat' dir='ltr'><strong>Deus</strong></span> <span class='ocrx_word' id='word_1_336' title='bbox 732 2372 827 2412; x_wconf 89' lang='lat' dir='ltr'><strong>omnes</strong></span> <span class='ocrx_word' id='word_1_337' title='bbox 845 2363 898 2413; x_wconf 89' lang='lat' dir='ltr'><strong>etc.</strong></span> <span class='ocrx_word' id='word_1_338' title='bbox 925 2359 1002 2422; x_wconf 83' lang='lat' dir='ltr'><strong>Quos</strong></span> <span class='ocrx_word' id='word_1_339' title='bbox 1028 2358 1063 2412; x_wconf 81' lang='lat' dir='ltr'><strong>Si</strong></span> <span class='ocrx_word' id='word_1_340' title='bbox 1079 2360 1170 2412; x_wconf 83' lang='lat' dir='ltr'><strong>sancti</strong></span> <span class='ocrx_word' id='word_1_341' title='bbox 1194 2361 1314 2413; x_wconf 80' lang='lat' dir='ltr'><strong>orabant</strong></span> <span class='ocrx_word' id='word_1_342' title='bbox 1331 2376 1387 2430; x_wconf 84' lang='lat' dir='ltr'><strong>pro</strong></span> <span class='ocrx_word' id='word_1_343' title='bbox 1404 2360 1527 2413; x_wconf 75' lang='lat' dir='ltr'><strong>mimicis</strong></span> <span class='ocrx_word' id='word_1_344' title='bbox 1548 2367 1574 2415; x_wconf 88' lang='lat' dir='ltr'><strong>et</strong></span> <span class='ocrx_word' id='word_1_345' title='bbox 1591 2360 1814 2414; x_wconf 66' lang='lat' dir='ltr'><strong>exaudiebantur</strong></span> <span class='ocrx_word' id='word_1_346' title='bbox 1829 2359 1860 2413; x_wconf 89' lang='lat' dir='ltr'><strong>iss</strong></span> 
     </span>
     <span class='ocr_line' id='line_1_25' title="bbox 167 2443 1861 2514; baseline 0.001 -16"><span class='ocrx_word' id='word_1_347' title='bbox 167 2460 274 2512; x_wconf 91' lang='lat' dir='ltr'><strong>omnes,</strong></span> <span class='ocrx_word' id='word_1_348' title='bbox 297 2444 356 2498; x_wconf 89' lang='lat' dir='ltr'><strong>nisi</strong></span> <span class='ocrx_word' id='word_1_349' title='bbox 380 2446 417 2497; x_wconf 89' lang='lat' dir='ltr'><strong>de</strong></span> <span class='ocrx_word' id='word_1_350' title='bbox 443 2445 541 2512; x_wconf 76' lang='lat' dir='ltr'><strong>quibas</strong></span> <span class='ocrx_word' id='word_1_351' title='bbox 560 2443 725 2513; x_wconf 77' lang='lat' dir='ltr'><strong>loquebatur</strong></span> <span class='ocrx_word' id='word_1_352' title='bbox 750 2451 885 2513; x_wconf 73' lang='lat' dir='ltr'><strong>tanqum</strong></span> <span class='ocrx_word' id='word_1_353' title='bbox 905 2448 1002 2501; x_wconf 88' lang='lat' dir='ltr'><strong>dicens</strong></span> <span class='ocrx_word' id='word_1_354' title='bbox 1027 2445 1078 2499; x_wconf 81' lang='lat' dir='ltr'><strong>boo</strong></span> <span class='ocrx_word' id='word_1_355' title='bbox 1097 2446 1217 2514; x_wconf 84' lang='lat' dir='ltr'><strong>mundo,</strong></span> <span class='ocrx_word' id='word_1_356' title='bbox 1241 2445 1331 2499; x_wconf 86' lang='lat' dir='ltr'><strong>multo</strong></span> <span class='ocrx_word' id='word_1_357' title='bbox 1349 2447 1439 2514; x_wconf 76' lang='lat' dir='ltr'><strong>mapis</strong></span> <span class='ocrx_word' id='word_1_358' title='bbox 1458 2461 1490 2497; x_wconf 80' lang='lat' dir='ltr'><strong>en</strong></span> <span class='ocrx_word' id='word_1_359' title='bbox 1509 2445 1629 2498; x_wconf 87' lang='lat' dir='ltr'><strong>caritate</strong></span> <span class='ocrx_word' id='word_1_360' title='bbox 1645 2462 1700 2514; x_wconf 85' lang='lat' dir='ltr'><strong>pro</strong></span> <span class='ocrx_word' id='word_1_361' title='bbox 1719 2445 1861 2500; x_wconf 83' lang='lat' dir='ltr'><strong>damnatis</strong></span> 
     </span>
     <span class='ocr_line' id='line_1_26' title="bbox 167 2530 1863 2602; baseline 0.002 -17"><span class='ocrx_word' id='word_1_362' title='bbox 167 2539 195 2585; x_wconf 85' lang='lat' dir='ltr'><strong>et</strong></span> <span class='ocrx_word' id='word_1_363' title='bbox 213 2549 262 2587; x_wconf 86' lang='lat' dir='ltr'><strong>sos</strong></span> <span class='ocrx_word' id='word_1_364' title='bbox 279 2540 304 2586; x_wconf 89' lang='lat' dir='ltr'><strong>et</strong></span> <span class='ocrx_word' id='word_1_365' title='bbox 323 2531 407 2586; x_wconf 77' lang='lat' dir='ltr'><strong>iilos?</strong></span> <span class='ocrx_word' id='word_1_366' title='bbox 434 2532 513 2584; x_wconf 87' lang='lat' dir='ltr'><strong>Deus</strong></span> <span class='ocrx_word' id='word_1_367' title='bbox 537 2546 604 2597; x_wconf 76' lang='lat' dir='ltr'><strong>erpo</strong></span> <span class='ocrx_word' id='word_1_368' title='bbox 628 2537 653 2582; x_wconf 88' lang='lat' dir='ltr'><strong>et</strong></span> <span class='ocrx_word' id='word_1_369' title='bbox 677 2530 794 2599; x_wconf 73' lang='lat' dir='ltr'><strong>perutiles</strong></span> <span class='ocrx_word' id='word_1_370' title='bbox 817 2539 843 2585; x_wconf 90' lang='lat' dir='ltr'><strong>et</strong></span> <span class='ocrx_word' id='word_1_371' title='bbox 861 2531 1001 2602; x_wconf 84' lang='lat' dir='ltr'><strong>Judaeos,</strong></span> <span class='ocrx_word' id='word_1_372' title='bbox 1028 2530 1148 2584; x_wconf 80' lang='lat' dir='ltr'><strong>orabunt</strong></span> <span class='ocrx_word' id='word_1_373' title='bbox 1171 2538 1197 2584; x_wconf 89' lang='lat' dir='ltr'><strong>et</strong></span> <span class='ocrx_word' id='word_1_374' title='bbox 1223 2531 1410 2584; x_wconf 71' lang='lat' dir='ltr'><strong>exaudientur</strong></span> <span class='ocrx_word' id='word_1_375' title='bbox 1432 2531 1463 2583; x_wconf 88' lang='lat' dir='ltr'><strong>in</strong></span> <span class='ocrx_word' id='word_1_376' title='bbox 1486 2530 1532 2585; x_wconf 89' lang='lat' dir='ltr'><strong>die</strong></span> <span class='ocrx_word' id='word_1_377' title='bbox 1552 2531 1666 2598; x_wconf 77' lang='lat' dir='ltr'><strong>iudicii.</strong></span> <span class='ocrx_word' id='word_1_378' title='bbox 1701 2530 1863 2601; x_wconf 82' lang='lat' dir='ltr'><strong>Respondet</strong></span> 
     </span>
     <span class='ocr_line' id='line_1_27' title="bbox 167 2615 1860 2688; baseline 0.001 -16"><span class='ocrx_word' id='word_1_379' title='bbox 167 2635 236 2687; x_wconf 75' lang='lat' dir='ltr'><strong>quos</strong></span> <span class='ocrx_word' id='word_1_380' title='bbox 256 2618 413 2688; x_wconf 87' lang='lat' dir='ltr'><strong>praescivit</strong></span> <span class='ocrx_word' id='word_1_381' title='bbox 441 2625 466 2671; x_wconf 90' lang='lat' dir='ltr'><strong>et</strong></span> <span class='ocrx_word' id='word_1_382' title='bbox 496 2617 721 2687; x_wconf 78' lang='lat' dir='ltr'><strong>praedestinavit</strong></span> <span class='ocrx_word' id='word_1_383' title='bbox 752 2618 912 2684; x_wconf 69' lang='lat' dir='ltr'><strong>cmsformes</strong></span> <span class='ocrx_word' id='word_1_384' title='bbox 938 2621 1003 2684; x_wconf 68' lang='lat' dir='ltr'><strong>{ieri</strong></span> <span class='ocrx_word' id='word_1_385' title='bbox 1027 2615 1203 2688; x_wconf 79' lang='lat' dir='ltr'><strong>Augustinus</strong></span> <span class='ocrx_word' id='word_1_386' title='bbox 1223 2616 1287 2671; x_wconf 90' lang='lat' dir='ltr'><strong>dict.</strong></span> <span class='ocrx_word' id='word_1_387' title='bbox 1306 2616 1353 2673; x_wconf 90' lang='lat' dir='ltr'><strong>lib.</strong></span> <span class='ocrx_word' id='word_1_388' title='bbox 1372 2632 1433 2686; x_wconf 87' lang='lat' dir='ltr'><strong>cap.</strong></span> <span class='ocrx_word' id='word_1_389' title='bbox 1454 2621 1495 2672; x_wconf 81' lang='lat'><strong>24.</strong></span> <span class='ocrx_word' id='word_1_390' title='bbox 1520 2616 1608 2686; x_wconf 90' lang='lat' dir='ltr'><strong>primo</strong></span> <span class='ocrx_word' id='word_1_391' title='bbox 1625 2632 1675 2686; x_wconf 87' lang='lat' dir='ltr'><strong>per</strong></span> <span class='ocrx_word' id='word_1_392' title='bbox 1692 2617 1860 2674; x_wconf 85' lang='lat' dir='ltr'><strong>instantiam.</strong></span> 
     </span>
     <span class='ocr_line' id='line_1_28' title="bbox 167 2702 1860 2775; baseline -0.001 -17"><span class='ocrx_word' id='word_1_393' title='bbox 167 2705 302 2775; x_wconf 74' lang='lat' dir='ltr'><strong>imaginis</strong></span> <span class='ocrx_word' id='word_1_394' title='bbox 307 2704 367 2772; x_wconf 79' lang='lat' dir='ltr'><strong>filii</strong></span> <span class='ocrx_word' id='word_1_395' title='bbox 377 2704 431 2774; x_wconf 87' lang='lat' dir='ltr'><strong>sui,</strong></span> <span class='ocrx_word' id='word_1_396' title='bbox 446 2719 539 2757; x_wconf 88' lang='lat' dir='ltr'><strong>omnes</strong></span> <span class='ocrx_word' id='word_1_397' title='bbox 557 2702 1001 2771; x_wconf 80' lang='lat' dir='ltr'><strong>ininfidelitateconclusit,utde</strong></span> <span class='ocrx_word' id='word_1_398' title='bbox 1031 2702 1089 2758; x_wconf 80' lang='lat' dir='ltr'><strong>Gur</strong></span> <span class='ocrx_word' id='word_1_399' title='bbox 1108 2705 1206 2757; x_wconf 87' lang='lat' dir='ltr'><strong>eodem</strong></span> <span class='ocrx_word' id='word_1_400' title='bbox 1217 2703 1429 2772; x_wconf 82' lang='lat' dir='ltr'><strong>perfectissima</strong></span> <span class='ocrx_word' id='word_1_401' title='bbox 1446 2704 1595 2757; x_wconf 85' lang='lat' dir='ltr'><strong>sanctitate</strong></span> <span class='ocrx_word' id='word_1_402' title='bbox 1612 2710 1639 2756; x_wconf 92' lang='lat' dir='ltr'><strong>et</strong></span> <span class='ocrx_word' id='word_1_403' title='bbox 1659 2712 1759 2757; x_wconf 86' lang='lat' dir='ltr'><strong>cuncta</strong></span> <span class='ocrx_word' id='word_1_404' title='bbox 1777 2705 1860 2774; x_wconf 83' lang='lat' dir='ltr'><strong>inspe-</strong></span> 
     </span>
     <span class='ocr_line' id='line_1_29' title="bbox 168 2789 1861 2857; baseline 0 -12"><span class='ocrx_word' id='word_1_405' title='bbox 168 2790 357 2845; x_wconf 84' lang='lat' dir='ltr'><strong>ansoritudine</strong></span> <span class='ocrx_word' id='word_1_406' title='bbox 386 2789 564 2856; x_wconf 82' lang='lat' dir='ltr'><strong>infidelitatis</strong></span> <span class='ocrx_word' id='word_1_407' title='bbox 595 2805 664 2841; x_wconf 88' lang='lat' dir='ltr'><strong>suae</strong></span> <span class='ocrx_word' id='word_1_408' title='bbox 690 2789 858 2857; x_wconf 87' lang='lat' dir='ltr'><strong>poenitendo</strong></span> <span class='ocrx_word' id='word_1_409' title='bbox 890 2790 1003 2854; x_wconf 83' lang='lat' dir='ltr'><strong>confusi</strong></span> <span class='ocrx_word' id='word_1_410' title='bbox 1028 2797 1106 2844; x_wconf 88' lang='lat' dir='ltr'><strong>trare</strong></span> <span class='ocrx_word' id='word_1_411' title='bbox 1131 2790 1289 2844; x_wconf 70' lang='lat' dir='ltr'><strong>valentimus</strong></span> <span class='ocrx_word' id='word_1_412' title='bbox 1314 2789 1507 2844; x_wconf 84' lang='lat' dir='ltr'><strong>mundissimis</strong></span> <span class='ocrx_word' id='word_1_413' title='bbox 1534 2796 1560 2842; x_wconf 87' lang='lat' dir='ltr'><strong>et</strong></span> <span class='ocrx_word' id='word_1_414' title='bbox 1587 2790 1861 2845; x_wconf 80' lang='lat' dir='ltr'><strong>misericordissimis</strong></span> 
     </span>
     <span class='ocr_line' id='line_1_30' title="bbox 167 2873 1861 2947; baseline 0 -17"><span class='ocrx_word' id='word_1_415' title='bbox 167 2879 208 2931; x_wconf 88' lang='lat' dir='ltr'><strong>ad</strong></span> <span class='ocrx_word' id='word_1_416' title='bbox 225 2876 402 2930; x_wconf 87' lang='lat' dir='ltr'><strong>dulcedinem</strong></span> <span class='ocrx_word' id='word_1_417' title='bbox 419 2874 633 2930; x_wconf 83' lang='lat' dir='ltr'><strong>misericordiae</strong></span> <span class='ocrx_word' id='word_1_418' title='bbox 651 2873 765 2928; x_wconf 88' lang='lat' dir='ltr'><strong>divinae</strong></span> <span class='ocrx_word' id='word_1_419' title='bbox 779 2877 920 2929; x_wconf 88' lang='lat' dir='ltr'><strong>credendo</strong></span> <span class='ocrx_word' id='word_1_420' title='bbox 937 2893 1000 2931; x_wconf 89' lang='lat' dir='ltr'><strong>con·</strong></span> <span class='ocrx_word' id='word_1_421' title='bbox 1024 2875 1157 2947; x_wconf 84' lang='lat' dir='ltr'><strong>precibus</strong></span> <span class='ocrx_word' id='word_1_422' title='bbox 1184 2875 1269 2929; x_wconf 89' lang='lat' dir='ltr'><strong>etiam</strong></span> <span class='ocrx_word' id='word_1_423' title='bbox 1290 2892 1348 2944; x_wconf 88' lang='lat' dir='ltr'><strong>pro</strong></span> <span class='ocrx_word' id='word_1_424' title='bbox 1378 2875 1485 2944; x_wconf 82' lang='lat' dir='ltr'><strong>onpeiis</strong></span> <span class='ocrx_word' id='word_1_425' title='bbox 1515 2892 1572 2929; x_wconf 88' lang='lat' dir='ltr'><strong>non</strong></span> <span class='ocrx_word' id='word_1_426' title='bbox 1599 2876 1733 2941; x_wconf 84' lang='lat' dir='ltr'><strong>orabunt,</strong></span> <span class='ocrx_word' id='word_1_427' title='bbox 1763 2876 1861 2945; x_wconf 78' lang='lat' dir='ltr'><strong>gaidus</strong></span> 
     </span>
     <span class='ocr_line' id='line_1_31' title="bbox 41 2960 1862 3033; baseline 0 -16"><span class='ocrx_word' id='word_1_428' title='bbox 41 2965 338 3018; x_wconf 78' lang='lat' dir='ltr'><strong>1¹·2⁴³·verterentur</strong></span> <span class='ocrx_word' id='word_1_429' title='bbox 358 2968 408 3020; x_wconf 87' lang='lat' dir='ltr'><strong>stc.</strong></span> <span class='ocrx_word' id='word_1_430' title='bbox 447 2960 503 3017; x_wconf 80' lang='lat' dir='ltr'><strong>Sed</strong></span> <span class='ocrx_word' id='word_1_431' title='bbox 521 2960 587 3033; x_wconf 89' lang='lat' dir='ltr'><strong>quia</strong></span> <span class='ocrx_word' id='word_1_432' title='bbox 607 2961 684 3030; x_wconf 91' lang='lat' dir='ltr'><strong>prius</strong></span> <span class='ocrx_word' id='word_1_433' title='bbox 701 2961 853 3016; x_wconf 84' lang='lat' dir='ltr'><strong>membrum</strong></span> <span class='ocrx_word' id='word_1_434' title='bbox 871 2969 914 3017; x_wconf 86' lang='lat' dir='ltr'><strong>est</strong></span> <span class='ocrx_word' id='word_1_435' title='bbox 937 2963 1000 3018; x_wconf 89' lang='lat' dir='ltr'><strong>sim·</strong></span> <span class='ocrx_word' id='word_1_436' title='bbox 1027 2971 1147 3032; x_wconf 81' lang='lat' dir='ltr'><strong>paratus</strong></span> <span class='ocrx_word' id='word_1_437' title='bbox 1165 2970 1206 3017; x_wconf 90' lang='lat' dir='ltr'><strong>est</strong></span> <span class='ocrx_word' id='word_1_438' title='bbox 1223 2963 1298 3031; x_wconf 80' lang='lat' dir='ltr'><strong>ipnis</strong></span> <span class='ocrx_word' id='word_1_439' title='bbox 1309 2970 1447 3030; x_wconf 73' lang='lat' dir='ltr'><strong>adernus,</strong></span> <span class='ocrx_word' id='word_1_440' title='bbox 1464 2969 1495 3014; x_wconf 88' lang='lat' dir='ltr'><strong>ut</strong></span> <span class='ocrx_word' id='word_1_441' title='bbox 1509 2964 1589 3015; x_wconf 88' lang='lat' dir='ltr'><strong>Deus</strong></span> <span class='ocrx_word' id='word_1_442' title='bbox 1605 2963 1770 3016; x_wconf 84' lang='lat' dir='ltr'><strong>sententiam</strong></span> <span class='ocrx_word' id='word_1_443' title='bbox 1781 2978 1862 3017; x_wconf 77' lang='lat' dir='ltr'><strong>suam</strong></span> 
     </span>
     <span class='ocr_line' id='line_1_32' title="bbox 166 3047 1862 3120; baseline -0.002 -16"><span class='ocrx_word' id='word_1_444' title='bbox 166 3049 275 3120; x_wconf 86' lang='lat' dir='ltr'><strong>pliciter</strong></span> <span class='ocrx_word' id='word_1_445' title='bbox 300 3047 470 3117; x_wconf 81' lang='lat' dir='ltr'><strong>universale,</strong></span> <span class='ocrx_word' id='word_1_446' title='bbox 497 3047 575 3104; x_wconf 89' lang='lat' dir='ltr'><strong>Deus</strong></span> <span class='ocrx_word' id='word_1_447' title='bbox 600 3047 674 3102; x_wconf 91' lang='lat' dir='ltr'><strong>euim</strong></span> <span class='ocrx_word' id='word_1_448' title='bbox 693 3065 749 3102; x_wconf 91' lang='lat' dir='ltr'><strong>uon</strong></span> <span class='ocrx_word' id='word_1_449' title='bbox 767 3052 873 3102; x_wconf 86' lang='lat' dir='ltr'><strong>tautum</strong></span> <span class='ocrx_word' id='word_1_450' title='bbox 896 3066 1002 3117; x_wconf 73' lang='lat' dir='ltr'><strong>persero</strong></span> <span class='ocrx_word' id='word_1_451' title='bbox 1028 3048 1135 3119; x_wconf 79' lang='lat' dir='ltr'><strong>milipet</strong></span> <span class='ocrx_word' id='word_1_452' title='bbox 1159 3056 1186 3102; x_wconf 84' lang='lat' dir='ltr'><strong>et</strong></span> <span class='ocrx_word' id='word_1_453' title='bbox 1210 3049 1336 3117; x_wconf 76' lang='lat' dir='ltr'><strong>reflectat</strong></span> <span class='ocrx_word' id='word_1_454' title='bbox 1354 3049 1385 3100; x_wconf 89' lang='lat' dir='ltr'><strong>in</strong></span> <span class='ocrx_word' id='word_1_455' title='bbox 1407 3047 1508 3103; x_wconf 85' lang='lat' dir='ltr'><strong>meiius</strong></span> <span class='ocrx_word' id='word_1_456' title='bbox 1537 3063 1638 3118; x_wconf 73' lang='lat' dir='ltr'><strong>eosque</strong></span> <span class='ocrx_word' id='word_1_457' title='bbox 1664 3048 1700 3101; x_wconf 81' lang='lat' dir='ltr'><strong>ab</strong></span> <span class='ocrx_word' id='word_1_458' title='bbox 1723 3047 1775 3102; x_wconf 83' lang='lat' dir='ltr'><strong>ilio</strong></span> <span class='ocrx_word' id='word_1_459' title='bbox 1797 3047 1862 3117; x_wconf 79' lang='lat' dir='ltr'><strong>ipss</strong></span> 
     </span>
     <span class='ocr_line' id='line_1_33' title="bbox 167 3132 1861 3206; baseline -0.001 -16"><span class='ocrx_word' id='word_1_460' title='bbox 167 3136 351 3203; x_wconf 68' lang='lat' dir='ltr'><strong>uinculorum,</strong></span> <span class='ocrx_word' id='word_1_461' title='bbox 370 3135 424 3189; x_wconf 92' lang='lat' dir='ltr'><strong>hoc</strong></span> <span class='ocrx_word' id='word_1_462' title='bbox 440 3140 483 3188; x_wconf 90' lang='lat' dir='ltr'><strong>est</strong></span> <span class='ocrx_word' id='word_1_463' title='bbox 501 3134 608 3204; x_wconf 86' lang='lat' dir='ltr'><strong>aliquos</strong></span> <span class='ocrx_word' id='word_1_464' title='bbox 627 3150 662 3188; x_wconf 82' lang='lat' dir='ltr'><strong>ex</strong></span> <span class='ocrx_word' id='word_1_465' title='bbox 681 3132 797 3189; x_wconf 78' lang='lat' dir='ltr'><strong>iudaeis</strong></span> <span class='ocrx_word' id='word_1_466' title='bbox 817 3139 845 3188; x_wconf 91' lang='lat' dir='ltr'><strong>et</strong></span> <span class='ocrx_word' id='word_1_467' title='bbox 863 3134 1002 3206; x_wconf 87' lang='lat' dir='ltr'><strong>gentibus,</strong></span> <span class='ocrx_word' id='word_1_468' title='bbox 1027 3134 1121 3199; x_wconf 78' lang='lat' dir='ltr'><strong>faciat</strong></span> <span class='ocrx_word' id='word_1_469' title='bbox 1145 3134 1274 3188; x_wconf 72' lang='lat' dir='ltr'><strong>alienos!</strong></span> <span class='ocrx_word' id='word_1_470' title='bbox 1312 3132 1460 3203; x_wconf 87' lang='lat' dir='ltr'><strong>(Disputat</strong></span> <span class='ocrx_word' id='word_1_471' title='bbox 1486 3132 1560 3188; x_wconf 91' lang='lat' dir='ltr'><strong>euim</strong></span> <span class='ocrx_word' id='word_1_472' title='bbox 1588 3140 1684 3188; x_wconf 88' lang='lat' dir='ltr'><strong>contra</strong></span> <span class='ocrx_word' id='word_1_473' title='bbox 1708 3133 1784 3202; x_wconf 88' lang='lat' dir='ltr'><strong>illos,</strong></span> <span class='ocrx_word' id='word_1_474' title='bbox 1812 3133 1861 3205; x_wconf 89' lang='lat' dir='ltr'><strong>qui</strong></span> 
     </span>
     <span class='ocr_line' id='line_1_34' title="bbox 168 3217 1862 3290; baseline -0.002 -11"><span class='ocrx_word' id='word_1_475' title='bbox 168 3222 317 3279; x_wconf 83' lang='lat' dir='ltr'><strong>sedetiam</strong></span> <span class='ocrx_word' id='word_1_476' title='bbox 337 3220 464 3288; x_wconf 77' lang='lat' dir='ltr'><strong>sinpulos</strong></span> <span class='ocrx_word' id='word_1_477' title='bbox 484 3236 625 3290; x_wconf 74' lang='lat' dir='ltr'><strong>penariam,</strong></span> <span class='ocrx_word' id='word_1_478' title='bbox 645 3218 698 3273; x_wconf 89' lang='lat' dir='ltr'><strong>hoc</strong></span> <span class='ocrx_word' id='word_1_479' title='bbox 716 3224 759 3275; x_wconf 87' lang='lat' dir='ltr'><strong>est</strong></span> <span class='ocrx_word' id='word_1_480' title='bbox 779 3236 874 3276; x_wconf 87' lang='lat' dir='ltr'><strong>omues</strong></span> <span class='ocrx_word' id='word_1_481' title='bbox 891 3222 1003 3278; x_wconf 89' lang='lat' dir='ltr'><strong>omniuo</strong></span> <span class='ocrx_word' id='word_1_482' title='bbox 1029 3219 1200 3276; x_wconf 77' lang='lat' dir='ltr'><strong>diabolorum</strong></span> <span class='ocrx_word' id='word_1_483' title='bbox 1228 3219 1365 3290; x_wconf 85' lang='lat' dir='ltr'><strong>supplicis</strong></span> <span class='ocrx_word' id='word_1_484' title='bbox 1386 3218 1577 3276; x_wconf 82' lang='lat' dir='ltr'><strong>concedebant</strong></span> <span class='ocrx_word' id='word_1_485' title='bbox 1596 3217 1655 3274; x_wconf 84' lang='lat' dir='ltr'><strong>fore</strong></span> <span class='ocrx_word' id='word_1_486' title='bbox 1672 3225 1801 3290; x_wconf 71' lang='lat' dir='ltr'><strong>cetuna,</strong></span> <span class='ocrx_word' id='word_1_487' title='bbox 1825 3220 1862 3276; x_wconf 88' lang='lat' dir='ltr'><strong>de</strong></span> 
     </span>
     <span class='ocr_line' id='line_1_35' title="bbox 168 3304 1865 3378; baseline 0 -14"><span class='ocrx_word' id='word_1_488' title='bbox 168 3309 294 3366; x_wconf 89' lang='lat' dir='ltr'><strong>homiues</strong></span> <span class='ocrx_word' id='word_1_489' title='bbox 315 3307 439 3375; x_wconf 80' lang='lat' dir='ltr'><strong>iudaeos</strong></span> <span class='ocrx_word' id='word_1_490' title='bbox 463 3315 492 3361; x_wconf 88' lang='lat' dir='ltr'><strong>et</strong></span> <span class='ocrx_word' id='word_1_491' title='bbox 515 3311 627 3377; x_wconf 85' lang='lat' dir='ltr'><strong>gentes,</strong></span> <span class='ocrx_word' id='word_1_492' title='bbox 652 3321 719 3360; x_wconf 82' lang='lat' dir='ltr'><strong>voce</strong></span> <span class='ocrx_word' id='word_1_493' title='bbox 745 3305 816 3378; x_wconf 84' lang='lat' dir='ltr'><strong>legis</strong></span> <span class='ocrx_word' id='word_1_494' title='bbox 840 3324 908 3364; x_wconf 88' lang='lat' dir='ltr'><strong>suae</strong></span> <span class='ocrx_word' id='word_1_495' title='bbox 928 3308 1003 3378; x_wconf 89' lang='lat' dir='ltr'><strong>judi·</strong></span> <span class='ocrx_word' id='word_1_496' title='bbox 1029 3305 1222 3361; x_wconf 86' lang='lat' dir='ltr'><strong>damnatorum</strong></span> <span class='ocrx_word' id='word_1_497' title='bbox 1235 3304 1452 3361; x_wconf 85' lang='lat' dir='ltr'><strong>resohomiuum</strong></span> <span class='ocrx_word' id='word_1_498' title='bbox 1464 3304 1608 3375; x_wconf 90' lang='lat' dir='ltr'><strong>suppliciis</strong></span> <span class='ocrx_word' id='word_1_499' title='bbox 1619 3305 1690 3360; x_wconf 89' lang='lat' dir='ltr'><strong>illud</strong></span> <span class='ocrx_word' id='word_1_500' title='bbox 1703 3305 1865 3377; x_wconf 82' lang='lat' dir='ltr'><strong>negabant.)</strong></span> 
     </span>
     <span class='ocr_line' id='line_1_36' title="bbox 170 3389 1863 3462; baseline -0.002 -12"><span class='ocrx_word' id='word_1_501' title='bbox 170 3394 277 3451; x_wconf 81' lang='lat' dir='ltr'><strong>cialiter</strong></span> <span class='ocrx_word' id='word_1_502' title='bbox 294 3392 346 3448; x_wconf 92' lang='lat' dir='ltr'><strong>sub</strong></span> <span class='ocrx_word' id='word_1_503' title='bbox 364 3398 510 3462; x_wconf 88' lang='lat' dir='ltr'><strong>peccatum</strong></span> <span class='ocrx_word' id='word_1_504' title='bbox 530 3391 667 3447; x_wconf 89' lang='lat' dir='ltr'><strong>conclusit</strong></span> <span class='ocrx_word' id='word_1_505' title='bbox 682 3390 776 3448; x_wconf 77' lang='lat' dir='ltr'><strong>Galat</strong></span> <span class='ocrx_word' id='word_1_506' title='bbox 797 3395 822 3461; x_wconf 81' lang='grc'><strong>3,</strong></span> <span class='ocrx_word' id='word_1_507' title='bbox 843 3411 868 3448; x_wconf 85' lang='lat' dir='ltr'><strong>r.</strong></span> <span class='ocrx_word' id='word_1_508' title='bbox 883 3400 922 3451; x_wconf 73' lang='grc' dir='ltr'><strong>ιι.</strong></span> <span class='ocrx_word' id='word_1_509' title='bbox 940 3394 1003 3451; x_wconf 88' lang='lat' dir='ltr'><strong>ideo</strong></span> <span class='ocrx_word' id='word_1_510' title='bbox 1030 3391 1159 3446; x_wconf 84' lang='lat' dir='ltr'><strong>Secundo</strong></span> <span class='ocrx_word' id='word_1_511' title='bbox 1176 3407 1227 3461; x_wconf 87' lang='lat' dir='ltr'><strong>per</strong></span> <span class='ocrx_word' id='word_1_512' title='bbox 1246 3389 1449 3446; x_wconf 88' lang='lat' dir='ltr'><strong>distinctionem</strong></span> <span class='ocrx_word' id='word_1_513' title='bbox 1464 3392 1617 3460; x_wconf 87' lang='lat' dir='ltr'><strong>praesentis</strong></span> <span class='ocrx_word' id='word_1_514' title='bbox 1631 3398 1660 3446; x_wconf 89' lang='lat' dir='ltr'><strong>et</strong></span> <span class='ocrx_word' id='word_1_515' title='bbox 1670 3391 1757 3446; x_wconf 84' lang='lat' dir='ltr'><strong>futuri</strong></span> <span class='ocrx_word' id='word_1_516' title='bbox 1769 3391 1863 3461; x_wconf 72' lang='lat' dir='ltr'><strong>aaut,</strong></span> 
     </span>
     <span class='ocr_line' id='line_1_37' title="bbox 171 3475 1862 3550; baseline -0.001 -15"><span class='ocrx_word' id='word_1_517' title='bbox 171 3481 254 3535; x_wconf 87' lang='lat' dir='ltr'><strong>etiam</strong></span> <span class='ocrx_word' id='word_1_518' title='bbox 272 3480 409 3550; x_wconf 86' lang='lat' dir='ltr'><strong>posterius</strong></span> <span class='ocrx_word' id='word_1_519' title='bbox 425 3478 577 3533; x_wconf 86' lang='lat' dir='ltr'><strong>membrum</strong></span> <span class='ocrx_word' id='word_1_520' title='bbox 598 3478 700 3533; x_wconf 88' lang='lat' dir='ltr'><strong>rectius</strong></span> <span class='ocrx_word' id='word_1_521' title='bbox 723 3478 876 3548; x_wconf 86' lang='lat' dir='ltr'><strong>accipiatur</strong></span> <span class='ocrx_word' id='word_1_522' title='bbox 894 3480 1003 3535; x_wconf 73' lang='lat' dir='ltr'><strong>univerv-</strong></span> <span class='ocrx_word' id='word_1_523' title='bbox 1028 3477 1097 3532; x_wconf 87' lang='lat' dir='ltr'><strong>illud</strong></span> <span class='ocrx_word' id='word_1_524' title='bbox 1118 3477 1190 3531; x_wconf 89' lang='lat' dir='ltr'><strong>euim</strong></span> <span class='ocrx_word' id='word_1_525' title='bbox 1206 3482 1249 3530; x_wconf 91' lang='lat' dir='ltr'><strong>est</strong></span> <span class='ocrx_word' id='word_1_526' title='bbox 1268 3475 1405 3531; x_wconf 84' lang='lat' dir='ltr'><strong>duntaxat</strong></span> <span class='ocrx_word' id='word_1_527' title='bbox 1421 3482 1530 3546; x_wconf 88' lang='lat' dir='ltr'><strong>tempus</strong></span> <span class='ocrx_word' id='word_1_528' title='bbox 1547 3477 1735 3547; x_wconf 87' lang='lat' dir='ltr'><strong>poeniteutiae</strong></span> <span class='ocrx_word' id='word_1_529' title='bbox 1752 3483 1781 3534; x_wconf 86' lang='lat' dir='ltr'><strong>et</strong></span> <span class='ocrx_word' id='word_1_530' title='bbox 1797 3492 1862 3533; x_wconf 81' lang='lat' dir='ltr'><strong>tou·</strong></span> 
     </span>
     <span class='ocr_line' id='line_1_38' title="bbox 172 3561 1864 3637; baseline -0.002 -16"><span class='ocrx_word' id='word_1_531' title='bbox 172 3566 274 3633; x_wconf 88' lang='lat' dir='ltr'><strong>saliter,</strong></span> <span class='ocrx_word' id='word_1_532' title='bbox 298 3583 354 3621; x_wconf 91' lang='lat' dir='ltr'><strong>uon</strong></span> <span class='ocrx_word' id='word_1_533' title='bbox 372 3563 492 3636; x_wconf 89' lang='lat' dir='ltr'><strong>·quidem</strong></span> <span class='ocrx_word' id='word_1_534' title='bbox 515 3564 622 3619; x_wconf 87' lang='lat' dir='ltr'><strong>ratione</strong></span> <span class='ocrx_word' id='word_1_535' title='bbox 646 3565 848 3634; x_wconf 81' lang='lat' dir='ltr'><strong>applicationis</strong></span> <span class='ocrx_word' id='word_1_536' title='bbox 875 3568 1005 3637; x_wconf 87' lang='lat' dir='ltr'><strong>actualis,</strong></span> <span class='ocrx_word' id='word_1_537' title='bbox 1029 3561 1170 3630; x_wconf 83' lang='lat' dir='ltr'><strong>versionis,</strong></span> <span class='ocrx_word' id='word_1_538' title='bbox 1182 3562 1235 3617; x_wconf 91' lang='lat' dir='ltr'><strong>hoc</strong></span> <span class='ocrx_word' id='word_1_539' title='bbox 1247 3578 1312 3616; x_wconf 82' lang='lat' dir='ltr'><strong>vero</strong></span> <span class='ocrx_word' id='word_1_540' title='bbox 1323 3561 1519 3616; x_wconf 85' lang='lat' dir='ltr'><strong>retributionis.</strong></span> <span class='ocrx_word' id='word_1_541' title='bbox 1555 3564 1745 3629; x_wconf 80' lang='lat' dir='ltr'><strong>Haeccousa,</strong></span> <span class='ocrx_word' id='word_1_542' title='bbox 1763 3561 1864 3634; x_wconf 66' lang='lat' dir='ltr'><strong>iuquit,</strong></span> 
     </span>
     <span class='ocr_line' id='line_1_39' title="bbox 169 3647 1980 3725; baseline -0.001 -16"><span class='ocrx_word' id='word_1_543' title='bbox 169 3653 250 3725; x_wconf 84' lang='lat' dir='ltr'><strong>quusi</strong></span> <span class='ocrx_word' id='word_1_544' title='bbox 273 3668 368 3708; x_wconf 90' lang='lat' dir='ltr'><strong>omnes</strong></span> <span class='ocrx_word' id='word_1_545' title='bbox 391 3659 449 3706; x_wconf 87' lang='lat' dir='ltr'><strong>tam</strong></span> <span class='ocrx_word' id='word_1_546' title='bbox 473 3650 600 3706; x_wconf 86' lang='lat' dir='ltr'><strong>infideles</strong></span> <span class='ocrx_word' id='word_1_547' title='bbox 623 3666 707 3721; x_wconf 88' lang='lat' dir='ltr'><strong>quam</strong></span> <span class='ocrx_word' id='word_1_548' title='bbox 731 3651 873 3706; x_wconf 76' lang='lat' dir='ltr'><strong>medentes</strong></span> <span class='ocrx_word' id='word_1_549' title='bbox 893 3650 1004 3708; x_wconf 84' lang='lat' dir='ltr'><strong>divinae</strong></span> <span class='ocrx_word' id='word_1_550' title='bbox 1030 3665 1086 3717; x_wconf 77' lang='lat' dir='ltr'><strong>oua</strong></span> <span class='ocrx_word' id='word_1_551' title='bbox 1105 3650 1146 3716; x_wconf 78' lang='lat' dir='ltr'><strong>tit,</strong></span> <span class='ocrx_word' id='word_1_552' title='bbox 1163 3655 1195 3703; x_wconf 76' lang='lat' dir='ltr'><strong>ut</strong></span> <span class='ocrx_word' id='word_1_553' title='bbox 1211 3665 1284 3701; x_wconf 70' lang='lat' dir='ltr'><strong>nuuc</strong></span> <span class='ocrx_word' id='word_1_554' title='bbox 1302 3647 1420 3702; x_wconf 62' lang='lat' dir='ltr'><strong>melesio</strong></span> <span class='ocrx_word' id='word_1_555' title='bbox 1438 3665 1494 3703; x_wconf 81' lang='lat' dir='ltr'><strong>non</strong></span> <span class='ocrx_word' id='word_1_556' title='bbox 1514 3648 1864 3718; x_wconf 77' lang='lat' dir='ltr'><strong>oreipromuiisanuslir,</strong></span> <span class='ocrx_word' id='word_1_557' title='bbox 1878 3656 1921 3700; x_wconf 77' lang='lat'><strong>¹¹·</strong></span> <span class='ocrx_word' id='word_1_558' title='bbox 1934 3657 1980 3701; x_wconf 72' lang='lat' dir='ltr'><strong>tlt</strong></span> 
     </span>
     <span class='ocr_line' id='line_1_40' title="bbox 170 3733 1865 3807; baseline -0.001 -14"><span class='ocrx_word' id='word_1_559' title='bbox 170 3738 375 3794; x_wconf 87' lang='lat' dir='ltr'><strong>misericordiae</strong></span> <span class='ocrx_word' id='word_1_560' title='bbox 387 3738 486 3793; x_wconf 85' lang='lat' dir='ltr'><strong>fierent</strong></span> <span class='ocrx_word' id='word_1_561' title='bbox 497 3737 655 3807; x_wconf 84' lang='lat' dir='ltr'><strong>participes,</strong></span> <span class='ocrx_word' id='word_1_562' title='bbox 671 3737 720 3792; x_wconf 90' lang='lat' dir='ltr'><strong>sed</strong></span> <span class='ocrx_word' id='word_1_563' title='bbox 736 3738 847 3792; x_wconf 89' lang='lat' dir='ltr'><strong>ratione</strong></span> <span class='ocrx_word' id='word_1_564' title='bbox 859 3740 1004 3806; x_wconf 82' lang='lat' dir='ltr'><strong>protiosae</strong></span> <span class='ocrx_word' id='word_1_565' title='bbox 1030 3752 1100 3804; x_wconf 78' lang='lat' dir='ltr'><strong>assos</strong></span> <span class='ocrx_word' id='word_1_566' title='bbox 1121 3752 1189 3789; x_wconf 86' lang='lat' dir='ltr'><strong>euos</strong></span> <span class='ocrx_word' id='word_1_567' title='bbox 1211 3751 1270 3789; x_wconf 89' lang='lat' dir='ltr'><strong>esse</strong></span> <span class='ocrx_word' id='word_1_568' title='bbox 1292 3736 1370 3789; x_wconf 89' lang='lat' dir='ltr'><strong>novit</strong></span> <span class='ocrx_word' id='word_1_569' title='bbox 1393 3733 1536 3803; x_wconf 89' lang='lat' dir='ltr'><strong>inimicos,</strong></span> <span class='ocrx_word' id='word_1_570' title='bbox 1567 3736 1666 3789; x_wconf 87' lang='lat' dir='ltr'><strong>eadem</strong></span> <span class='ocrx_word' id='word_1_571' title='bbox 1688 3736 1753 3804; x_wconf 85' lang='lat' dir='ltr'><strong>ipsa</strong></span> <span class='ocrx_word' id='word_1_572' title='bbox 1778 3751 1865 3791; x_wconf 71' lang='lat' dir='ltr'><strong>cusa</strong></span> 
     </span>
     <span class='ocr_line' id='line_1_41' title="bbox 170 3821 1862 3895; baseline 0.001 -17"><span class='ocrx_word' id='word_1_573' title='bbox 170 3825 337 3892; x_wconf 78' lang='lat' dir='ltr'><strong>oblationis,</strong></span> <span class='ocrx_word' id='word_1_574' title='bbox 361 3824 427 3895; x_wconf 87' lang='lat' dir='ltr'><strong>quia</strong></span> <span class='ocrx_word' id='word_1_575' title='bbox 450 3822 528 3878; x_wconf 84' lang='lat' dir='ltr'><strong>Deus</strong></span> <span class='ocrx_word' id='word_1_576' title='bbox 553 3821 581 3877; x_wconf 87' lang='lat' dir='ltr'><strong>iu</strong></span> <span class='ocrx_word' id='word_1_577' title='bbox 606 3821 690 3877; x_wconf 82' lang='lat' dir='ltr'><strong>verbo</strong></span> <span class='ocrx_word' id='word_1_578' title='bbox 714 3823 852 3894; x_wconf 80' lang='lat' dir='ltr'><strong>evangelii</strong></span> <span class='ocrx_word' id='word_1_579' title='bbox 877 3824 1004 3879; x_wconf 87' lang='lat' dir='ltr'><strong>omuibus</strong></span> <span class='ocrx_word' id='word_1_580' title='bbox 1030 3830 1079 3887; x_wconf 84' lang='lat' dir='ltr'><strong>esi,</strong></span> <span class='ocrx_word' id='word_1_581' title='bbox 1098 3838 1155 3890; x_wconf 78' lang='lat' dir='ltr'><strong>qssu</strong></span> <span class='ocrx_word' id='word_1_582' title='bbox 1169 3824 1233 3889; x_wconf 79' lang='lat' dir='ltr'><strong>fiet,</strong></span> <span class='ocrx_word' id='word_1_583' title='bbox 1258 3830 1288 3875; x_wconf 91' lang='grc' dir='ltr'><strong>ιιι</strong></span> <span class='ocrx_word' id='word_1_584' title='bbox 1309 3822 1338 3875; x_wconf 93' lang='lat' dir='ltr'><strong>in</strong></span> <span class='ocrx_word' id='word_1_585' title='bbox 1356 3822 1408 3877; x_wconf 79' lang='lat' dir='ltr'><strong>silo</strong></span> <span class='ocrx_word' id='word_1_586' title='bbox 1425 3830 1491 3875; x_wconf 88' lang='lat' dir='ltr'><strong>tunc</strong></span> <span class='ocrx_word' id='word_1_587' title='bbox 1503 3822 1619 3891; x_wconf 85' lang='lat' dir='ltr'><strong>judicio</strong></span> <span class='ocrx_word' id='word_1_588' title='bbox 1642 3823 1726 3877; x_wconf 86' lang='lat' dir='ltr'><strong>etiam</strong></span> <span class='ocrx_word' id='word_1_589' title='bbox 1740 3839 1798 3892; x_wconf 82' lang='lat' dir='ltr'><strong>pro</strong></span> <span class='ocrx_word' id='word_1_590' title='bbox 1814 3823 1862 3879; x_wconf 71' lang='lat' dir='ltr'><strong>io·</strong></span> 
     </span>
     <span class='ocr_line' id='line_1_42' title="bbox 169 3907 1863 3979; baseline -0.002 -12"><span class='ocrx_word' id='word_1_591' title='bbox 169 3910 327 3967; x_wconf 89' lang='lat' dir='ltr'><strong>bominibus</strong></span> <span class='ocrx_word' id='word_1_592' title='bbox 342 3927 420 3964; x_wconf 87' lang='lat' dir='ltr'><strong>suam</strong></span> <span class='ocrx_word' id='word_1_593' title='bbox 440 3909 559 3979; x_wconf 89' lang='lat' dir='ltr'><strong>gratiam</strong></span> <span class='ocrx_word' id='word_1_594' title='bbox 576 3915 604 3962; x_wconf 90' lang='lat' dir='ltr'><strong>et</strong></span> <span class='ocrx_word' id='word_1_595' title='bbox 622 3907 759 3964; x_wconf 86' lang='lat' dir='ltr'><strong>beneficia</strong></span> <span class='ocrx_word' id='word_1_596' title='bbox 772 3909 838 3963; x_wconf 84' lang='lat' dir='ltr'><strong>Filii</strong></span> <span class='ocrx_word' id='word_1_597' title='bbox 857 3910 901 3964; x_wconf 90' lang='lat' dir='ltr'><strong>sui</strong></span> <span class='ocrx_word' id='word_1_598' title='bbox 915 3910 1004 3968; x_wconf 79' lang='lat' dir='ltr'><strong>offert.</strong></span> <span class='ocrx_word' id='word_1_599' title='bbox 1031 3907 1151 3962; x_wconf 76' lang='lat' dir='ltr'><strong>mutibus</strong></span> <span class='ocrx_word' id='word_1_600' title='bbox 1178 3916 1293 3962; x_wconf 79' lang='lat' dir='ltr'><strong>ueterem</strong></span> <span class='ocrx_word' id='word_1_601' title='bbox 1312 3908 1377 3975; x_wconf 81' lang='lat' dir='ltr'><strong>ipae</strong></span> <span class='ocrx_word' id='word_1_602' title='bbox 1393 3908 1570 3975; x_wconf 85' lang='lat' dir='ltr'><strong>cruciandis,</strong></span> <span class='ocrx_word' id='word_1_603' title='bbox 1587 3909 1714 3977; x_wconf 67' lang='lat' dir='ltr'><strong>manvia</strong></span> <span class='ocrx_word' id='word_1_604' title='bbox 1732 3910 1863 3978; x_wconf 65' lang='lat' dir='ltr'><strong>pefecta</strong></span> 
     </span>
     <span class='ocr_line' id='line_1_43' title="bbox 170 3994 1863 4066; baseline -0.002 -13"><span class='ocrx_word' id='word_1_605' title='bbox 170 3997 212 4053; x_wconf 82' lang='lat' dir='ltr'><strong>Es</strong></span> <span class='ocrx_word' id='word_1_606' title='bbox 231 4012 264 4052; x_wconf 90' lang='lat' dir='ltr'><strong>eo</strong></span> <span class='ocrx_word' id='word_1_607' title='bbox 283 4001 374 4053; x_wconf 85' lang='lat' dir='ltr'><strong>autem</strong></span> <span class='ocrx_word' id='word_1_608' title='bbox 390 3994 601 4066; x_wconf 68' lang='lat' dir='ltr'><strong>iuferrinequit,</strong></span> <span class='ocrx_word' id='word_1_609' title='bbox 619 4011 715 4049; x_wconf 89' lang='lat' dir='ltr'><strong>omues</strong></span> <span class='ocrx_word' id='word_1_610' title='bbox 728 3996 874 4052; x_wconf 86' lang='lat' dir='ltr'><strong>damnatos</strong></span> <span class='ocrx_word' id='word_1_611' title='bbox 892 3997 1004 4056; x_wconf 82' lang='lat' dir='ltr'><strong>tandem</strong></span> <span class='ocrx_word' id='word_1_612' title='bbox 1030 3995 1068 4048; x_wconf 84' lang='lat' dir='ltr'><strong>sit</strong></span> <span class='ocrx_word' id='word_1_613' title='bbox 1084 3995 1243 4062; x_wconf 88' lang='lat' dir='ltr'><strong>sanctitate,</strong></span> <span class='ocrx_word' id='word_1_614' title='bbox 1263 4012 1319 4049; x_wconf 90' lang='lat' dir='ltr'><strong>non</strong></span> <span class='ocrx_word' id='word_1_615' title='bbox 1339 4001 1408 4047; x_wconf 82' lang='lat' dir='ltr'><strong>oret.</strong></span> <span class='ocrx_word' id='word_1_616' title='bbox 1439 3994 1522 4048; x_wconf 88' lang='lat' dir='ltr'><strong>Nunc</strong></span> <span class='ocrx_word' id='word_1_617' title='bbox 1542 3994 1616 4047; x_wconf 87' lang='lat' dir='ltr'><strong>enim</strong></span> <span class='ocrx_word' id='word_1_618' title='bbox 1636 4002 1792 4064; x_wconf 85' lang='lat' dir='ltr'><strong>propterea</strong></span> <span class='ocrx_word' id='word_1_619' title='bbox 1805 4012 1863 4065; x_wconf 90' lang='lat' dir='ltr'><strong>pro</strong></span> 
     </span>
     <span class='ocr_line' id='line_1_44' title="bbox 171 4079 1863 4154; baseline -0.002 -14"><span class='ocrx_word' id='word_1_620' title='bbox 171 4100 231 4140; x_wconf 84' lang='lat' dir='ltr'><strong>esse</strong></span> <span class='ocrx_word' id='word_1_621' title='bbox 249 4098 281 4139; x_wconf 88' lang='lat' dir='ltr'><strong>ex</strong></span> <span class='ocrx_word' id='word_1_622' title='bbox 299 4081 407 4137; x_wconf 85' lang='lat' dir='ltr'><strong>inferno</strong></span> <span class='ocrx_word' id='word_1_623' title='bbox 426 4080 593 4150; x_wconf 84' lang='lat' dir='ltr'><strong>liberandos,</strong></span> <span class='ocrx_word' id='word_1_624' title='bbox 610 4081 676 4152; x_wconf 88' lang='lat' dir='ltr'><strong>quia</strong></span> <span class='ocrx_word' id='word_1_625' title='bbox 690 4081 745 4138; x_wconf 88' lang='lat' dir='ltr'><strong>Dei</strong></span> <span class='ocrx_word' id='word_1_626' title='bbox 761 4085 890 4154; x_wconf 88' lang='lat' dir='ltr'><strong>gratiaet</strong></span> <span class='ocrx_word' id='word_1_627' title='bbox 903 4084 1005 4138; x_wconf 81' lang='lat' dir='ltr'><strong>Christi</strong></span> <span class='ocrx_word' id='word_1_628' title='bbox 1031 4082 1071 4135; x_wconf 78' lang='grc' dir='ltr'><strong>ιίι</strong></span> <span class='ocrx_word' id='word_1_629' title='bbox 1088 4089 1167 4148; x_wconf 86' lang='lat' dir='ltr'><strong>orat,</strong></span> <span class='ocrx_word' id='word_1_630' title='bbox 1196 4098 1266 4150; x_wconf 78' lang='lat' dir='ltr'><strong>quos</strong></span> <span class='ocrx_word' id='word_1_631' title='bbox 1289 4081 1320 4134; x_wconf 89' lang='lat' dir='ltr'><strong>in</strong></span> <span class='ocrx_word' id='word_1_632' title='bbox 1346 4097 1448 4150; x_wconf 78' lang='lat' dir='ltr'><strong>penore</strong></span> <span class='ocrx_word' id='word_1_633' title='bbox 1472 4081 1593 4135; x_wconf 78' lang='lat' dir='ltr'><strong>tumano</strong></span> <span class='ocrx_word' id='word_1_634' title='bbox 1619 4081 1700 4134; x_wconf 82' lang='lat' dir='ltr'><strong>babet</strong></span> <span class='ocrx_word' id='word_1_635' title='bbox 1726 4079 1863 4149; x_wconf 88' lang='lat' dir='ltr'><strong>inimicos,</strong></span> 
     </span>
     <span class='ocr_line' id='line_1_45' title="bbox 172 4166 1863 4236; baseline -0.003 -10"><span class='ocrx_word' id='word_1_636' title='bbox 172 4168 307 4226; x_wconf 76' lang='lat' dir='ltr'><strong>consuas</strong></span> <span class='ocrx_word' id='word_1_637' title='bbox 330 4184 385 4223; x_wconf 94' lang='lat' dir='ltr'><strong>uon</strong></span> <span class='ocrx_word' id='word_1_638' title='bbox 405 4169 431 4221; x_wconf 92' lang='lat' dir='ltr'><strong>iu</strong></span> <span class='ocrx_word' id='word_1_639' title='bbox 454 4167 548 4223; x_wconf 82' lang='lat' dir='ltr'><strong>futuro</strong></span> <span class='ocrx_word' id='word_1_640' title='bbox 573 4167 621 4223; x_wconf 90' lang='lat' dir='ltr'><strong>sed</strong></span> <span class='ocrx_word' id='word_1_641' title='bbox 641 4168 668 4222; x_wconf 90' lang='lat' dir='ltr'><strong>in</strong></span> <span class='ocrx_word' id='word_1_642' title='bbox 686 4167 740 4224; x_wconf 89' lang='lat' dir='ltr'><strong>hoc</strong></span> <span class='ocrx_word' id='word_1_643' title='bbox 758 4170 894 4224; x_wconf 81' lang='lat' dir='ltr'><strong>duntaxat</strong></span> <span class='ocrx_word' id='word_1_644' title='bbox 910 4170 1004 4225; x_wconf 88' lang='lat' dir='ltr'><strong>seculo</strong></span> <span class='ocrx_word' id='word_1_645' title='bbox 1031 4168 1098 4235; x_wconf 79' lang='lat' dir='ltr'><strong>quia</strong></span> <span class='ocrx_word' id='word_1_646' title='bbox 1113 4175 1218 4236; x_wconf 85' lang='lat' dir='ltr'><strong>tempus</strong></span> <span class='ocrx_word' id='word_1_647' title='bbox 1238 4173 1278 4220; x_wconf 84' lang='lat' dir='ltr'><strong>eet</strong></span> <span class='ocrx_word' id='word_1_648' title='bbox 1291 4167 1481 4235; x_wconf 87' lang='lat' dir='ltr'><strong>poenitentiae</strong></span> <span class='ocrx_word' id='word_1_649' title='bbox 1497 4168 1668 4229; x_wconf 70' lang='lat' dir='ltr'><strong>inactuosoe.</strong></span> <span class='ocrx_word' id='word_1_650' title='bbox 1700 4166 1755 4229; x_wconf 87' lang='lat' dir='ltr'><strong>Qui</strong></span> <span class='ocrx_word' id='word_1_651' title='bbox 1772 4174 1863 4221; x_wconf 80' lang='lat' dir='ltr'><strong>autem</strong></span> 
     </span>
     <span class='ocr_line' id='line_1_46' title="bbox 172 4251 1863 4323; baseline -0.002 -12"><span class='ocrx_word' id='word_1_652' title='bbox 172 4255 329 4311; x_wconf 90' lang='lat' dir='ltr'><strong>homiuibus</strong></span> <span class='ocrx_word' id='word_1_653' title='bbox 352 4253 514 4312; x_wconf 79' lang='lat' dir='ltr'><strong>offeruntur.</strong></span> <span class='ocrx_word' id='word_1_654' title='bbox 558 4259 581 4309; x_wconf 81' lang='grc' dir='ltr'><strong>ι.</strong></span> <span class='ocrx_word' id='word_1_655' title='bbox 605 4255 652 4307; x_wconf 81' lang='lat' dir='ltr'><strong>Ee</strong></span> <span class='ocrx_word' id='word_1_656' title='bbox 676 4263 781 4309; x_wconf 84' lang='lat' dir='ltr'><strong>natura</strong></span> <span class='ocrx_word' id='word_1_657' title='bbox 800 4256 914 4309; x_wconf 88' lang='lat' dir='ltr'><strong>divinae</strong></span> <span class='ocrx_word' id='word_1_658' title='bbox 934 4270 1004 4310; x_wconf 80' lang='lat' dir='ltr'><strong>com</strong></span> <span class='ocrx_word' id='word_1_659' title='bbox 1029 4268 1115 4323; x_wconf 77' lang='lat' dir='ltr'><strong>usque</strong></span> <span class='ocrx_word' id='word_1_660' title='bbox 1143 4253 1183 4307; x_wconf 88' lang='lat' dir='ltr'><strong>ad</strong></span> <span class='ocrx_word' id='word_1_661' title='bbox 1211 4261 1327 4306; x_wconf 87' lang='lat' dir='ltr'><strong>mortem</strong></span> <span class='ocrx_word' id='word_1_662' title='bbox 1355 4253 1493 4306; x_wconf 80' lang='lat' dir='ltr'><strong>latebunt</strong></span> <span class='ocrx_word' id='word_1_663' title='bbox 1518 4269 1566 4306; x_wconf 91' lang='lat' dir='ltr'><strong>cor</strong></span> <span class='ocrx_word' id='word_1_664' title='bbox 1585 4251 1783 4321; x_wconf 87' lang='lat' dir='ltr'><strong>impoenitens,</strong></span> <span class='ocrx_word' id='word_1_665' title='bbox 1806 4269 1863 4322; x_wconf 89' lang='lat' dir='ltr'><strong>pro</strong></span> 
     </span>
     <span class='ocr_line' id='line_1_47' title="bbox 171 4336 1863 4413; baseline -0.004 -16"><span class='ocrx_word' id='word_1_666' title='bbox 171 4340 342 4397; x_wconf 88' lang='lat' dir='ltr'><strong>minationis.</strong></span> <span class='ocrx_word' id='word_1_667' title='bbox 390 4341 541 4408; x_wconf 77' lang='lat' dir='ltr'><strong>Scriptura</strong></span> <span class='ocrx_word' id='word_1_668' title='bbox 567 4339 662 4393; x_wconf 88' lang='lat' dir='ltr'><strong>multis</strong></span> <span class='ocrx_word' id='word_1_669' title='bbox 690 4341 837 4402; x_wconf 71' lang='lat' dir='ltr'><strong>confirmat</strong></span> <span class='ocrx_word' id='word_1_670' title='bbox 864 4342 1004 4413; x_wconf 75' lang='lat' dir='ltr'><strong>exemplis,</strong></span> <span class='ocrx_word' id='word_1_671' title='bbox 1030 4339 1132 4392; x_wconf 88' lang='lat' dir='ltr'><strong>talium</strong></span> <span class='ocrx_word' id='word_1_672' title='bbox 1160 4339 1358 4403; x_wconf 80' lang='lat' dir='ltr'><strong>defunctorum</strong></span> <span class='ocrx_word' id='word_1_673' title='bbox 1387 4339 1533 4406; x_wconf 83' lang='lat' dir='ltr'><strong>spiritibus</strong></span> <span class='ocrx_word' id='word_1_674' title='bbox 1565 4355 1621 4391; x_wconf 91' lang='lat' dir='ltr'><strong>non</strong></span> <span class='ocrx_word' id='word_1_675' title='bbox 1647 4345 1712 4391; x_wconf 88' lang='lat' dir='ltr'><strong>orat</strong></span> <span class='ocrx_word' id='word_1_676' title='bbox 1737 4336 1863 4406; x_wconf 82' lang='lat' dir='ltr'><strong>ecelesia,</strong></span> 
     </span>
     <span class='ocr_line' id='line_1_48' title="bbox 174 4422 1863 4498; baseline -0.003 -15"><span class='ocrx_word' id='word_1_677' title='bbox 174 4431 266 4483; x_wconf 85' lang='lat' dir='ltr'><strong>Deum</strong></span> <span class='ocrx_word' id='word_1_678' title='bbox 277 4428 421 4498; x_wconf 83' lang='lat' dir='ltr'><strong>supplicia</strong></span> <span class='ocrx_word' id='word_1_679' title='bbox 435 4427 562 4482; x_wconf 86' lang='lat' dir='ltr'><strong>absolute</strong></span> <span class='ocrx_word' id='word_1_680' title='bbox 579 4426 746 4479; x_wconf 89' lang='lat' dir='ltr'><strong>comminari</strong></span> <span class='ocrx_word' id='word_1_681' title='bbox 762 4433 788 4478; x_wconf 90' lang='lat' dir='ltr'><strong>et</strong></span> <span class='ocrx_word' id='word_1_682' title='bbox 805 4430 1004 4486; x_wconf 83' lang='lat' dir='ltr'><strong>tameneadem</strong></span> <span class='ocrx_word' id='word_1_683' title='bbox 1030 4424 1176 4494; x_wconf 79' lang='lat' dir='ltr'><strong>quiajam</strong></span> <span class='ocrx_word' id='word_1_684' title='bbox 1193 4424 1223 4476; x_wconf 90' lang='lat' dir='ltr'><strong>in</strong></span> <span class='ocrx_word' id='word_1_685' title='bbox 1239 4432 1322 4492; x_wconf 87' lang='lat' dir='ltr'><strong>porte</strong></span> <span class='ocrx_word' id='word_1_686' title='bbox 1339 4424 1450 4477; x_wconf 85' lang='lat' dir='ltr'><strong>diaboli</strong></span> <span class='ocrx_word' id='word_1_687' title='bbox 1466 4430 1663 4496; x_wconf 86' lang='lat' dir='ltr'><strong>computantur</strong></span> <span class='ocrx_word' id='word_1_688' title='bbox 1680 4428 1733 4479; x_wconf 91' lang='lat' dir='ltr'><strong>etc.</strong></span> <span class='ocrx_word' id='word_1_689' title='bbox 1766 4422 1863 4479; x_wconf 81' lang='lat' dir='ltr'><strong>Brevi·</strong></span> 
     </span>
     <span class='ocr_line' id='line_1_49' title="bbox 171 4508 1863 4584; baseline -0.002 -16"><span class='ocrx_word' id='word_1_690' title='bbox 171 4521 272 4584; x_wconf 88' lang='lat' dir='ltr'><strong>postea</strong></span> <span class='ocrx_word' id='word_1_691' title='bbox 291 4530 347 4568; x_wconf 90' lang='lat' dir='ltr'><strong>non</strong></span> <span class='ocrx_word' id='word_1_692' title='bbox 367 4514 488 4577; x_wconf 74' lang='lat' dir='ltr'><strong>inferre,</strong></span> <span class='ocrx_word' id='word_1_693' title='bbox 514 4519 544 4564; x_wconf 90' lang='grc' dir='ltr'><strong>ιιι</strong></span> <span class='ocrx_word' id='word_1_694' title='bbox 560 4518 640 4580; x_wconf 89' lang='lat' dir='ltr'><strong>potet</strong></span> <span class='ocrx_word' id='word_1_695' title='bbox 657 4512 784 4581; x_wconf 82' lang='lat' dir='ltr'><strong>enemplo</strong></span> <span class='ocrx_word' id='word_1_696' title='bbox 801 4512 1003 4578; x_wconf 80' lang='lat' dir='ltr'><strong>Ninivitarum,</strong></span> <span class='ocrx_word' id='word_1_697' title='bbox 1030 4517 1073 4566; x_wconf 86' lang='lat' dir='ltr'><strong>ter</strong></span> <span class='ocrx_word' id='word_1_698' title='bbox 1090 4509 1295 4580; x_wconf 88' lang='lat' dir='ltr'><strong>respondemus,</strong></span> <span class='ocrx_word' id='word_1_699' title='bbox 1317 4510 1445 4563; x_wconf 82' lang='lat' dir='ltr'><strong>voluutas</strong></span> <span class='ocrx_word' id='word_1_700' title='bbox 1464 4510 1616 4563; x_wconf 88' lang='lat' dir='ltr'><strong>electorum</strong></span> <span class='ocrx_word' id='word_1_701' title='bbox 1637 4508 1748 4565; x_wconf 82' lang='lat' dir='ltr'><strong>divinae</strong></span> <span class='ocrx_word' id='word_1_702' title='bbox 1765 4510 1863 4565; x_wconf 83' lang='lat' dir='ltr'><strong>voluu-</strong></span> 
     </span>
     <span class='ocr_line' id='line_1_50' title="bbox 172 4595 1864 4670; baseline -0.003 -14"><span class='ocrx_word' id='word_1_703' title='bbox 172 4603 248 4658; x_wconf 84' lang='lat' dir='ltr'><strong>unde</strong></span> <span class='ocrx_word' id='word_1_704' title='bbox 266 4599 447 4665; x_wconf 85' lang='lat' dir='ltr'><strong>intellipitur,</strong></span> <span class='ocrx_word' id='word_1_705' title='bbox 470 4599 585 4667; x_wconf 81' lang='lat' dir='ltr'><strong>quando</strong></span> <span class='ocrx_word' id='word_1_706' title='bbox 606 4598 688 4653; x_wconf 86' lang='lat' dir='ltr'><strong>Deus</strong></span> <span class='ocrx_word' id='word_1_707' title='bbox 710 4599 834 4651; x_wconf 75' lang='lat' dir='ltr'><strong>minutior</strong></span> <span class='ocrx_word' id='word_1_708' title='bbox 853 4599 1004 4667; x_wconf 83' lang='lat' dir='ltr'><strong>supplicio,</strong></span> <span class='ocrx_word' id='word_1_709' title='bbox 1031 4597 1082 4651; x_wconf 90' lang='lat' dir='ltr'><strong>tati</strong></span> <span class='ocrx_word' id='word_1_710' title='bbox 1108 4597 1160 4650; x_wconf 89' lang='lat' dir='ltr'><strong>erit</strong></span> <span class='ocrx_word' id='word_1_711' title='bbox 1179 4595 1350 4651; x_wconf 85' lang='lat' dir='ltr'><strong>exactissime</strong></span> <span class='ocrx_word' id='word_1_712' title='bbox 1368 4595 1530 4660; x_wconf 80' lang='lat' dir='ltr'><strong>conformis,</strong></span> <span class='ocrx_word' id='word_1_713' title='bbox 1558 4613 1608 4665; x_wconf 89' lang='lat' dir='ltr'><strong>pro</strong></span> <span class='ocrx_word' id='word_1_714' title='bbox 1635 4595 1772 4651; x_wconf 84' lang='lat' dir='ltr'><strong>damnatis</strong></span> <span class='ocrx_word' id='word_1_715' title='bbox 1796 4613 1864 4670; x_wconf 87' lang='lat' dir='ltr'><strong>ergo</strong></span> 
     </span>
     <span class='ocr_line' id='line_1_51' title="bbox 171 4681 1864 4758; baseline -0.001 -17"><span class='ocrx_word' id='word_1_716' title='bbox 171 4706 229 4743; x_wconf 90' lang='lat' dir='ltr'><strong>non</strong></span> <span class='ocrx_word' id='word_1_717' title='bbox 246 4685 417 4758; x_wconf 77' lang='lat' dir='ltr'><strong>sipnificari,</strong></span> <span class='ocrx_word' id='word_1_718' title='bbox 435 4699 471 4736; x_wconf 89' lang='lat' dir='ltr'><strong>ea</strong></span> <span class='ocrx_word' id='word_1_719' title='bbox 487 4700 603 4738; x_wconf 89' lang='lat' dir='ltr'><strong>revera</strong></span> <span class='ocrx_word' id='word_1_720' title='bbox 626 4699 687 4739; x_wconf 90' lang='lat' dir='ltr'><strong>esse</strong></span> <span class='ocrx_word' id='word_1_721' title='bbox 704 4684 864 4750; x_wconf 76' lang='lat' dir='ltr'><strong>inferenda,</strong></span> <span class='ocrx_word' id='word_1_722' title='bbox 883 4686 935 4738; x_wconf 89' lang='lat' dir='ltr'><strong>sed</strong></span> <span class='ocrx_word' id='word_1_723' title='bbox 952 4701 1005 4750; x_wconf 90' lang='lat' dir='ltr'><strong>eos,</strong></span> <span class='ocrx_word' id='word_1_724' title='bbox 1031 4700 1049 4737; x_wconf 88' lang='lat' dir='ltr'><strong>a</strong></span> <span class='ocrx_word' id='word_1_725' title='bbox 1068 4682 1140 4737; x_wconf 82' lang='lat' dir='ltr'><strong>iacis</strong></span> <span class='ocrx_word' id='word_1_726' title='bbox 1158 4681 1211 4736; x_wconf 92' lang='lat' dir='ltr'><strong>Dei</strong></span> <span class='ocrx_word' id='word_1_727' title='bbox 1231 4684 1308 4753; x_wconf 84' lang='lat' dir='ltr'><strong>justo</strong></span> <span class='ocrx_word' id='word_1_728' title='bbox 1333 4682 1394 4752; x_wconf 86' lang='lat' dir='ltr'><strong>ejus</strong></span> <span class='ocrx_word' id='word_1_729' title='bbox 1409 4682 1516 4752; x_wconf 90' lang='lat' dir='ltr'><strong>judicio</strong></span> <span class='ocrx_word' id='word_1_730' title='bbox 1541 4682 1570 4737; x_wconf 93' lang='lat' dir='ltr'><strong>iu</strong></span> <span class='ocrx_word' id='word_1_731' title='bbox 1587 4691 1728 4737; x_wconf 72' lang='lat' dir='ltr'><strong>sommum</strong></span> <span class='ocrx_word' id='word_1_732' title='bbox 1748 4682 1864 4753; x_wconf 83' lang='lat' dir='ltr'><strong>abjectis</strong></span> 
     </span>
     <span class='ocr_line' id='line_1_52' title="bbox 173 4766 1864 4845; baseline -0.002 -17"><span class='ocrx_word' id='word_1_733' title='bbox 173 4775 273 4845; x_wconf 76' lang='lat' dir='ltr'><strong>quibus</strong></span> <span class='ocrx_word' id='word_1_734' title='bbox 301 4775 489 4836; x_wconf 84' lang='lat' dir='ltr'><strong>intentantur,</strong></span> <span class='ocrx_word' id='word_1_735' title='bbox 520 4771 621 4838; x_wconf 78' lang='lat' dir='ltr'><strong>dipnos</strong></span> <span class='ocrx_word' id='word_1_736' title='bbox 648 4787 721 4833; x_wconf 87' lang='lat' dir='ltr'><strong>esse,</strong></span> <span class='ocrx_word' id='word_1_737' title='bbox 754 4771 852 4839; x_wconf 72' lang='lat' dir='ltr'><strong>quidese</strong></span> <span class='ocrx_word' id='word_1_738' title='bbox 882 4771 937 4825; x_wconf 89' lang='lat' dir='ltr'><strong>illa</strong></span> <span class='ocrx_word' id='word_1_739' title='bbox 963 4772 1006 4823; x_wconf 78' lang='lat' dir='ltr'><strong>in·</strong></span> <span class='ocrx_word' id='word_1_740' title='bbox 1032 4786 1088 4823; x_wconf 90' lang='lat' dir='ltr'><strong>unu</strong></span> <span class='ocrx_word' id='word_1_741' title='bbox 1104 4766 1237 4834; x_wconf 83' lang='lat' dir='ltr'><strong>orabunt,</strong></span> <span class='ocrx_word' id='word_1_742' title='bbox 1265 4767 1314 4821; x_wconf 87' lang='lat' dir='ltr'><strong>sod</strong></span> <span class='ocrx_word' id='word_1_743' title='bbox 1344 4774 1457 4838; x_wconf 88' lang='lat' dir='ltr'><strong>propter</strong></span> <span class='ocrx_word' id='word_1_744' title='bbox 1479 4768 1589 4838; x_wconf 88' lang='lat' dir='ltr'><strong>judicia</strong></span> <span class='ocrx_word' id='word_1_745' title='bbox 1613 4768 1708 4823; x_wconf 83' lang='lat' dir='ltr'><strong>diviua</strong></span> <span class='ocrx_word' id='word_1_746' title='bbox 1730 4770 1864 4824; x_wconf 66' lang='lat' dir='ltr'><strong>memus</strong></span> 
     </span>
     <span class='ocr_line' id='line_1_53' title="bbox 172 4853 1864 4927; baseline -0.004 -12"><span class='ocrx_word' id='word_1_747' title='bbox 172 4863 313 4926; x_wconf 80' lang='lat' dir='ltr'><strong>ferantur.</strong></span> <span class='ocrx_word' id='word_1_748' title='bbox 345 4856 505 4926; x_wconf 87' lang='lat' dir='ltr'><strong>Respondet</strong></span> <span class='ocrx_word' id='word_1_749' title='bbox 517 4856 690 4927; x_wconf 86' lang='lat' dir='ltr'><strong>Augustinus</strong></span> <span class='ocrx_word' id='word_1_750' title='bbox 712 4856 787 4911; x_wconf 90' lang='lat' dir='ltr'><strong>dicto</strong></span> <span class='ocrx_word' id='word_1_751' title='bbox 799 4856 868 4922; x_wconf 89' lang='lat' dir='ltr'><strong>loco,</strong></span> <span class='ocrx_word' id='word_1_752' title='bbox 886 4855 1006 4913; x_wconf 84' lang='lat' dir='ltr'><strong>Niuiseu</strong></span> <span class='ocrx_word' id='word_1_753' title='bbox 1032 4855 1106 4925; x_wconf 88' lang='lat' dir='ltr'><strong>ipsos</strong></span> <span class='ocrx_word' id='word_1_754' title='bbox 1124 4854 1201 4908; x_wconf 87' lang='lat' dir='ltr'><strong>edita</strong></span> <span class='ocrx_word' id='word_1_755' title='bbox 1220 4853 1406 4909; x_wconf 84' lang='lat' dir='ltr'><strong>exsultabunt.</strong></span> <span class='ocrx_word' id='word_1_756' title='bbox 1443 4853 1485 4908; x_wconf 83' lang='lat' dir='ltr'><strong>Ex</strong></span> <span class='ocrx_word' id='word_1_757' title='bbox 1505 4854 1548 4909; x_wconf 88' lang='lat' dir='ltr'><strong>bis</strong></span> <span class='ocrx_word' id='word_1_758' title='bbox 1566 4854 1602 4910; x_wconf 88' lang='lat' dir='ltr'><strong>ad</strong></span> <span class='ocrx_word' id='word_1_759' title='bbox 1619 4854 1727 4926; x_wconf 84' lang='lat' dir='ltr'><strong>reliqua</strong></span> <span class='ocrx_word' id='word_1_760' title='bbox 1741 4854 1864 4926; x_wconf 77' lang='lat' dir='ltr'><strong>Scriptu-</strong></span> 
     </span>
     <span class='ocr_line' id='line_1_54' title="bbox 170 4940 1864 5018; baseline -0.001 -17"><span class='ocrx_word' id='word_1_761' title='bbox 170 4951 252 5018; x_wconf 82' lang='lat' dir='ltr'><strong>juxta</strong></span> <span class='ocrx_word' id='word_1_762' title='bbox 279 4944 399 4998; x_wconf 83' lang='lat' dir='ltr'><strong>divinam</strong></span> <span class='ocrx_word' id='word_1_763' title='bbox 425 4941 641 5013; x_wconf 89' lang='lat' dir='ltr'><strong>praedictionem</strong></span> <span class='ocrx_word' id='word_1_764' title='bbox 666 4958 730 4998; x_wconf 85' lang='lat' dir='ltr'><strong>sere</strong></span> <span class='ocrx_word' id='word_1_765' title='bbox 760 4959 883 4998; x_wconf 82' lang='lat' dir='ltr'><strong>eversam</strong></span> <span class='ocrx_word' id='word_1_766' title='bbox 911 4942 1005 4997; x_wconf 81' lang='lat' dir='ltr'><strong>fuisse.</strong></span> <span class='ocrx_word' id='word_1_767' title='bbox 1032 4957 1080 4996; x_wconf 85' lang='lat' dir='ltr'><strong>rae</strong></span> <span class='ocrx_word' id='word_1_768' title='bbox 1109 4940 1185 4994; x_wconf 85' lang='lat' dir='ltr'><strong>dicta</strong></span> <span class='ocrx_word' id='word_1_769' title='bbox 1215 4944 1243 4993; x_wconf 88' lang='lat' dir='ltr'><strong>et</strong></span> <span class='ocrx_word' id='word_1_770' title='bbox 1276 4949 1441 5010; x_wconf 86' lang='lat' dir='ltr'><strong>argumente</strong></span> <span class='ocrx_word' id='word_1_771' title='bbox 1467 4941 1549 4996; x_wconf 85' lang='lat' dir='ltr'><strong>iscile</strong></span> <span class='ocrx_word' id='word_1_772' title='bbox 1574 4941 1735 5011; x_wconf 87' lang='lat' dir='ltr'><strong>responderi</strong></span> <span class='ocrx_word' id='word_1_773' title='bbox 1764 4946 1864 5011; x_wconf 73' lang='lat' dir='ltr'><strong>pocus</strong></span> 
     </span>
     <span class='ocr_line' id='line_1_55' title="bbox 174 5024 1865 5100; baseline -0.003 -12"><span class='ocrx_word' id='word_1_774' title='bbox 174 5035 361 5098; x_wconf 80' lang='lat' dir='ltr'><strong>Evertuntur,</strong></span> <span class='ocrx_word' id='word_1_775' title='bbox 386 5029 491 5100; x_wconf 86' lang='lat' dir='ltr'><strong>inquit,</strong></span> <span class='ocrx_word' id='word_1_776' title='bbox 512 5034 678 5097; x_wconf 85' lang='lat' dir='ltr'><strong>peccatores</strong></span> <span class='ocrx_word' id='word_1_777' title='bbox 696 5030 804 5084; x_wconf 83' lang='lat' dir='ltr'><strong>duobus</strong></span> <span class='ocrx_word' id='word_1_778' title='bbox 821 5030 926 5096; x_wconf 88' lang='lat' dir='ltr'><strong>modis,</strong></span> <span class='ocrx_word' id='word_1_779' title='bbox 955 5036 1006 5082; x_wconf 85' lang='lat' dir='ltr'><strong>aas</strong></span> <span class='ocrx_word' id='word_1_780' title='bbox 1032 5028 1218 5097; x_wconf 86' lang='lat' dir='ltr'><strong>Hieronymus</strong></span> <span class='ocrx_word' id='word_1_781' title='bbox 1234 5025 1264 5079; x_wconf 91' lang='lat' dir='ltr'><strong>iu</strong></span> <span class='ocrx_word' id='word_1_782' title='bbox 1281 5024 1336 5080; x_wconf 87' lang='lat' dir='ltr'><strong>fine</strong></span> <span class='ocrx_word' id='word_1_783' title='bbox 1356 5027 1402 5082; x_wconf 88' lang='lat' dir='ltr'><strong>lib.</strong></span> <span class='ocrx_word' id='word_1_784' title='bbox 1423 5033 1462 5084; x_wconf 83' lang='lat' dir='ltr'><strong>te.</strong></span> <span class='ocrx_word' id='word_1_785' title='bbox 1481 5026 1510 5082; x_wconf 90' lang='lat' dir='ltr'><strong>iu</strong></span> <span class='ocrx_word' id='word_1_786' title='bbox 1526 5027 1652 5083; x_wconf 84' lang='lat' dir='ltr'><strong>Esaiam:</strong></span> <span class='ocrx_word' id='word_1_787' title='bbox 1687 5027 1744 5090; x_wconf 82' lang='lat' dir='ltr'><strong>Qui</strong></span> <span class='ocrx_word' id='word_1_788' title='bbox 1758 5029 1865 5098; x_wconf 83' lang='lat' dir='ltr'><strong>volunt,</strong></span> 
     </span>
     <span class='ocr_line' id='line_1_56' title="bbox 171 5113 1863 5186; baseline -0.002 -13"><span class='ocrx_word' id='word_1_789' title='bbox 171 5121 245 5174; x_wconf 85' lang='lat' dir='ltr'><strong>sicut</strong></span> <span class='ocrx_word' id='word_1_790' title='bbox 266 5117 438 5181; x_wconf 78' lang='lat' dir='ltr'><strong>dodomitoe,</strong></span> <span class='ocrx_word' id='word_1_791' title='bbox 461 5121 492 5168; x_wconf 90' lang='lat' dir='ltr'><strong>ut</strong></span> <span class='ocrx_word' id='word_1_792' title='bbox 509 5131 566 5184; x_wconf 87' lang='lat' dir='ltr'><strong>pro</strong></span> <span class='ocrx_word' id='word_1_793' title='bbox 586 5115 713 5183; x_wconf 87' lang='lat' dir='ltr'><strong>peccatis</strong></span> <span class='ocrx_word' id='word_1_794' title='bbox 730 5115 789 5169; x_wconf 76' lang='grc' dir='ltr'><strong><em>ιιιίι</em></strong></span> <span class='ocrx_word' id='word_1_795' title='bbox 807 5115 864 5186; x_wconf 86' lang='lat' dir='ltr'><strong>ipsi</strong></span> <span class='ocrx_word' id='word_1_796' title='bbox 883 5116 1007 5170; x_wconf 80' lang='lat' dir='ltr'><strong>lominus</strong></span> <span class='ocrx_word' id='word_1_797' title='bbox 1032 5113 1174 5183; x_wconf 86' lang='lat' dir='ltr'><strong>supplicia</strong></span> <span class='ocrx_word' id='word_1_798' title='bbox 1191 5113 1349 5180; x_wconf 77' lang='lat' dir='ltr'><strong>aliquando</strong></span> <span class='ocrx_word' id='word_1_799' title='bbox 1366 5114 1446 5177; x_wconf 79' lang='lat' dir='ltr'><strong>finiri</strong></span> <span class='ocrx_word' id='word_1_800' title='bbox 1465 5122 1506 5178; x_wconf 88' lang='lat' dir='ltr'><strong>et,</strong></span> <span class='ocrx_word' id='word_1_801' title='bbox 1526 5113 1590 5167; x_wconf 91' lang='lat' dir='ltr'><strong>licet</strong></span> <span class='ocrx_word' id='word_1_802' title='bbox 1605 5122 1671 5183; x_wconf 88' lang='lat' dir='ltr'><strong>post</strong></span> <span class='ocrx_word' id='word_1_803' title='bbox 1687 5115 1777 5169; x_wconf 80' lang='lat' dir='ltr'><strong>muita</strong></span> <span class='ocrx_word' id='word_1_804' title='bbox 1797 5122 1863 5169; x_wconf 66' lang='lat' dir='ltr'><strong>tens</strong></span> 
     </span>
     <span class='ocr_line' id='line_1_57' title="bbox 171 5199 1865 5278; baseline -0.002 -19"><span class='ocrx_word' id='word_1_805' title='bbox 171 5207 336 5278; x_wconf 87' lang='lat' dir='ltr'><strong>puniantur,</strong></span> <span class='ocrx_word' id='word_1_806' title='bbox 364 5211 415 5256; x_wconf 80' lang='lat' dir='ltr'><strong>aut</strong></span> <span class='ocrx_word' id='word_1_807' title='bbox 441 5202 512 5256; x_wconf 88' lang='lat' dir='ltr'><strong>sicut</strong></span> <span class='ocrx_word' id='word_1_808' title='bbox 539 5199 692 5268; x_wconf 87' lang='lat' dir='ltr'><strong>Ninivitas,</strong></span> <span class='ocrx_word' id='word_1_809' title='bbox 719 5208 750 5253; x_wconf 87' lang='lat' dir='ltr'><strong>ut</strong></span> <span class='ocrx_word' id='word_1_810' title='bbox 775 5201 840 5270; x_wconf 74' lang='lat' dir='ltr'><strong>ipsa</strong></span> <span class='ocrx_word' id='word_1_811' title='bbox 866 5200 1007 5256; x_wconf 86' lang='lat' dir='ltr'><strong>lominum</strong></span> <span class='ocrx_word' id='word_1_812' title='bbox 1028 5216 1113 5268; x_wconf 83' lang='lat' dir='ltr'><strong>pora,</strong></span> <span class='ocrx_word' id='word_1_813' title='bbox 1129 5205 1223 5252; x_wconf 89' lang='lat' dir='ltr'><strong>tomen</strong></span> <span class='ocrx_word' id='word_1_814' title='bbox 1242 5199 1389 5253; x_wconf 67' lang='lat' dir='ltr'><strong>tantinum</strong></span> <span class='ocrx_word' id='word_1_815' title='bbox 1406 5199 1506 5253; x_wconf 80' lang='lat' dir='ltr'><strong>labere</strong></span> <span class='ocrx_word' id='word_1_816' title='bbox 1526 5207 1670 5265; x_wconf 86' lang='lat' dir='ltr'><strong>tormento,</strong></span> <span class='ocrx_word' id='word_1_817' title='bbox 1688 5200 1733 5254; x_wconf 84' lang='lat' dir='ltr'><strong>bis</strong></span> <span class='ocrx_word' id='word_1_818' title='bbox 1747 5208 1865 5256; x_wconf 78' lang='lat' dir='ltr'><strong>utantur</strong></span> 
     </span>
     <span class='ocr_line' id='line_1_58' title="bbox 169 5285 1864 5364; baseline -0.004 -16"><span class='ocrx_word' id='word_1_819' title='bbox 169 5300 291 5364; x_wconf 87' lang='lat' dir='ltr'><strong>peccata</strong></span> <span class='ocrx_word' id='word_1_820' title='bbox 310 5290 482 5360; x_wconf 89' lang='lat' dir='ltr'><strong>poenitendo</strong></span> <span class='ocrx_word' id='word_1_821' title='bbox 507 5289 695 5341; x_wconf 78' lang='lat' dir='ltr'><strong>destmmntur.</strong></span> <span class='ocrx_word' id='word_1_822' title='bbox 732 5287 853 5342; x_wconf 82' lang='lat' dir='ltr'><strong>Factum</strong></span> <span class='ocrx_word' id='word_1_823' title='bbox 871 5295 912 5342; x_wconf 90' lang='lat' dir='ltr'><strong>est</strong></span> <span class='ocrx_word' id='word_1_824' title='bbox 930 5304 1007 5358; x_wconf 77' lang='lat' dir='ltr'><strong>erpo,</strong></span> <span class='ocrx_word' id='word_1_825' title='bbox 1032 5285 1212 5341; x_wconf 87' lang='lat' dir='ltr'><strong>testimoniis:</strong></span> <span class='ocrx_word' id='word_1_826' title='bbox 1233 5285 1301 5340; x_wconf 75' lang='grc' dir='ltr'><strong><em>Οιιιη</em></strong></span> <span class='ocrx_word' id='word_1_827' title='bbox 1319 5285 1465 5340; x_wconf 89' lang='lat' dir='ltr'><strong>intraverit</strong></span> <span class='ocrx_word' id='word_1_828' title='bbox 1477 5285 1629 5354; x_wconf 85' lang='lat' dir='ltr'><strong>plenitudo</strong></span> <span class='ocrx_word' id='word_1_829' title='bbox 1645 5287 1775 5354; x_wconf 82' lang='lat' dir='ltr'><strong>pontium,</strong></span> <span class='ocrx_word' id='word_1_830' title='bbox 1798 5294 1864 5341; x_wconf 81' lang='lat' dir='ltr'><strong>tune</strong></span> 
     </span>
     <span class='ocr_line' id='line_1_59' title="bbox 174 5369 1865 5450; baseline -0.003 -17"><span class='ocrx_word' id='word_1_831' title='bbox 174 5380 252 5450; x_wconf 74' lang='lat' dir='ltr'><strong>quod</strong></span> <span class='ocrx_word' id='word_1_832' title='bbox 266 5378 340 5432; x_wconf 65' lang='lat' dir='ltr'><strong>dreit</strong></span> <span class='ocrx_word' id='word_1_833' title='bbox 357 5374 505 5429; x_wconf 86' lang='lat' dir='ltr'><strong>Dominus.</strong></span> <span class='ocrx_word' id='word_1_834' title='bbox 536 5372 647 5426; x_wconf 85' lang='lat' dir='ltr'><strong>Everso</strong></span> <span class='ocrx_word' id='word_1_835' title='bbox 665 5379 705 5426; x_wconf 91' lang='lat' dir='ltr'><strong>est</strong></span> <span class='ocrx_word' id='word_1_836' title='bbox 721 5375 792 5428; x_wconf 86' lang='lat' dir='ltr'><strong>enim</strong></span> <span class='ocrx_word' id='word_1_837' title='bbox 806 5375 918 5442; x_wconf 86' lang='lat' dir='ltr'><strong>Ninive,</strong></span> <span class='ocrx_word' id='word_1_838' title='bbox 935 5391 1008 5444; x_wconf 77' lang='lat' dir='ltr'><strong>quae</strong></span> <span class='ocrx_word' id='word_1_839' title='bbox 1034 5373 1124 5426; x_wconf 89' lang='lat' dir='ltr'><strong>omnis</strong></span> <span class='ocrx_word' id='word_1_840' title='bbox 1132 5371 1227 5425; x_wconf 79' lang='lat' dir='ltr'><strong>Israel</strong></span> <span class='ocrx_word' id='word_1_841' title='bbox 1239 5371 1335 5425; x_wconf 73' lang='lat' dir='ltr'><strong>salvsoe</strong></span> <span class='ocrx_word' id='word_1_842' title='bbox 1347 5374 1400 5439; x_wconf 79' lang='lat' dir='ltr'><strong>fiet</strong></span> <span class='ocrx_word' id='word_1_843' title='bbox 1410 5373 1529 5425; x_wconf 82' lang='lat' dir='ltr'><strong>Roman.</strong></span> <span class='ocrx_word' id='word_1_844' title='bbox 1544 5374 1571 5425; x_wconf 84' lang='lat'><strong>2.</strong></span> <span class='ocrx_word' id='word_1_845' title='bbox 1597 5369 1634 5426; x_wconf 80' lang='lat' dir='ltr'><strong>ut</strong></span> <span class='ocrx_word' id='word_1_846' title='bbox 1651 5370 1765 5427; x_wconf 89' lang='lat' dir='ltr'><strong>iterum:</strong></span> <span class='ocrx_word' id='word_1_847' title='bbox 1794 5371 1865 5428; x_wconf 79' lang='lat' dir='ltr'><strong>Gon·</strong></span> 
     </span>
     <span class='ocr_line' id='line_1_60' title="bbox 175 5458 1865 5533; baseline -0.004 -12"><span class='ocrx_word' id='word_1_848' title='bbox 175 5467 253 5521; x_wconf 84' lang='lat' dir='ltr'><strong>maia</strong></span> <span class='ocrx_word' id='word_1_849' title='bbox 275 5471 352 5533; x_wconf 84' lang='lat' dir='ltr'><strong>erat,</strong></span> <span class='ocrx_word' id='word_1_850' title='bbox 377 5469 402 5516; x_wconf 88' lang='lat' dir='ltr'><strong>et</strong></span> <span class='ocrx_word' id='word_1_851' title='bbox 428 5461 501 5514; x_wconf 83' lang='lat' dir='ltr'><strong>bona</strong></span> <span class='ocrx_word' id='word_1_852' title='bbox 525 5459 679 5522; x_wconf 81' lang='lat' dir='ltr'><strong>aedificato</strong></span> <span class='ocrx_word' id='word_1_853' title='bbox 698 5465 751 5525; x_wconf 88' lang='lat' dir='ltr'><strong>est,</strong></span> <span class='ocrx_word' id='word_1_854' title='bbox 775 5476 847 5527; x_wconf 74' lang='lat' dir='ltr'><strong>quae</strong></span> <span class='ocrx_word' id='word_1_855' title='bbox 867 5477 923 5514; x_wconf 92' lang='lat' dir='ltr'><strong>non</strong></span> <span class='ocrx_word' id='word_1_856' title='bbox 939 5469 1008 5516; x_wconf 80' lang='lat' dir='ltr'><strong>erat</strong></span> <span class='ocrx_word' id='word_1_857' title='bbox 1033 5459 1117 5514; x_wconf 88' lang='lat' dir='ltr'><strong>clusit</strong></span> <span class='ocrx_word' id='word_1_858' title='bbox 1142 5458 1223 5511; x_wconf 89' lang='lat' dir='ltr'><strong>Deus</strong></span> <span class='ocrx_word' id='word_1_859' title='bbox 1244 5458 1339 5513; x_wconf 87' lang='lat' dir='ltr'><strong>omnia</strong></span> <span class='ocrx_word' id='word_1_860' title='bbox 1355 5458 1406 5511; x_wconf 81' lang='lat' dir='ltr'><strong>sub</strong></span> <span class='ocrx_word' id='word_1_861' title='bbox 1424 5466 1556 5527; x_wconf 89' lang='lat' dir='ltr'><strong>peccato,</strong></span> <span class='ocrx_word' id='word_1_862' title='bbox 1584 5465 1616 5512; x_wconf 87' lang='lat' dir='ltr'><strong>ut</strong></span> <span class='ocrx_word' id='word_1_863' title='bbox 1642 5458 1764 5512; x_wconf 84' lang='lat' dir='ltr'><strong>omnium</strong></span> <span class='ocrx_word' id='word_1_864' title='bbox 1785 5461 1865 5514; x_wconf 78' lang='lat' dir='ltr'><strong>nuiss·</strong></span> 
     </span>
    </p>
   </div>
   <div class='ocr_carea' id='block_1_3' title="bbox 178 5541 1864 5616">
    <p class='ocr_par' dir='ltr' id='par_1_3' title="bbox 178 5541 1864 5616">
     <span class='ocr_line' id='line_1_61' title="bbox 178 5541 1864 5616; baseline -0.001 -14"><span class='ocrx_word' id='word_1_865' title='bbox 178 5551 322 5607; x_wconf 66' lang='lat' dir='ltr'><strong>&amp;aetitia</strong></span> <span class='ocrx_word' id='word_1_866' title='bbox 346 5547 420 5603; x_wconf 87' lang='lat' dir='ltr'><strong>enim</strong></span> <span class='ocrx_word' id='word_1_867' title='bbox 442 5545 584 5601; x_wconf 74' lang='lat' dir='ltr'><strong>moenibus</strong></span> <span class='ocrx_word' id='word_1_868' title='bbox 605 5551 690 5615; x_wconf 75' lang='lat' dir='ltr'><strong>atoue</strong></span> <span class='ocrx_word' id='word_1_869' title='bbox 708 5543 835 5599; x_wconf 86' lang='lat' dir='ltr'><strong>domibus</strong></span> <span class='ocrx_word' id='word_1_870' title='bbox 853 5562 949 5600; x_wconf 73' lang='lat' dir='ltr'><strong>eve-sa</strong></span> <span class='ocrx_word' id='word_1_871' title='bbox 967 5553 1009 5600; x_wconf 85' lang='lat' dir='ltr'><strong>est</strong></span> <span class='ocrx_word' id='word_1_872' title='bbox 1034 5552 1133 5601; x_wconf 85' lang='lat' dir='ltr'><strong>reatus·</strong></span> <span class='ocrx_word' id='word_1_873' title='bbox 1158 5541 1256 5601; x_wconf 70' lang='lat' dir='ltr'><strong>datar</strong></span> <span class='ocrx_word' id='word_1_874' title='bbox 1276 5547 1303 5599; x_wconf 72' lang='grc' dir='ltr'><strong>ὅ.</strong></span> <span class='ocrx_word' id='word_1_875' title='bbox 1327 5550 1353 5597; x_wconf 87' lang='lat' dir='ltr'><strong>et</strong></span> <span class='ocrx_word' id='word_1_876' title='bbox 1379 5544 1410 5597; x_wconf 90' lang='lat' dir='ltr'><strong>in</strong></span> <span class='ocrx_word' id='word_1_877' title='bbox 1435 5544 1496 5600; x_wconf 89' lang='lat' dir='ltr'><strong>aiio</strong></span> <span class='ocrx_word' id='word_1_878' title='bbox 1515 5543 1579 5599; x_wconf 86' lang='lat' dir='ltr'><strong>loco</strong></span> <span class='ocrx_word' id='word_1_879' title='bbox 1597 5551 1711 5599; x_wconf 82' lang='lat' dir='ltr'><strong>sanctus</strong></span> <span class='ocrx_word' id='word_1_880' title='bbox 1728 5545 1864 5616; x_wconf 78' lang='lat' dir='ltr'><strong>loquitur:</strong></span> 
     </span>
    </p>
   </div>
   <div class='ocr_carea' id='block_1_4' title="bbox 0 0 2045 6004">
    <p class='ocr_par' dir='ltr' id='par_1_4' title="bbox 0 0 2045 6004">
     <span class='ocr_line' id='line_1_62' title="bbox 0 0 2045 6004; baseline 0 0"><span class='ocrx_word' id='word_1_881' title='bbox 0 0 2045 6004; x_wconf 95' lang='lat' dir='ltr'><strong> </strong></span> 
     </span>
    </p>
   </div>
  </div>
 </body>
</html>
