4050 6014
729 292 781 347 DE
798 291 982 349 EX'I'REMO
1001 292 1162 352 JUDICIO.
1751 300 1789 356 55

91 449 198 505 scilicet
215 454 244 503 et
261 455 408 519 augustam
429 449 569 519 quandam
588 448 699 509 nubem,
720 463 782 501 cum
796 453 928 501 venturus
955 444 1090 514 homines,
1111 445 1159 517 qui
1176 445 1372 501 ambularunt?
1410 444 1511 502 Omnes
1532 447 1647 517 proinde
1666 445 1791 503 homines

92 535 203 591 dicatur
220 536 251 588 in
269 536 387 589 nubibus
407 535 492 602 coeii,
517 540 549 588 ut
574 534 700 604 superius
725 550 759 588 ex
777 532 929 603 Scripturis
955 534 1045 586 omnis
1074 533 1221 601 temporis,
1250 532 1338 586 omnis
1367 534 1553 600 conditionis,
1582 533 1672 587 omnis
1700 550 1790 596 senus,

92 621 246 678 docuimus.
283 620 373 690 Super
389 619 463 674 bunc
482 620 613 674 thronum
632 618 781 674 collocabit
805 619 927 687 judicem
955 620 1045 672 omnis
1063 619 1174 682 aetatis,
1196 624 1228 672 ut
1240 618 1333 688 glossa
1346 618 1529 674 interlinearis
1550 618 1790 685 Μ4111.25,4.31.

92 705 234 762 Christum
256 707 340 760 Pater
362 706 503 774 coelestis,
530 712 562 759 ut
586 704 728 774 colligitur
752 722 786 759 ex
810 704 880 758 Dan.
906 709 929 772 1,
955 704 1088 776 loquitur,
1108 720 1202 759 coram
1222 704 1292 759 istoc
1313 704 1445 759 tribunali
1453 707 1663 775 comparebunt.
1692 705 1791 778 Neque

91 811 117 847 v.
137 800 167 850 9:
193 794 403 862 Adspiciehom,
422 795 511 845 ctonee
531 792 627 845 throni
638 790 731 861 positi
745 799 810 844 eunt
828 799 854 843 et
870 793 928 843 An·
955 808 1021 847 vero
1039 793 1170 861 majestas
1186 791 1289 861 judicis
1307 791 1462 860 permittet,
1482 797 1513 845 ut
1532 790 1639 863 absque
1660 790 1718 848 ullo
1747 811 1791 848 rs-

91 879 318 948 111414άὶ41114
341 879 422 933 sedit.
458 895 483 930 v.
505 882 543 933 13.
572 879 612 931 Et
635 894 698 930 ecee
723 895 785 930 cum
812 877 1095 949 nahihustverentias
1110 885 1137 932 et
1149 876 1332 949 subjectionis
1341 878 1420 947 signo
1436 876 1581 946 judicandi
1594 894 1688 932 coram
1701 879 1790 949 ipsius

91 966 166 1019 coeli
191 965 275 1034 quusi
296 965 390 1019 attius
415 963 535 1018 hominib
559 964 699 1032 seniebat,
727 971 752 1016 ot
777 979 865 1031 usque
890 963 930 1015 ad
942 956 1088 1017 'tribunali
1102 964 1264 1031 consistant,
1277 963 1326 1016 sed
1340 969 1504 1034 yerusisein
1517 968 1650 1019 testatum
1663 965 1789 1033 reddent,

92 1051 248 1119 Antiquom
268 1051 380 1103 dierum
395 1050 526 1117 peruenit
547 1056 573 1101 et
591 1048 782 1116 incompacta
796 1049 859 1114 cirta
878 1065 929 1116 ap·
955 1065 984 1102 se
1020 1049 1094 1104 hunc
1120 1048 1244 1120 judicem
1274 1066 1368 1120 regem
1400 1055 1429 1103 et
1457 1049 1598 1104 dominum
1630 1067 1789 1121 agnoscere.

88 1138 286 1206 propinquare
302 1136 432 1197 fecerunt
450 1152 517 1188 eum.
541 1151 567 1189 v.
590 1139 630 1188 14.
654 1141 682 1187 41
701 1135 781 1186 desiit
806 1135 832 1186 ei
850 1142 929 1201 pote·
955 1135 1034 1191 Rom.
1060 1141 1100 1200 14,
1118 1153 1144 1190 ν.
1165 1141 1211 1190 to:
1252 1136 1353 1189 Omnes
1382 1144 1535 1189 statuemur
1567 1145 1632 1190 ante
1666 1138 1790 1193 tribunal

91 1230 193 1276 etatem
218 1232 243 1276 et
260 1224 393 1277 honorem
415 1231 441 1276 et
464 1239 580 1289 repnum
601 1230 648 1275 ete.
684 1221 725 1276 Ut
749 1220 822 1274 enim
844 1220 930 1274 Pater
956 1220 1075 1288 Christi,
1101 1223 1236 1289 scriptum
1256 1228 1297 1274 est
1316 1221 1388 1273 enim
1415 1220 1487 1288 (Esa.
1507 1228 1548 1286 45,
1567 1240 1593 1275 v.
1612 1224 1680 1291 23.):
1713 1225 1792 1278 Mihi

92 1312 173 1366 dedit
200 1311 279 1363 Filio
304 1318 471 1379 potestatem
499 1309 632 1374 faciendi
651 1308 795 1376 judicium
821 1305 928 1375 14114,
955 1308 1118 1361 curvabitur
1135 1324 1213 1362 omne
1232 1324 1310 1377 penti.
1342 1306 1460 1370 Quidam
1476 1308 1511 1362 de
1528 1309 1594 1363 solis
1612 1310 1664 1376 piis
1681 1326 1714 1365 ac
1733 1329 1789 1366 cre·

91 1416 117 1450 v.
136 1402 178 1452 21.
196 1401 224 1450 41
242 1401 341 1449 4111ιὲ1
360 1398 441 1464 diem
461 1396 563 1464 inquo
580 1396 761 1463 proiecturus
780 1401 819 1448 est
837 1394 928 1447 orbem
956 1393 1086 1447 dentibus
1105 1393 1159 1448 hoc
1176 1393 1332 1463 accipiunt,
1356 1393 1403 1463 qui
1422 1394 1450 1446 in
1470 1410 1537 1449 vera
1561 1394 1616 1450 fide
1637 1397 1725 1451 Deum
1749 1397 1790 1451 in·

90 1491 233 1537 terrorism
248 1498 305 1550 per
321 1482 469 1548 eiramis
487 1499 541 1550 quo
562 1482 684 1534 demetit
703 1482 766 1534 Act.
782 1485 822 1543 11,
839 1497 862 1535 v.
879 1484 927 1548 3¹3
954 1486 1064 1547 vocant,
1093 1480 1160 1550 quia
1187 1478 1299 1532 additur
1325 1487 1350 1532 ct
1376 1481 1466 1532 omnis
1491 1481 1589 1548 linqua
1614 1484 1789 1546 confitebitur

89 1569 130 1624 ite
149 1585 262 1639 quoque
281 1584 365 1637 super
381 1567 511 1622 thronum
535 1566 714 1637 judiciarium
734 1567 852 1621 eundem
872 1566 927 1621 col·
954 1563 1023 1619 Deo.
1061 1564 1116 1620 Sed
1135 1581 1167 1619 ex
1185 1564 1255 1621 Phil.
1275 1572 1299 1628 2,
1319 1583 1345 1619 v.
1371 1572 1409 1621 11.
1439 1567 1609 1638 intelligitur,
1627 1585 1683 1624 non
1699 1569 1787 1625 solum

91 1654 202 1710 locabit.
230 1654 324 1709 Nihilo
341 1659 433 1707 tamen
453 1653 543 1706 minus
562 1653 645 1707 etiam
663 1653 723 1722 ipse
737 1652 826 1706 Filius
844 1669 928 1722 super
954 1652 1015 1722 pios
1035 1652 1083 1707 sed
1103 1653 1186 1707 etiam
1205 1652 1313 1723 impios,
1334 1653 1401 1722 quin
1422 1660 1450 1708 et
1469 1654 1543 1724 ipsos
1563 1654 1712 1711 daemones
1725 1656 1788 1711 sub-

90 1740 164 1795 hunc
182 1740 336 1810 majestatis
351 1754 418 1793 suae
445 1739 575 1793 thronum
600 1755 630 1793 se
656 1739 747 1809 ipsum
770 1739 927 1806 collocabit,
950 1738 1102 1806 jectionem
1128 1755 1206 1792 suam
1229 1754 1296 1810 erga
1315 1737 1454 1793 Christum
1480 1740 1510 1793 in
1534 1739 1578 1794 dis
1602 1741 1704 1810 judicii
1729 1760 1788 1799 esse

91 1833 123 1881 nt
140 1826 282 1897 colligitur
308 1841 341 1879 ex
365 1824 418 1878 hac
436 1823 596 1894 Scripturas
620 1824 745 1881 locorum
770 1825 926 1881 collatione.
954 1823 1151 1892 declaraturos,
1170 1821 1237 1879 ideo'
1252 1823 1389 1879 confessio
1408 1824 1457 1879 illa
1471 1832 1545 1879 recte
1558 1826 1598 1880 sic
1612 1828 1712 1897 exponi
1727 1837 1788 1899 pot·

90 1913 162 1984 Eph.
185 1918 207 1978 1,
223 1929 250 1967 v.
271 1916 316 1966 20:
346 1912 434 1964 Pater
460 1911 609 1965 collocavit
629 1910 771 1965 Christum
795 1913 837 1964 ad
861 1914 927 1964 dex·
953 1915 1008 1976 441,
1032 1909 1107 1980 quod
1126 1926 1221 1965 omnes
1239 1915 1381 1964 creaturae
1404 1910 1554 1965 rationales
1571 1911 1711 1967 Christum
1736 1931 1787 1984 pro

90 2008 164 2052 mam
182 2016 262 2051 suom
281 1999 312 2050 in
330 1998 502 2053 coekmihus.
536 1997 639 2051 Psalm.
663 2003 719 2065 tto,
740 2015 764 2051 v.
788 2003 815 2052 1:
844 1997 927 2050 Dicit
954 1995 1065 2050 domino
1095 1996 1152 2049 sint
1180 1996 1326 2067 agniturae
1352 2013 1386 2049 ac
1414 1996 1549 2051 rationem
1572 1996 1708 2053 factorum
1736 2000 1788 2071 ipsi

92 2085 233 2139 Dominus
254 2084 379 2136 Domino
398 2100 467 2148 naso,
484 2085 551 2136 sede
568 2102 587 2137 a
607 2084 716 2137 destris
734 2084 809 2138 meis.
840 2083 925 2137 Marc.
955 2082 1120 2138 redditurae.
1157 2087 1181 2136 3.
1203 2084 1443 2151 tbnprcpotorum
1472 2085 1502 2136 in
1526 2086 1600 2137 duos
1623 2093 1722 2154 partes
1748 2104 1789 2141 se-

94 2177 134 2240 16,
150 2188 176 2226 v.
195 2176 239 2225 19:
260 2168 390 2223 Christus
408 2170 534 2223 consedit
553 2187 572 2222 o
588 2170 697 2222 destris
718 2170 782 2224 Dei.
803 2168 890 2226 Hebr.
905 2175 926 2237 1,
951 2168 1067 2236 paratio
1085 2184 1119 2221 ac
1138 2169 1313 2239 quorundum
1331 2167 1367 2221 ad
1385 2168 1523 2234 dextram,
1550 2171 1724 2240 quorundam
1752 2174 1788 2227 ad

90 2275 116 2310 v.
136 2262 165 2311 3:
192 2256 368 2322 Purpatione
386 2262 568 2323 peccatorum
588 2263 749 2308 nostrorum
773 2256 856 2318 facta
873 2272 927 2323 per
954 2255 1093 2307 sinistram
1125 2252 1280 2309 collocatio.
1316 2254 1414 2308 1111111.
1438 2261 1480 2323 25,
1504 2272 1530 2310 v.
1557 2261 1603 2310 32:
1637 2257 1789 2326 Separabit

90 2359 120 2395 se
147 2342 239 2410 ipsum
267 2342 342 2393 sedit
368 2342 399 2393 in
427 2342 528 2393 electro
558 2342 715 2409 majestatis
741 2342 772 2394 in
803 2341 926 2396 cardeia.
954 2357 1000 2394 eos
1017 2341 1053 2392 ch
1071 2340 1201 2407 inuicem,
1226 2341 1298 2394 11111
1318 2349 1423 2412 postor
1440 2349 1571 2409 segregat
1589 2361 1653 2398 4111
1672 2346 1708 2397 ab
1724 2346 1789 2400 hoe·

90 2427 196 2481 Eadem
211 2434 253 2480 est
267 2427 338 2481 ratio
351 2426 542 2480 collocationis
553 2425 582 2479 in
592 2425 715 2479 tribunal
734 2426 927 2497 judiciarium,
955 2427 1363 2494 (111,ν.33.1441111411111
1383 2428 1494 2496 quictem
1513 2446 1532 2481 a
1550 2430 1665 2495 destris,
1684 2431 1789 2489 hoedos

92 2529 163 2584 quae
183 2512 303 2582 pertinet
323 2512 359 2566 ad
378 2517 481 2566 statum
500 2512 677 2568 exaltationis
697 2529 730 2567 ac
748 2512 864 2585 gloriae,
890 2512 926 2567 ad
954 2520 1045 2565 autem
1067 2531 1086 2565 a
1103 2513 1234 2568 sinistris.
1271 2511 1417 2583 Separatio
1436 2530 1504 2584 ergo
1522 2513 1569 2569 illa
1591 2516 1639 2569 fiet
1661 2534 1718 2572 non
1744 2536 1790 2575 so·

92 2615 174 2668 quam
206 2598 331 2652 Christus
365 2598 515 2653 secundum
546 2596 696 2653 humanam
728 2603 856 2652 naturam
886 2605 928 2653 est
954 2599 1011 2652 lum
1026 2599 1145 2653 interius
1158 2599 1311 2653 secundum
1327 2599 1463 2670 judicium
1474 2606 1502 2654 et
1511 2602 1700 2671 cognitionem
1710 2604 1788 2660 Chri·

91 2691 213 2741 evectus.
250 2690 274 2739 2.
314 2685 443 2738 Omnium
476 2684 617 2738 hominum
654 2702 750 2739 coram
789 2685 928 2739 tribunali
955 2686 1002 2754 sti,
1028 2686 1077 2740 sed
1103 2687 1186 2742 etiam
1210 2688 1330 2741 emerius
1359 2687 1510 2742 secundum
1536 2687 1641 2757 locum,
1671 2699 1789 2763 utroque

92 2771 201 2826 Christi
218 2772 397 2838 oonprepatio
416 2770 514 2826 Mattb.
532 2776 574 2840 25,
591 2791 616 2826 v.
635 2777 676 2827 31.
693 2771 772 2826 Rom.
788 2777 828 2839 14,
845 2787 871 2828 v.
887 2776 926 2828 to.
955 2772 1028 2826 enim
1047 2771 1129 2826 modo
1149 2772 1288 2841 separatio
1308 2772 1474 2830 instituetur.
1502 2772 1680 2843 Conspicitur
1696 2784 1789 2833 autem

92 2864 116 2914 2.
139 2858 202 2913 Cor.
227 2865 251 2925 a,
276 2876 300 2912 v.
327 2863 366 2912 to.
394 2858 545 2913 ministerio
573 2859 736 2929 angelorum
765 2857 928 2928 peragenda
954 2858 982 2910 in
1003 2862 1104 2912 eatum
1122 2857 1231 2929 judicis
1249 2859 1452 2923 omniscientis,
1472 2860 1548 2930 quod
1573 2866 1668 2916 exacte
1681 2865 1790 2919 noverit

91 2943 189 2999 Mattb.
210 2949 251 3007 24,
269 2961 293 2998 v.
315 2948 357 3001 31.
376 2943 462 2997 Marc.
484 2948 524 3006 13,
543 2961 569 2996 v.
586 2949 626 2998 21.
663 2943 759 2999 Utitur
774 2959 840 2998 vero
858 2958 925 3013 apo·
953 2943 1101 2997 discrimen
1121 2944 1195 2998 inter
1212 2944 1274 3013 pios
1292 2950 1320 2998 41
1339 2944 1439 3015 impios
1456 2945 1558 3014 1112,
1578 2962 1603 3000 v.
1618 2952 1658 3002 24.
1680 2952 1705 3004 2.
1717 2948 1788 3005 Tim.

91 3028 180 3085 stolus
201 3030 226 3084 d.
249 3030 266 3083 l.
298 3028 408 3084 duobus
436 3028 581 3085 vocabulis
608 3029 725 3083 maxime
754 3028 927 3098 emphaticis.
954 3032 979 3097 2,
997 3047 1023 3084 v.
1045 3035 1094 3098 ¹⁹3
1119 3036 1177 3083 tum
1196 3029 1327 3097 aequitas
1345 3038 1371 3084 et
1388 3031 1512 3098 justitio,
1538 3032 1614 3102 quod
1630 3033 1789 3105 inaequales

93 3116 205 3183 Omnes,
222 3115 322 3185 inquit,
339 3116 367 3169 in
387 3114 480 3184 priore
498 3115 559 3169 loco
578 3111 826 3189 παραστησόμεθα,
847 3116 928 3167 siste-
954 3114 1109 3184 separando
1141 3115 1243 3169 nemini
1272 3114 1358 3170 iaciat
1384 3115 1513 3187 injuriam
1540 3119 1604 3174 Act.
1627 3124 1665 3183 11,
1690 3137 1718 3176 v.
1743 3125 1789 3190 31;

92 3220 155 3255 mur
179 3201 237 3255 sive
256 3201 508 3268 praesentabimur,
520 3202 611 3281 ⁸opud
634 3200 759 3254 tribunat
781 3199 887 3252 Christi
911 3217 928 3253 a
954 3204 1013 3253 tum
1028 3202 1131 3269 efficere
1151 3203 1359 3269 omnipotentia,
1380 3202 1446 3274 quia
1463 3203 1624 3274 angelorum
1636 3205 1789 3264 ministerio

91 3287 201 3343 Christo
216 3287 372 3358 judicandi,
391 3295 434 3341 est
449 3286 522 3340 enim
541 3286 655 3341 verbum
674 3286 784 3340 forense
803 3290 832 3339 41
852 3285 926 3356 judi·
954 3286 1156 3354 separationem
1185 3286 1260 3340 illam
1291 3287 1416 3342 instituet
1443 3289 1541 3346 Mattb.
1565 3294 1604 3359 13,
1623 3307 1648 3343 v.
1666 3297 1708 3346 49.
1737 3308 1789 3347 nec

91 3373 169 3428 ciale.
205 3373 268 3429 Act.
289 3379 331 3441 23,
358 3390 383 3427 v.
403 3378 444 3429 33.
470 3389 494 3426 c.
521 3378 562 3432 24,
589 3389 615 3425 v.
643 3377 682 3427 13.
713 3389 736 3426 4.
764 3376 805 3439 21,
833 3389 859 3424 v.
887 3376 928 3428 24.
954 3370 1059 3426 ferrem
1078 3372 1151 3426 hanc
1169 3373 1372 3442 separationem
1390 3375 1509 3445 reprobi,
1530 3376 1582 3429 nisi
1595 3377 1789 3432 auctoritatem

93 3459 194 3513 Omnes
211 3477 269 3523 nos,
289 3459 381 3531 inquit
397 3459 426 3512 in
447 3459 508 3514 loco
527 3457 690 3528 posteriore,
710 3465 819 3527 cprortet
840 3475 927 3531 φανε-
954 3462 982 3512 11
999 3463 1166 3527 potestatem
1182 3458 1287 3529 judicis
1305 3459 1416 3528 ipsimet
1435 3461 1674 3530 persentiscerent.
1706 3461 1789 3518 Para·

92 3550 227 3612 ρωθῆναι,
252 3546 446 3613 manifestari,
471 3562 567 3598 eoram
588 3544 726 3598 tribunali
747 3544 857 3597 Christi.
893 3541 927 3594 In
955 3543 1044 3611 boiae,
1069 3543 1169 3615 quibus
1188 3545 1390 3616 separationem
1409 3545 1483 3600 illam
1502 3546 1629 3602 Christus
1647 3547 1788 3619 praetigu-

90 3630 143 3687 hoc
167 3632 261 3687 seculo
287 3631 413 3687 homines
438 3631 547 3703 judicio
570 3630 686 3685 sistendi
714 3630 857 3685 occultant
888 3645 926 3695 se,
954 3647 1016 3684 rare
1043 3630 1146 3697 soluit,
1175 3630 1205 3684 in
1229 3630 1344 3685 historia
1370 3631 1532 3702 evangelica
1561 3633 1716 3703 complures
1744 3649 1789 3688 ex·

88 3717 133 3773 rel
150 3718 234 3772 etiam
253 3720 323 3789 iuga
341 3718 394 3773 sibi
411 3718 568 3784 consulunt,
592 3716 641 3772 sed
660 3717 689 3770 in
709 3716 756 3771 die
774 3716 926 3772 novissimo
955 3721 1039 3782 stant,
1057 3722 1155 3786 utpote
1170 3733 1220 3786 per
1236 3715 1445 3771 ventilationem
1464 3723 1492 3771 et
1504 3720 1697 3789 purgationem
1710 3735 1791 3775 areae

89 3821 140 3860 nec
159 3804 339 3860 occultationi
359 3820 412 3858 nec
431 3803 516 3874 fugae
533 3803 642 3874 patebit
656 3803 742 3857 locus.
771 3801 854 3874 impii
868 3802 927 3872 qui·
954 3802 1053 3857 Mattb.
1073 3806 1098 3869 3,
1118 3819 1142 3855 v.
1166 3807 1205 3858 12.
1232 3818 1283 3872 per
1299 3802 1469 3857 amariorum
1493 3821 1510 3857 a
1528 3804 1622 3860 tritico
1648 3805 1791 3861 discretio·

44 3900 78 3943 11.
91 3891 154 3945 dem
173 3891 267 3945 dicent
287 3888 428 3944 montibus
448 3896 476 3943 et
495 3889 591 3959 petris,
617 3888 712 3942 cadite
729 3905 815 3958 super
832 3905 882 3940 nos
903 3895 928 3939 et
955 3905 1018 3944 nem
1036 3887 1134 3942 Mattb.
1159 3893 1198 3951 13,
1216 3905 1241 3941 r.
1263 3893 1303 3942 30.
1329 3905 1379 3958 per
1401 3888 1518 3959 piscium
1544 3889 1680 3946 bonorum
1706 3908 1724 3944 a
1741 3908 1792 3961 pu·

92 3978 252 4030 1141141114
270 3993 322 4029 nos
346 3993 365 4028 a
394 3976 472 4039 facie
494 3976 618 4029 sedentis
639 3992 725 4043 super
748 3974 878 4028 thronum
902 3981 928 4026 et
955 3974 1044 4028 tribus
1064 3975 1286 4045 segregationem
1304 3975 1525 4031 44141111.
1555 3993 1606 4046 per
1633 3978 1726 4033 ovium
1754 3977 1791 4033 ab

93 4066 129 4117 ab
146 4064 193 4115 iro
207 4063 294 4130 Apri,
313 4063 446 4130 quoniam
461 4062 536 4114 uenit
557 4061 619 4115 diss
637 4077 755 4127 mopsus
774 4060 928 4126 11144114-
957 4060 1053 4115 hoedis
1072 4058 1236 4135 ἇφορισμόν
1254 4061 1311 4115 4114
1330 4061 1541 4130 separationem,
1562 4063 1732 4133 praedictam
1751 4070 1790 4117 et·

92 4165 155 4203 rum
171 4148 692 4218 componascomnponas
713 4151 858 4202 toetta
880 4146 928 4200 sed
956 4148 1011 4200 ianr
1031 4145 1130 4202 111411.
1151 4153 1192 4215 34,
1209 4164 1236 4200 v.
1260 4153 1303 4203 tr:
1333 4150 1408 4201 Ecce
1426 4165 1478 4216 epo
1496 4149 1600 4216 judico
1618 4150 1691 4202 inter
1704 4165 1791 4217 pecu-

92 4235 145 4290 boc
163 4240 259 4289 votum
278 4235 331 4288 erit
347 4249 459 4302 prorsus
476 4233 673 4298 frustraneum,
693 4235 762 4302 quio
779 4242 929 4287 montesoc
956 4234 1020 4285 dem
1039 4239 1067 4286 et
1085 4235 1229 4302 pecudem,
1247 4234 1350 4286 arietes
1367 4240 1394 4287 et
1411 4233 1514 4287 hircos.
1549 4233 1790 4297 Quemadmodum

90 4330 192 4391 petrae
210 4322 302 4373 instar
320 4336 402 4374 esrae
420 4337 514 4373 coram
535 4322 587 4374 hoc
606 4320 709 4388 judice
728 4320 929 4388 colliquescunt
956 4319 985 4372 in
1006 4319 1058 4382 die,
1075 4334 1138 4373 cum
1157 4319 1186 4372 in
1206 4335 1333 4389 campum
1351 4319 1499 4372 mittuntur
1515 4334 1623 4390 greges,
1644 4336 1709 4376 oves
1729 4337 1790 4390 per·

93 4407 196 4462 Psalm.
214 4413 256 4474 91,
275 4423 301 4459 1.
320 4415 344 4463 5.
380 4406 499 4476 Propter
517 4406 589 4460 hanc
607 4405 790 4461 universalem
806 4405 929 4461 omnium
956 4405 1059 4460 mixtae
1078 4411 1143 4459 sunt
1157 4405 1255 4460 hoedis
1264 4421 1297 4459 se
1309 4405 1338 4458 in
1347 4421 1415 4475 agro
1425 4405 1507 4460 simul
1516 4412 1669 4475 pascuntur
1687 4405 1753 4463 Job.
1768 4413 1791 4475 1,

93 4494 236 4549 hominum
254 4489 414 4567 πανήγυριν
431 4493 460 4546 in
480 4492 525 4547 die
547 4492 648 4561 judicii
664 4491 796 4555 futuram,
813 4497 930 4547 vocatur
956 4509 982 4547 v.
1006 4498 1045 4548 14.
1068 4490 1166 4545 sedin
1183 4507 1300 4560 vespera
1318 4496 1414 4559 pastor
1436 4507 1501 4546 ores
1526 4492 1555 4545 in
1575 4492 1688 4562 propris
1713 4498 1793 4564 septa

93 4580 153 4634 dies
182 4581 236 4634 ista
262 4585 372 4648 tempus
400 4581 614 4651 ἐπισυναγωγῆς
645 4582 668 4633 2.
685 4578 780 4633 Thess.
809 4583 832 4644 2,
860 4597 886 4632 r.
907 4586 929 4635 1.
957 4577 1066 4648 colligit
1090 4582 1118 4632 et
1143 4576 1179 4630 ab
1197 4576 1294 4632 hoedis
1317 4576 1465 4644 discernit;
1495 4576 1536 4631 sic
1559 4584 1685 4648 tempore
1709 4578 1792 4649 hujus

93 4682 150 4721 non
170 4664 260 4720 solum
281 4664 347 4735 quia
364 4665 444 4719 electi
461 4664 707 4736 congregabuntur
725 4665 761 4719 ad
779 4663 929 4730 Christum,
956 4664 1030 4718 ritae
1049 4664 1076 4717 in
1096 4664 1231 4717 latissimo
1252 4662 1347 4716 mundi
1365 4679 1464 4733 campo
1483 4663 1564 4718 bonis
1577 4664 1643 4719 mali
1654 4670 1720 4719 aunt
1731 4681 1792 4736 per·
1805 4677 1861 4720 111.
1874 4674 1921 4719 111.

93 4768 156 4806 cum
181 4769 236 4822 qno
259 4767 370 4819 semper
388 4758 469 4804 emant
496 4759 517 4807 1.
536 4751 634 4805 Thess.
655 4757 680 4816 4,
698 4767 723 4803 v.
745 4757 784 4805 11.
813 4751 848 4805 ds
874 4766 930 4821 qua
956 4748 1035 4803 mixti
1054 4753 1083 4803 et
1104 4749 1140 4804 ab
1161 4748 1259 4804 eodem
1283 4754 1395 4818 pastore
1413 4748 1537 4818 Christo,
1564 4750 1611 4822 qui
1636 4767 1731 4807 omnes
1756 4752 1792 4805 si·

93 4837 311 4908 congregatione
329 4837 441 4906 proprie
458 4842 486 4891 11
504 4835 632 4907 specifice
651 4837 691 4892 ibi
714 4836 838 4908 loquitur
863 4853 928 4908 apo·
956 4835 1013 4889 mul
1034 4835 1134 4898 nutrit,
1159 4839 1331 4904 pascuntur,
1350 4836 1399 4888 sed
1420 4835 1448 4889 in
1467 4853 1595 4906 vespera,
1619 4837 1673 4892 hoc
1697 4842 1740 4892 est
1762 4837 1791 4891 in

93 4925 196 4992 stolus,
217 4922 268 4977 sed
286 4923 369 4979 etiam
388 4924 454 4995 quia
472 4924 566 4994 magni
584 4929 613 4979 et
630 4923 732 4996 pusilli,
745 4922 802 4977 rivi
819 4930 848 4978 et
859 4939 930 4978 mor·
956 4921 1011 4975 tine
1024 4920 1118 4986 seculi,
1136 4919 1173 4974 ab
1186 4919 1303 4974 invicem
1316 4920 1528 4990 separabuntur.
1552 4921 1791 4988 Quemadmodum

92 5010 133 5065 tui
153 5010 182 5063 in
201 5026 287 5064 unum
307 5009 387 5081 quasi
406 5009 653 5080 congregabuntur
669 5008 817 5065 concilium
836 5014 930 5063 etsta·
955 5007 1061 5078 pastori
1077 5006 1239 5062 facillimum
1258 5012 1300 5060 est
1318 5021 1383 5061 ores
1401 5006 1438 5060 ab
1456 5004 1553 5062 hoedis
1580 5024 1721 5077 separare,
1751 5009 1790 5062 sic

92 5097 163 5151 bunt
182 5111 276 5150 coram
299 5095 400 5151 throno
425 5095 492 5166 agni
519 5095 607 5166 Apoc.
627 5101 668 5164 21,
685 5112 710 5150 v.
731 5101 772 5152 12.
800 5094 876 5167 qnod
906 5094 929 5148 si
957 5094 1083 5150 Christus
1108 5092 1196 5162 judex
1221 5091 1328 5163 absque
1351 5092 1409 5147 ullo
1432 5091 1528 5148 labore
1549 5092 1638 5149 bonos
1668 5109 1685 5148 a
1709 5093 1791 5148 malis

92 5197 164 5235 unus
182 5182 283 5252 aliquis
305 5199 363 5239 non
388 5187 577 5252 compareret,
603 5181 748 5236 falleretur
770 5180 824 5237 Dei
851 5182 928 5252 jura·
956 5196 1085 5251 separare
1103 5179 1214 5249 poterit.
1238 5177 1328 5232 Electi
1348 5184 1546 5248 comparantur
1564 5179 1660 5234 ovibus
1677 5186 1793 5250 propter

92 5278 216 5323 mentum
236 5268 299 5322 Esa.
321 5275 408 5337 411.
429 5273 470 5323 23.
489 5267 564 5340 quod
583 5273 627 5322 est
644 5283 757 5338 prorsus
775 5263 927 5323 inlinatur.
956 5264 1198 5320 mansuetudinem
1212 5280 1245 5319 ac
1256 5264 1431 5332 modestiam,
1449 5271 1565 5335 propter
1575 5264 1792 5336 simplicitatem,

93 5354 170 5409 Deus
201 5371 296 5410 omnes
328 5354 444 5426 capillos
476 5359 585 5410 nostros
612 5353 642 5407 in
672 5359 817 5410 numerato
844 5353 929 5409 habet
956 5357 1071 5423 propter
1088 5349 1331 5406 fructificationem
1349 5351 1377 5404 in
1397 5349 1527 5422 operibus
1548 5351 1639 5421 bouis,
1667 5352 1734 5424 quia
1752 5353 1791 5407 la·

92 5439 191 5495 Mattb.
212 5446 252 5500 10,
273 5458 298 5493 v.
312 5445 352 5497 31.
374 5447 479 5510 quanto
498 5439 587 5511 magis
606 5455 701 5495 omnes
718 5439 857 5507 homines;
876 5458 926 5492 nu-
956 5454 1020 5493 nam
1046 5454 1124 5493 suam
1154 5436 1285 5492 membris
1316 5435 1419 5491 Christi
1452 5444 1560 5508 promte
1591 5439 1793 5509 impertierunt,

91 5535 181 5581 111111
200 5543 294 5580 omnes
312 5543 425 5597 preceris
445 5525 640 5590 Ρ44111.51,1.
657 5531 682 5581 9.
707 5530 813 5595 quanto
837 5524 926 5595 magis
955 5531 1071 5596 propter
1087 5524 1264 5596 patientiam,
1289 5528 1403 5593 propter
1419 5525 1546 5579 auditum
1571 5525 1647 5581 vocis
1671 5525 1792 5595 pastoris
