4012 6022
734 297 786 356 DE
803 297 898 356 utus
915 296 1104 358 amatus.
1741 309 1800 368 stt

97 452 221 520 ommis,
247 452 449 521 analecta-ist
476 459 529 508 ete.
562 459 630 509 sect
657 460 681 510 t.
712 456 793 510 Deus
825 457 862 508 de
886 454 939 509 tros
961 455 1080 523 parauit
1106 457 1186 509 Deus
1213 455 1398 525 ds'lipentibus
1425 474 1463 512 se.
1514 455 1640 518 Quum
1668 457 1804 511 bononias

98 541 205 593 manda
222 539 367 606 racemata·
384 538 627 594 immortalitatem
639 548 724 609 etque
742 541 938 595 aetemitotssn
959 549 1158 610 mspasator
1171 549 1199 596 et
1208 543 1304 612 opifex
1316 544 1397 597 Deus
1409 548 1460 609 est,
1477 541 1579 610 puelia
1597 556 1656 596 esse
1672 548 1804 614 ponunt.

97 625 151 678 tibi
164 624 329 696 pellicetus,
349 631 375 679 et
391 631 423 677 tu
441 624 576 679 amicast
592 624 644 679 Isos
662 626 805 679 estDesm
824 626 937 680 moino
962 624 1140 696 Augustinus
1153 627 1235 698 epist.
1255 627 1292 682 sd
1303 627 1412 683 Diome
1436 628 1543 683 Oculus
1558 645 1618 683 non
1634 627 1716 697 aaa
1735 628 1803 698 asia

97 726 155 764 non
170 709 270 775 nous,
297 721 350 766 stc.
370 709 548 782 Augustinus
560 710 825 767 tractitindob:
846 710 937 767 Credo
963 711 1180 781 nocuitatem
1199 714 1347 766 mesura
1359 713 1477 778 massa,
1492 713 1803 784 quianonestsonssp

93 797 287 866 mussitanti,
315 795 450 852 Sakator
477 797 619 868 loquitur,
646 799 753 852 serim
775 798 937 868 pollicetur.
962 812 1012 851 nee
1036 797 1070 850 iss
1095 813 1147 851 cos·
1171 799 1290 854 bmninis
1319 800 1477 860 adscendit.
1508 801 1577 868 quia
1606 815 1656 853 eor
1682 799 1805 854 amnis

97 882 167 951 Ipse
185 881 260 936 aa
278 882 365 937 nstitit
392 881 450 944 Qui
465 882 548 936 audit
563 884 649 938 uerba
668 899 732 937 ntea
749 891 775 938 et
792 884 885 939 coedit
903 884 937 949 ei,
964 883 1045 938 debet
1063 883 1133 938 illuc
1150 887 1332 942 adsumam.
1362 885 1443 940 Idem
1458 885 1487 939 in
1500 884 1604 940 Psalm.
1617 891 1659 941 85.
1677 883 1804 956 palabat-

97 969 149 1036 μ’
164 985 208 1023 nse
223 969 308 1036 misit,
324 969 409 1024 tabet
424 970 511 1024 sitam
527 977 672 1024 aeusnasu
683 978 710 1024 et
729 972 881 1024 transitum
890 973 937 1036 fa·
962 968 1032 1024 rime
1058 968 1099 1024 sic
1118 971 1255 1041 loquitur:
1282 971 1358 1033 Quid
1380 974 1512 1041 musra,
1535 978 1566 1024 st
1589 973 1747 1026 ascendat
1771 972 1804 1027 in

98 1055 154 1108 ciet
172 1058 209 1109 ds
228 1063 316 1109 marte
335 1057 367 1109 in
383 1054 473 1109 uiam
489 1058 540 1111 etc.
576 1058 641 1126 Epo
659 1057 761 1110 audin
777 1057 863 1111 verta
874 1059 936 1111 Do·
963 1055 1100 1125 linpuam
1120 1059 1199 1126 quod
1217 1058 1248 1111 is
1267 1074 1317 1111 eos·
1334 1073 1392 1111 non
1410 1059 1582 1112 acaceoditt
1605 1072 1685 1113 serm.
1705 1063 1749 1115 et.
1767 1057 1803 1113 de

97 1141 171 1196 suini
179 1140 242 1207 saei,
260 1141 379 1207 madidi,
398 1143 440 1195 ad
446 1141 592 1210 judicium
604 1159 662 1196 non
677 1144 767 1211 unio,
785 1157 842 1195 non
851 1158 937 1212 prce·
962 1141 1037 1199 verb.
1056 1141 1170 1197 Domini
1189 1144 1344 1198 secuudum
1360 1143 1442 1200 iob:
1466 1144 1545 1198 Unde
1565 1146 1753 1199 adeundam
1761 1145 1803 1198 is

96 1227 236 1281 sunum
261 1242 324 1281 essa
344 1229 397 1281 sed
418 1228 511 1297 ipsius
525 1228 721 1297 promissione.
758 1227 937 1284 Bernhardus
963 1244 1012 1282 cor
1030 1245 1128 1293 susum,
1145 1236 1176 1281 ut
1191 1229 1323 1293 decuma,
1341 1232 1420 1298 qaod
1435 1230 1471 1283 in
1486 1246 1537 1286 eos·
1548 1230 1670 1284 bominis
1681 1248 1739 1284 non
1749 1231 1802 1284 sd·

98 1329 180 1369 serm.
196 1317 222 1369 ³.
240 1312 278 1367 ds
294 1312 394 1384 fragm.
412 1319 519 1385 septem
536 1314 669 1370 miserie:
696 1317 770 1369 Tria
786 1321 864 1379 sunt,
888 1315 939 1384 qui
962 1315 1090 1369 maudut
1111 1315 1251 1382 aeduus,
1275 1324 1302 1370 et
1319 1333 1375 1370 non
1393 1317 1515 1372 maetas.
1552 1318 1620 1371 Non
1637 1317 1729 1371 sotum
1744 1332 1802 1373 aas

97 1400 140 1454 sie
159 1401 297 1455 ratmont
316 1407 342 1454 et
356 1403 525 1464 confirmant
542 1418 594 1456 eon
609 1418 715 1468 mm,
739 1409 771 1456 ut
794 1402 877 1455 suaa
894 1417 937 1456 sne
962 1399 1081 1465 uidetur,
1103 1402 1155 1455 sed
1171 1417 1222 1454 nee
1241 1402 1357 1457 dieitur.
1390 1401 1510 1466 Quidam
1529 1401 1598 1457 haec
1615 1400 1701 1457 verba
1717 1402 1801 1457 mul·

97 1487 222 1555 penuria
238 1485 409 1554 mertuum,
436 1487 519 1542 suu
537 1488 728 1543 cumdesatio
740 1489 880 1557 proprias
896 1488 936 1542 si·
963 1483 1055 1555 liguut
1083 1485 1119 1540 de
1140 1485 1201 1557 ipso
1217 1485 1329 1541 Christo
1357 1503 1440 1543 sensu
1457 1503 1506 1556 eo,
1532 1487 1611 1557 quad
1626 1486 1802 1558 Gtrutmis

97 1571 203 1640 tm,
232 1572 317 1627 nulla
343 1573 505 1627 aestimatio
534 1573 663 1627 coelestis
692 1573 875 1627 beatitudinis
902 1575 937 1626 ab
958 1570 1055 1639 primo
1072 1588 1125 1625 suo
1141 1574 1264 1625 aduentu
1282 1589 1317 1625 ea
1334 1573 1469 1636 sactum
1482 1580 1510 1627 et
1523 1573 1736 1642 peossbooss‘num
1754 1589 1801 1628 so·

95 1657 252 1713 aitituds'ns
279 1659 343 1728 spei
358 1660 481 1728 abjicere
499 1661 595 1728 possit
615 1661 645 1712 in
665 1676 700 1714 ea
715 1660 838 1728 fiuniter
854 1662 943 1714 sadi·
962 1655 1020 1709 tute
1036 1673 1179 1725 passurus
1197 1659 1243 1725 sit,
1262 1666 1294 1710 ut
1309 1674 1389 1711 nem
1409 1673 1429 1709 a
1446 1659 1548 1712 mundi
1558 1660 1732 1728 muosds‘is
1751 1675 1802 1713 ass·

96 1750 198 1798 emm
234 1741 336 1798 Cautes
358 1750 439 1799 tract
467 1744 503 1799 de
527 1745 607 1800 elect
628 1746 653 1818 fl.
674 1750 733 1800 ²⁰⁷.
756 1751 785 1800 et
803 1751 882 1801 tract
902 1747 937 1800 de
963 1743 1064 1811 dierat,
1087 1758 1168 1798 nemo
1191 1744 1310 1797 omibus
1332 1745 1475 1814 acceperit
1489 1745 1527 1797 at
1546 1745 1624 1799 omni
1641 1746 1802 1800 exuimus

94 1829 185 1900 justif.
202 1830 226 1902 5.
243 1834 286 1886 83.
310 1836 340 1885 et
360 1847 437 1902 seqq.
476 1829 653 1902 Oppouenda
670 1831 740 1886 baec
759 1838 826 1887 sunt
841 1833 936 1887 Ponti·
962 1830 1110 1895 maeste,
1133 1846 1221 1899 nepte
1247 1830 1338 1885 ousiis
1356 1831 1492 1899 spectarit
1511 1831 1615 1899 worse
1632 1832 1708 1901 ipso,
1728 1844 1801 1900 assas

97 1914 176 1985 ficiis,
195 1915 244 1987 qui
260 1922 293 1970 ut
309 1917 346 1974 de
357 1917 449 1987 gratia
463 1915 517 1972 Dei
532 1933 566 1971 ac
577 1922 755 1987 peccatorum
766 1918 936 1983 remissione,
962 1916 993 1967 in
1001 1932 1052 1969 suo
1067 1917 1251 1980 sdvsmutns,
1270 1917 1321 1985 qui
1330 1932 1394 1970 eum
1407 1915 1532 1984 dilipunt
1543 1925 1628 1986 atoue
1640 1922 1801 1987 suspectant
1816 1936 1818 1940 ·

95 2002 137 2056 its
159 2017 273 2074 quoque
298 2001 334 2056 de
358 2001 417 2058 vita
440 2007 555 2058 aeterna
580 2019 644 2058 vere
669 2003 699 2056 in
719 2003 860 2058 Christum
878 2019 935 2058 cre·
962 2002 1145 2056 redemtionis
1165 2003 1277 2068 officia,
1297 2004 1527 2072 praeparaverit
1563 2005 1646 2059 Hanc
1664 2005 1802 2074 iuterpre-

96 2087 195 2142 dsntes
216 2087 347 2144 dubitare
362 2088 470 2158 iubent.
498 2088 602 2145 Hosius
620 2095 686 2148 tom.
703 2096 726 2147 t.
744 2106 820 2161 oper.
831 2107 858 2161 p.
870 2095 935 2146 tter
962 2088 1098 2142 tationem
1116 2088 1238 2159 probant
1254 2095 1315 2143 tum
1329 2105 1362 2142 ea
1379 2090 1452 2142 serie
1471 2097 1615 2145 cantemus
1631 2090 1800 2161 proptsstet,

97 2175 230 2229 Remissa
252 2175 333 2229 nobes
357 2192 417 2230 sess
436 2184 557 2248 peecata
580 2182 607 2229 et
630 2193 689 2230 esse
713 2194 764 2231 nos
787 2179 818 2230 in
839 2179 936 2244 pratia
962 2172 1312 2243 ostenderetpropbetain
1322 2175 1565 2244 praecedentibus,
1583 2182 1689 2247 quauta
1704 2175 1801 2231 futura

96 2262 709 2330 certoquepossessurosespnumeoetorum,
723 2270 799 2317 serto
813 2270 936 2317 statuere
963 2262 1037 2315 esset
1061 2258 1092 2312 iu
1110 2259 1214 2313 mundo
1231 2275 1324 2315 rerum
1343 2261 1459 2316 mutatio
1478 2262 1508 2316 iu
1527 2262 1646 2318 Messias
1666 2261 1800 2332 sdvemu,

96 2363 153 2400 non
168 2363 328 2416 possumus.
356 2344 480 2400 Censura
499 2344 671 2402 Coloniensis
686 2365 715 2418 p.
731 2355 779 2404 aa:
796 2347 935 2412 Assds'stis,
962 2348 995 2397 ut
1012 2352 1119 2398 montes
1140 2346 1296 2414 defluerent
1314 2354 1340 2398 et
1358 2348 1543 2416 tabescerent,
1562 2349 1622 2418 J'am
1645 2347 1800 2419 subjungit,

97 2435 235 2487 nemim
246 2448 304 2486 esse
323 2440 430 2485 eertum
449 2433 487 2485 de
500 2435 608 2502 adepta
619 2434 687 2502 jans
692 2435 818 2503 justitia,
836 2450 869 2487 eu
882 2452 936 2505 quo
962 2429 1065 2500 quibus
1078 2430 1175 2485 mediis
1186 2430 1260 2485 'illud
1271 2430 1397 2487 Cbristus
1413 2432 1587 2503 perfecturus
1605 2433 1650 2504 sit,
1669 2434 1802 2491 videlieet

96 2518 290 2588 consequitur,
312 2533 401 2587 uepres
426 2534 591 2586 quemquam
613 2520 670 2572 sibi
687 2522 724 2572 de
742 2520 801 2572 uita
818 2529 935 2574 aeterna
962 2514 1066 2570 talibus
1085 2516 1261 2586 passionibus
1278 2534 1314 2572 ac
1331 2518 1460 2587 operibns
1479 2518 1515 2572 sb
1535 2518 1669 2575 immensa
1683 2521 1801 2576 esrtuee

96 2610 233 2672 unquam
248 2611 332 2657 -eerto
350 2605 497 2674 promissa
520 2604 658 2659 theatri.
701 2603 888 2661 Lovsnienses
906 2607 936 2661 in
961 2600 1110 2672 profectis,
1134 2602 1229 2673 qualia
1254 2617 1273 2657 a
1294 2604 1389 2658 seculo
1413 2619 1494 2658 nemo
1515 2603 1630 2660 adimet
1651 2605 1697 2660 voi
1722 2606 1801 2661 audii

96 2705 208 2761 propos.
219 2697 306 2745 contr.
319 2688 440 2749 Lutber:
460 2691 559 2755 Fides,
570 2708 628 2760 qua
640 2693 704 2760 quse
711 2693 831 2757 firmiter
843 2694 935 2748 eredit
960 2689 1055 2757 visset,
1072 2689 1128 2744 imo
1145 2705 1197 2744 nec
1211 2689 1241 2743 in
1258 2690 1401 2747 bominum
1415 2689 1613 2762 cogitationem
1629 2691 1730 2747 eadere
1749 2708 1800 2763 po·

95 2783 122 2829 et
139 2784 216 2832 certe
235 2777 343 2844 statuit,
366 2783 483 2846 psopter
504 2775 646 2831 Oti-istum
671 2780 789 2831 remissa
805 2779 861 2832 siti
877 2797 935 2834 esse
960 2773 1094 2843 tuisseut3
1114 2781 1174 2828 tum
1185 2792 1219 2829 es
1234 2776 1407 2843 allepations
1420 2777 1587 2845 apostolica,
1607 2783 1710 2832 tsaotat
1726 2777 1800 2833 enim

92 2869 213 2932 peccata
230 2878 314 2933 seque
328 2878 524 2930 possessurum
541 2864 629 2916 vitam
646 2871 803 2930 catanam,
826 2866 935 2920 nulium
962 2859 1104 2929 apostolus
1118 2875 1144 2914 ν.
1159 2866 1183 2915 t.
1196 2859 1233 2915 de
1244 2862 1293 2917 illa
1305 2862 1456 2931 sapientia,
1475 2880 1548 2931 quae
1564 2871 1608 2916 est
1622 2865 1654 2918 in
1667 2864 1800 2932 mysteria

95 2949 179 3003 tabet
196 2949 229 3003 in
247 2947 406 3017 &upupis
424 2948 619 3013 testimouium,
636 2950 693 3003 imo
711 2950 815 3004 &dem
832 2954 935 3007 aden*
961 2946 1130 2999 ‹lbtcvttdfiss
1147 2955 1176 3000 ti
1193 2955 1259 3001 anto
1277 2948 1375 3002 tottila
1390 2948 1420 3001 ἐπ
1437 2949 1561 3017 alodem
1578 2957 1706 3003 nostram
1714 2965 1801 3019 prat·

95 3043 183 3090 sans.
224 3034 389 3092 Nouatum,
410 3040 518 3102 tamen,
548 3035 741 3091 certitudinem
766 3038 843 3093 illem
867 3037 935 3094 fidei
955 3032 1051 3100 finus,
1068 3048 1095 3086 v·
1117 3037 1140 3089 8·
1164 3049 1249 3103 quam
1274 3033 1342 3103 quis
1362 3034 1509 3103 praepes
1531 3035 1617 3103 sajus
1634 3036 1724 3089 sessa
1742 3051 1800 3099 sos

30 3122 33 3127 ’
95 3121 205 3193 scepei
214 3120 251 3176 de
262 3120 320 3177 sits
329 3127 444 3176 aeterna
459 3120 610 3177 obtinenda
622 3139 678 3177 non
696 3138 757 3178 esse
769 3124 934 3189 absolutum,
960 3126 1157 3186 commate
1182 3119 1470 3188 Dvmfftvm'uiwiat
1488 3121 1702 3188 wilielme
1725 3137 1800 3193 qaas

95 3206 146 3261 sed
171 3205 404 3270 conditionatum,
433 3207 500 3278 quia
516 3205 569 3260 sub
584 3207 742 3263 conditione
760 3208 852 3263 finalis
869 3225 934 3281 per·
961 3205 1099 3275 sapientia
1121 3211 1165 3260 est
1189 3206 1249 3275 ipse
1266 3204 1401 3260 Christus.
1438 3204 1497 3262 Cur
1514 3223 1580 3261 vem
1596 3207 1672 3261 illam
1690 3209 1800 3278 sapien·

95 3291 455 3347 seruantiaecrodentibus
465 3291 646 3347 ianristum
660 3295 719 3348 vita
733 3301 776 3349 est
790 3296 933 3366 pmmissa,
960 3290 1036 3360 tiam,
1055 3290 1086 3344 id
1103 3296 1146 3346 est
1164 3290 1256 3361 ipsum
1273 3290 1424 3357 Christum,
1442 3307 1499 3346 non
1517 3293 1705 3363 cognoverint,
1719 3294 1801 3350 dotat

96 3393 154 3449 qus
172 3377 208 3434 de
225 3394 256 3434 re
272 3378 302 3433 in
319 3383 402 3438 tract.
420 3378 455 3433 de
475 3378 553 3434 elect.
571 3380 598 3437 d.
619 3378 636 3432 l.
657 3381 741 3436 letina
759 3381 874 3452 egimus.
961 3377 1103 3447 apostolus
1118 3394 1147 3433 r.
1167 3383 1192 3433 9.
1212 3379 1282 3445 quia
1300 3378 1436 3448 scriptum
1454 3385 1510 3447 est,
1537 3379 1636 3431 oculus
1652 3396 1709 3433 non
1726 3381 1800 3434 uidit

38 3453 49 3463 ’
962 3469 1012 3518 ete
1031 3479 1064 3518 ex
1085 3479 1141 3534 quo
1159 3462 1306 3534 colligunt,
1326 3462 1362 3518 de
1379 3462 1489 3518 Christo
1505 3463 1599 3534 potius
1615 3465 1689 3520 vitae
1709 3472 1799 3522 estem

960 3565 1014 3603 nso
1032 3556 1146 3605 auctore
1161 3556 1189 3604 st
1200 3566 1287 3605 causa
1299 3550 1479 3605 beatitudiuis
1497 3550 1644 3616 meritoris,
1663 3568 1746 3623 qnam
1765 3553 1803 3612 de

28 3691 79 3733 m
412 3668 563 3730 cnm
587 3669 616 3730 v
960 3633 1070 3689 formali
1088 3634 1233 3690 beatorum
1249 3634 1383 3690 felicitate
1407 3635 1461 3691 boc
1486 3635 1649 3690 vaticinium
1673 3654 1733 3693 esse
1756 3655 1802 3695 ao·

10 3723 12 3730 ’
617 3713 623 3725 ’
960 3720 1129 3790 cipiendum.
1163 3721 1218 3776 Sed
1238 3721 1314 3775 nulla
1331 3721 1637 3793 necessitatecogimur
1654 3739 1673 3777 a
1689 3725 1802 3796 vulgari

95 3824 148 3879 us
164 3821 341 3877 uersum
358 3822 408 3877 ΕΤ
426 3822 560 3879 sonus
577 3822 696 3878 vrum
718 3824 933 3888 musanus.
961 3814 990 3861 es
1006 3807 1145 3861 ommuni
1168 3807 1351 3876 interpretum
1374 3806 1514 3862 emanas
1533 3807 1690 3878 suasae,
1715 3824 1800 3882 qum

961 3894 1168 3964 amplectuntur
1180 3892 1369 3949 Tertullianus
1389 3893 1454 3951 libr.
1476 3899 1498 3947 l.
1518 3893 1555 3948 de
1573 3900 1720 3952 resurrect
1738 3913 1799 3952 ces·
1811 3904 1856 3948 xx.
1870 3906 1917 3949 tot.

10 4000 54 4040 ists
130 3983 172 4035 te.
201 3979 331 4033 Materia
357 3996 389 4032 ea
411 3996 470 4047 pua
494 3979 568 4032 vitae
595 3986 725 4036 semmae
754 3983 868 4053 proprie
893 3985 933 4039 10-
960 3979 1003 4032 uis
1022 3995 1083 4049 cap.
1101 3985 1143 4035 26.
1161 3977 1319 4050 Cyprianus
1338 3978 1386 4034 lib.
1404 3985 1430 4035 t.
1449 3979 1529 4051 epist
1550 3985 1575 4035 t.
1608 3980 1797 4052 Hieronymus

10 4061 79 4143 ’,θ’
96 4064 208 4136 quenda
230 4080 287 4118 non
307 4064 402 4129 datum
430 4065 552 4117 materia
578 4065 609 4118 in
632 4082 690 4134 orsa
713 4074 756 4121 est
781 4069 842 4139 ejus
867 4070 933 4124 sub·
960 4072 988 4119 et
1006 4064 1117 4134 Haymo
1141 4064 1170 4118 in
1185 4063 1319 4128 Essiam,
1334 4064 1505 4120 Anthelmus
1525 4072 1554 4121 et
1573 4067 1622 4122 alii
1640 4070 1799 4138 complures

90 4153 214 4221 jectum
227 4149 362 4203 ⁴sssatssu'a
379 4150 459 4203 eirea
474 4166 558 4218 quesn
577 4156 619 4205 est
639 4152 764 4221 ejusdem
782 4155 931 4224 objectum,
960 4151 988 4205 iu
1005 4167 1103 4206 comm.
1132 4156 1154 4206 1.
1170 4151 1233 4206 Cor.
1251 4154 1275 4205 2.
1294 4166 1434 4221 quamque
1451 4157 1597 4206 contextus
1617 4153 1798 4223 propheticus
1842 4162 1847 4205 ’.

94 4237 130 4292 ds
154 4235 258 4307 quibus
279 4234 396 4289 interius
417 4235 587 4305 dispicimus.
617 4235 778 4293 ‘I'ransituns
801 4256 869 4312 ergo
891 4242 932 4296 ia-
959 4241 988 4291 et
1000 4236 1172 4306 apostolicus
1187 4237 1291 4306 optime
1304 4236 1436 4290 admittit.
1474 4236 1628 4307 Postquam
1642 4236 1717 4293 enim
1734 4254 1800 4308 pro·

10 4354 25 4385 s
38 4342 77 4382 vl·
94 4323 182 4378 cimus
208 4321 246 4376 ad
264 4321 339 4377 ritae
357 4328 486 4377 marnae
501 4325 639 4389 formam,
667 4341 742 4396 quac
759 4327 886 4382 consistit
903 4328 932 4381 in
959 4321 1045 4392 pheta
1063 4321 1099 4375 de
1112 4321 1209 4390 primo
1226 4321 1335 4376 Christi
1354 4323 1480 4374 aduentu
1498 4321 1680 4392 ejusdemque
1694 4322 1798 4378 effectu

10 4400 78 4437 ’Μ’
93 4425 202 4464 summa
220 4407 367 4474 felicium,
393 4408 482 4478 gloria
508 4425 542 4463 ac
566 4409 752 4481 matutine,
778 4429 834 4483 que
851 4412 932 4467 electi
959 4413 1064 4478 egerat,
1079 4408 1226 4478 subjungit
1237 4406 1398 4462 vaticinium
1411 4406 1447 4460 de
1457 4407 1555 4476 plenia
1569 4408 1644 4461 uitae
1656 4415 1797 4473 neumae,

92 4494 129 4551 sb
144 4493 274 4549 omnibus
293 4493 374 4548 malis
393 4493 505 4549 liberati
528 4510 562 4549 ac
575 4494 656 4550 liberi
673 4511 790 4566 corpore
802 4503 830 4552 et
842 4499 933 4553 anima
959 4500 1018 4548 tum
1045 4494 1113 4565 quia
1133 4493 1261 4548 Christus
1284 4492 1502 4563 praedicationis
1522 4493 1702 4563 evangelicae
1718 4511 1798 4549 exor-

94 4579 255 4652 pleniesims
270 4585 300 4635 et
319 4579 522 4650 jucundissime
548 4580 579 4634 in
603 4596 712 4636 omnem
740 4582 932 4638 aeternitatem
960 4579 1036 4634 dium
1054 4580 1085 4633 in
1101 4577 1194 4633 officio
1206 4579 1351 4634 ministerii
1365 4578 1408 4632 sui
1421 4578 1488 4633 fecit
1502 4578 1712 4649 summissione
1722 4581 1798 4637 ritas

94 4665 280 4738 perfruentur.
309 4666 390 4722 Haeo
409 4665 834 4722 veroaeternacvitaeielioitas
852 4668 933 4723 uobis
959 4672 1098 4729 aeternae,
1124 4667 1199 4732 cpite
1223 4666 1430 4734 poenitentiam
1457 4673 1483 4720 et
1509 4666 1616 4720 aedita
1643 4667 1797 4736 mappam,

95 4753 123 4806 in
147 4751 200 4806 hac
223 4752 283 4807 sita
310 4757 353 4807 est
375 4751 659 4823 incomprehensibilis
678 4759 707 4808 et
723 4752 885 4823 ineffabilis,
909 4754 934 4810 si
960 4751 1201 4823 appropinquavit
1225 4752 1300 4804 enim
1322 4767 1440 4822 repnum
1462 4753 1623 4822 coelos-um
1647 4759 1707 4808 tum
1730 4752 1799 4824 quia

93 4838 130 4892 ds
153 4847 290 4892 accurata
312 4838 512 4909 'qus'dditatiea
543 4845 570 4891 et
594 4839 747 4908 scientifica
776 4839 933 4910 cognitione
960 4837 1088 4910 passione
1113 4853 1147 4892 ac
1170 4844 1258 4893 morte
1282 4853 1334 4892 sua
1358 4836 1428 4893 coeli
1450 4841 1567 4910 januam
1587 4838 1668 4895 uobis
1687 4838 1798 4910 aporuit

94 4929 202 4995 agatur.
241 4924 399 4980 Prubamus
416 4923 476 4993 {hoc
499 4932 521 4980 1.
542 4941 575 4978 eu
589 4924 761 4994 prophetica
778 4927 933 4980 mertone
961 4929 988 4978 st
1010 4924 1084 4978 bona
1106 4923 1239 4978 coelestia
1264 4938 1314 4992 per
1335 4922 1445 4993 lapsum
1469 4925 1572 4980 amissa
1593 4923 1675 4979 nobis
1696 4925 1798 4979 iterum

94 5009 216 5079 Fasti,
234 5028 260 5066 v.
274 5018 301 5067 t.
318 5028 402 5082 quam
416 5009 521 5081 allegat
539 5012 682 5080 apostolus
702 5015 726 5067 1.
740 5009 801 5066 Cor.
823 5017 847 5079 2,
865 5019 933 5071 ut:
960 5010 1114 5081 reparavit,
1144 5008 1241 5079 sicque
1271 5008 1380 5064 fructus
1405 5014 1434 5065 et
1457 5009 1520 5065 finis
1548 5010 1684 5065 sdvemus
1710 5009 1798 5081 ipsius

96 5096 207 5151 Onustus
224 5114 281 5161 nou
295 5096 447 5163 viditate
465 5097 547 5151 auru
563 5096 682 5165 audiuit,
704 5112 753 5151 nee
774 5097 805 5149 in
822 5114 873 5152 cor
886 5098 934 5153 tto·
959 5095 1015 5150 fuit
1037 5095 1125 5166 gloria
1154 5092 1282 5149 coelestis
1309 5094 1466 5150 bominibus
1493 5095 1682 5165 impetranda,
1712 5110 1799 5165 quam

94 5182 181 5240 uina
196 5183 364 5250 adscendit,
389 5199 462 5252 guae
480 5183 673 5251 praeparauit
692 5184 774 5236 Deus
792 5184 867 5251 dtis,
885 5184 936 5252 qui
960 5182 1044 5237 etiam
1063 5179 1240 5250 praepararit
1259 5182 1495 5248 capessentum,
1519 5180 1548 5236 h.
1569 5195 1593 5236 e.
1619 5180 1798 5236 mantibus

94 5269 223 5339 stetim
239 5285 315 5335 euos,
337 5269 367 5323 iu
392 5285 465 5341 quse
491 5267 578 5323 rerba
599 5268 639 5322 sic
657 5275 880 5325 commentantur
895 5269 935 5339 pii
959 5274 990 5323 et
1010 5283 1044 5322 ex
1063 5265 1119 5321 fide
1137 5264 1224 5335 ipsius
1246 5265 1397 5322 adveutum
1421 5265 1611 5337 diligentibus.
1646 5265 1798 5336 Apostolus

92 5360 212 5411 setmet
249 5354 462 5426 Chrysostomus
480 5355 576 5409 humil.
595 5359 634 5410 tt.
655 5355 684 5409 in
703 5355 812 5425 epistol.
830 5353 933 5413 Hebae
959 5370 1010 5425 per
1035 5351 1206 5424 sapientiam
1233 5353 1264 5405 in
1285 5355 1418 5420 mysterio
1445 5353 1639 5407 absconditam
1666 5352 1799 5424 intelligit

92 5443 163 5496 Non
185 5442 271 5508 auis,
295 5443 363 5510 guia
387 5441 563 5496 trancendit
580 5458 629 5495 cos
646 5442 774 5504 hominis,
794 5443 847 5494 sed
865 5442 933 5510 arsia
960 5439 1116 5496 doctrinam
1130 5438 1278 5508 evangelii,
1297 5437 1326 5492 in
1342 5455 1399 5509 qus
1418 5437 1488 5493 talia
1506 5438 1588 5492 nobis
1607 5444 1798 5495 monstrantur

90 5543 183 5598 sepse
206 5527 347 5583 istsltseit
369 5528 525 5597 φιὸἀφιαπι
544 5528 718 5596 dionensio,
746 5543 818 5596 meas
844 5541 934 5597 proe-
959 5531 989 5583 et
1014 5531 1128 5596 propter
1146 5522 1287 5579 Christum
1310 5523 1466 5590 offeruntur
1483 5523 1570 5595 bona,
1593 5540 1666 5596 quae
1684 5540 1798 5581 mum
