4050 6014
231 324 288 382 152
876 312 1107 372 TRAOTATUS
1124 310 1288 370 TERTIUS

227 471 322 526 mundi
351 468 479 524 interitus
508 487 592 536 supra
616 468 713 523 allatis.
757 467 833 540 Ergo
862 474 890 523 et
916 468 1063 538 posterius.
1091 467 1243 540 Capreolus
1262 474 1373 525 111111.
1398 468 1461 523 dist.
1487 473 1523 524 12.
1552 486 1578 539 q.
1602 473 1623 522 1.
1646 472 1696 524 art.
1716 472 1738 523 1.
1765 464 1886 522 conclus
1906 471 1927 522 t.

228 557 331 612 Omnes
347 555 405 611 iere
421 554 563 611 Pontificii
588 553 751 608 vaticinium
780 553 972 624 propheticum
1001 554 1064 608 Esa.
1091 562 1119 610 et
1135 557 1234 626 reliqui
1252 556 1311 610 fere
1331 571 1442 619 omnes,
1467 553 1544 624 quod
1561 552 1653 624 ipsum
1672 569 1706 608 ex
1724 558 1816 620 motu,
1839 550 1927 624 quali-

228 648 269 710 30,
292 661 318 698 r.
337 647 383 698 26:
415 642 550 695 Erillus
575 642 659 694 lunae
685 641 757 694 sieut
783 641 831 694 lus
854 639 941 709 solis,
969 649 994 694 et
1018 641 1065 693 111
1092 643 1209 709 tatibus,
1237 641 1455 698 substantiarum
1481 639 1618 695 divisione
1641 643 1670 694 et
1697 637 1759 692 aliis
1785 637 1928 709 principiis

226 730 295 783 solis
315 729 369 782 erit
386 727 516 797 septuplo
540 729 648 796 major,
675 732 703 780 in
731 726 775 781 die
797 725 946 782 novissimo
969 726 1066 780 dicunt
1092 730 1281 785 demonstrare
1300 729 1328 782 in
1352 726 1468 798 proclivi
1495 731 1546 781 est.
1581 725 1662 778 Illam
1688 739 1752 780 vero
1780 723 1850 779 coeli
1872 740 1929 778 ms·

227 832 287 871 csse
305 813 514 883 complendum,
533 812 632 883 utiquc
651 828 718 883 ergo
740 812 847 867 coelum
868 818 895 867 et
914 817 988 866 astra
1008 827 1065 866 non
1093 815 1189 869 teriam
1215 832 1277 870 cum
1303 813 1419 870 materia
1445 810 1638 867 sublunarium
1664 826 1724 866 esse
1750 809 1842 881 specie
1865 826 1927 865 esn-

227 908 335 957 tantnm
361 918 378 955 a
406 904 483 955 motu
511 898 675 965 cessabunt,
710 899 760 953 sed
787 898 871 953 etiam
899 898 1063 970 qualitatum
1091 901 1161 963 dem,
1182 901 1260 971 multi
1282 919 1315 955 ex
1332 897 1511 956 Scholasticis
1531 901 1667 962 asserunt,
1687 895 1887 951 Beneventum
1903 901 1927 954 2.

227 987 418 1043 alterationem
443 1002 493 1056 per
514 984 585 1040 lucis
609 985 811 1040 incrementum
835 985 961 1040 sentient.
996 985 1064 1038 Am·
1092 992 1162 1045 sent.
1180 987 1242 1041 dist.
1270 992 1308 1042 12.
1328 1005 1354 1058 q.
1375 991 1399 1040 2.
1429 990 1479 1040 art.
1501 990 1523 1038 1.
1561 981 1679 1054 Egidius
1713 981 1748 1035 de
1778 981 1871 1037 Rome
1899 980 1928 1035 in

227 1075 336 1130 brosius
361 1072 528 1127 catharinae
553 1072 582 1125 in
609 1087 707 1126 comm.
728 1071 812 1125 Hebr.
836 1077 857 1126 1.
885 1069 925 1125 sic
955 1069 1064 1124 scribit:
1092 1079 1171 1128 tract.
1190 1073 1224 1128 dc
1242 1080 1337 1127 mater.
1356 1071 1434 1141 coeli,
1452 1069 1574 1126 Thomas
1593 1068 1630 1123 de
1647 1067 1794 1138 Argentin.
1811 1072 1835 1124 2.
1857 1073 1926 1123 sent.

228 1164 274 1216 Ea
295 1159 511 1229 Scripturarum
530 1158 697 1212 testimoniis
714 1158 840 1224 sopimur
854 1157 960 1221 fateri,
982 1158 1065 1226 fulre-
1092 1159 1154 1214 dist.
1177 1164 1215 1215 12.
1236 1167 1286 1214 art.
1308 1161 1332 1213 2.
1356 1157 1515 1228 Durandus,
1534 1155 1682 1220 Aureolus,
1705 1153 1842 1211 Occamus
1861 1153 1928 1210 ibid.

227 1266 290 1302 ram
308 1261 373 1299 rere
393 1245 521 1314 aliquam
541 1262 674 1313 mapsam
701 1243 841 1298 coelorum
868 1243 1065 1297 alterationem
1092 1263 1118 1315 q.
1139 1249 1179 1300 22.
1200 1244 1298 1301 Scotus
1313 1250 1337 1300 2,
1356 1249 1425 1298 sent.
1447 1242 1509 1296 dist.
1531 1248 1569 1298 11.
1585 1259 1611 1313 q.
1632 1247 1654 1298 1.
1672 1257 1755 1313 quem
1769 1233 1927 1312 opinionem

222 1351 278 1402 per
298 1334 389 1403 ignem
407 1339 433 1385 et
451 1349 507 1386 non
527 1338 635 1383 tantum
652 1330 744 1384 solam
758 1337 848 1383 motus
873 1330 1065 1392 cessationem,
1092 1331 1251 1402 theologiae
1271 1330 1359 1402 magis
1380 1346 1530 1386 consonam
1551 1344 1611 1383 csse
1628 1327 1726 1382 statuit
1740 1326 1802 1382 Biel
1813 1333 1837 1383 2.
1857 1333 1928 1383 sent.

226 1437 279 1488 per
297 1436 381 1488 quam
402 1416 597 1472 alterationem
616 1417 684 1471 noni
708 1417 916 1485 quodammodo
941 1417 1064 1481 funden·
1092 1417 1154 1471 dist.
1178 1421 1215 1472 12.
1237 1435 1263 1489 q.
1282 1422 1304 1472 2.
1329 1421 1380 1471 art.
1403 1422 1424 1471 1.
1463 1417 1489 1484 3)
1518 1415 1547 1471 Si
1574 1413 1618 1468 vel
1646 1413 1765 1471 maxime
1793 1413 1928 1469 alterutra

228 1516 275 1560 tur
293 1505 367 1560 coeli
384 1513 411 1558 et
430 1505 511 1573 lonpe
527 1505 601 1572 fient
616 1502 804 1572 pulchriores,
828 1519 912 1571 quam
931 1518 1004 1555 nune
1022 1517 1064 1554 ea·
1090 1503 1255 1574 hypothesis
1274 1504 1357 1575 hujus
1376 1502 1533 1574 argumenti
1552 1500 1729 1570 concedatur,
1747 1500 1872 1569 nondum
1885 1505 1926 1557 ts-

226 1595 335 1646 sistant.
1091 1606 1154 1643 mcn
1173 1605 1207 1643 ex
1225 1605 1260 1643 ea
1279 1589 1428 1644 aeternitas
1442 1588 1512 1644 coeli
1523 1592 1617 1658 posset
1631 1585 1823 1642 demonstrari
1851 1584 1926 1641 Illud

89 1690 212 1739 arnman-
263 1682 303 1733 29.
339 1677 514 1746 Argumenta
531 1690 582 1746 pro
601 1673 670 1730 coeli
691 1672 855 1728 aeternitate
869 1673 983 1729 formari
998 1690 1064 1744 pos·
1091 1675 1164 1731 enim
1186 1675 1321 1729 duntaxat
1340 1680 1517 1746 sequeretur,
1540 1673 1647 1729 coelum
1671 1672 1844 1726 naturaliter
1866 1687 1927 1727 esse

108 1745 132 1782 ι’
147 1752 187 1791 ¹²¹⁰
227 1770 293 1818 sunt
325 1760 474 1832 ejusmodi,
508 1765 529 1815 1.
556 1777 575 1813 a
603 1759 677 1813 coeli
701 1766 808 1812 natura
834 1776 868 1812 ac
896 1759 1063 1813 conditione.
1091 1760 1309 1833 incorruptibile.
1343 1760 1382 1815 At
1400 1759 1453 1815 hoc
1471 1759 1532 1816 loeo
1553 1760 1647 1831 agitur
1666 1760 1700 1813 dc
1721 1756 1925 1829 supernaturali

96 1795 155 1833 cosli
175 1805 212 1832 s·

96 1805 213 1886 111111111·
231 1849 344 1903 Caelum
362 1848 405 1900 uel
423 1864 479 1901 non
497 1846 579 1900 babet
597 1846 756 1909 materians,
774 1848 805 1898 ut
823 1844 912 1900 voluit
926 1844 1064 1900 Averroiis
1091 1855 1120 1904 at
1144 1847 1362 1903 extraordinaria
1379 1846 1432 1901 Dei
1456 1845 1577 1914 actione,
1601 1863 1657 1917 qua
1682 1844 1817 1900 mundum
1843 1843 1925 1899 inter·

96 1896 307 1991 {titillans
328 1933 437 2005 physic.
457 1929 957 1988 11111.’19.1111.1.1111111ο1111120.
979 1936 1063 1988 1105.
1091 1936 1192 1990 iturum
1213 1950 1271 1988 esse
1292 1950 1386 1987 sacras
1404 1933 1500 1988 literae
1518 1938 1652 1987 asserunt.
1687 1930 1806 1987 Duratio
1834 1931 1925 2002 cujus·

71 1999 211 2043 ⁸⁰⁰⁶¹³¹⁰⁸¹⁰·
227 2020 288 2075 libr.
312 2020 347 2073 de
365 2017 522 2074 substantia
552 2015 627 2073 orbis
653 2034 676 2071 c.
696 2021 719 2071 2.
739 2016 785 2071 uel
812 2025 921 2069 constat
946 2019 1064 2070 materia
1091 2037 1145 2091 que
1163 2019 1202 2074 rei
1220 2019 1324 2089 pendet
1342 2036 1359 2073 a
1376 2020 1464 2075 libera
1482 2021 1628 2074 voluntate
1654 2031 1799 2088 supremae
1826 2031 1925 2071 causes

228 2106 453 2159 asubluuaribus
475 2105 596 2170 diversa,
613 2101 777 2157 Aristoteles
789 2100 837 2156 lib.
851 2105 890 2156 12.
909 2102 1064 2173 metaphys.
1091 2106 1212 2162 omnium
1231 2104 1450 2173 conservatricis,
1468 2109 1499 2158 ut
1518 2103 1645 2172 superius
1662 2101 1747 2156 etiam
1760 2098 1926 2157 monuimus.

227 2197 295 2246 text.
317 2196 356 2246 10.
382 2188 524 2245 celibi.
544 2187 697 2258 metaphys.
721 2192 897 2243 11111211
921 2188 1064 2256 colligitur
1092 2194 1118 2263 t)
1146 2191 1379 2246 Praestantissimi
1408 2189 1522 2263 quidam
1547 2187 1671 2259 theologi
1704 2194 1733 2243 et
1766 2186 1925 2258 philosophi

229 2295 262 2332 11
281 2293 323 2346 eo,
342 2278 420 2345 quod
437 2278 516 2329 Deus
536 2275 568 2327 in
585 2274 728 2343 principio
748 2274 860 2326 dicatur
879 2291 991 2328 creasse
1004 2292 1064 2329 coe·
1091 2278 1231 2350 quandam
1251 2277 1350 2331 virium
1371 2276 1530 2332 coelestium
1555 2275 1739 2329 successivam
1766 2270 1925 2329 diminutio·

227 2365 286 2417 lum
301 2371 327 2416 ct
346 2370 467 2430 terram,
490 2360 524 2413 id
547 2367 587 2412 111
611 2361 684 2412 duas
709 2359 858 2412 distinctas
885 2376 1007 2427 massas,
1031 2377 1064 2413 11
1091 2381 1169 2432 nem,
1192 2364 1317 2436 adeoque
1336 2363 1419 2417 etiam
1440 2362 1587 2432 partialem
1611 2361 1817 2432 corruptionem
1841 2375 1924 2432 agno·

229 2468 347 2519 murum
371 2466 430 2502 aaa
451 2447 597 2514 seranta,
627 2463 661 2499 es
683 2445 776 2499 altera
800 2462 867 2500 vero
895 2446 1063 2500 subternot-ia
1091 2455 1181 2516 scunt,
1201 2449 1275 2521 quod
1294 2450 1366 2504 inter
1383 2454 1475 2503 cetera
1488 2454 1652 2521 argumenta
1665 2464 1695 2503 se
1706 2447 1833 2502 evincere
1844 2462 1926 2518 posse

228 2554 352 2607 corpora
379 2535 557 2605 postmodum
583 2533 728 2596 formauit.
764 2531 898 2604 Origenes
918 2533 965 2589 lib.
984 2539 1008 2588 2.
1029 2533 1064 2588 (11
1092 2536 1261 2590 arbitrantur
1279 2552 1313 2589 ex
1332 2534 1407 2590 dicto
1420 2533 1626 2606 psalmographi
1645 2533 1751 2591 Psalm.
1769 2539 1828 2602 102,
1841 2551 1868 2586 r.
1881 2537 1925 2588 211

227 2622 345 2693 princip.
366 2639 389 2678 c.
410 2626 434 2678 8.
462 2620 633 2692 Augustinus
652 2617 735 2674 11115.
755 2618 790 2675 de
805 2617 874 2674 Gen.
887 2619 923 2674 ad
936 2619 976 2675 lit
997 2637 1021 2675 c.
1040 2625 1064 2675 5.
1092 2622 1172 2676 Coeli
1189 2622 1261 2676 11111
1280 2621 1469 2674 uestimentum
1495 2629 1672 2676 aretercsceut
1709 2622 1734 2687 5)
1760 2618 1925 2676 Universum

227 2708 275 2764 lib.
300 2705 628 2764 11.(11111,Ι)111.32.
658 2704 779 2760 Basilius
797 2704 870 2761 hom.
895 2712 916 2760 1.
939 2706 1064 2764 11111111.
1092 2714 1246 2764 creaturam
1272 2711 1311 2777 (et
1329 2706 1369 2761 sic
1389 2707 1472 2760 etiam
1491 2705 1608 2773 coelum)
1634 2722 1694 2760 esse
1718 2702 1926 2776 corruptibilem

213 2795 393 2851 ·Ambrosius
411 2793 457 2849 lib.
478 2798 499 2849 t.
518 2792 640 2847 herabm.
659 2807 682 2845 c.
701 2796 730 2846 6:
755 2792 854 2859 Utique
871 2809 938 2860 erpo
959 2793 1065 2847 coelum
1093 2795 1190 2848 statuit
1209 2790 1425 2863 chrysostomus
1448 2790 1541 2847 homil.
1566 2797 1603 2848 10.
1627 2791 1663 2846 ad
1689 2791 1825 2861 populum
1848 2796 1878 2845 et
1899 2790 1928 2845 in

228 2890 269 2936 est
283 2879 499 2949 incorruptibile
526 2884 552 2930 et
576 2884 748 2946 perpetuum.
783 2876 934 2931 Barradius
952 2884 1019 2932 tom.
1041 2884 1064 2934 3.
1092 2895 1162 2935 conr.
1184 2878 1265 2934 Rom.
1287 2882 1311 2935 8.
1332 2893 1415 2948 quem
1435 2884 1595 2949 sequuntur,
1617 2878 1658 2932 uti
1676 2878 1776 2945 solent,
1799 2876 1929 2932 Theodo-

227 2967 275 3022 lib.
297 2973 335 3022 10.
356 2981 454 3021 comm.
473 2981 497 3018 c.
521 2969 542 3018 1.
560 2980 587 3033 p.
601 2966 685 3018 6128:
708 2963 868 3017 Communis
883 2964 1065 3035 philosopho·
1092 2971 1175 3035 retus,
1192 2964 1421 3036 Theophylactus
1439 2971 1467 3019 ct
1479 2963 1663 3021 Oscumcnius
1682 2964 1711 3018 in
1731 2963 1929 3019 commentario

228 3072 289 3106 rum
308 3060 333 3107 et
353 3051 546 3119 theoloaoram
566 3050 703 3103 sententia
722 3056 772 3117 est,
789 3050 883 3103 coelos
900 3050 1064 3104 111111111-
1092 3052 1168 3107 illius
1185 3051 1249 3107 loci.
1286 3048 1390 3106 Confer
1406 3050 1527 3122 glossam
1546 3052 1712 3106 ordinariam
1726 3050 1790 3105 Esa.
1809 3053 1850 3132 bb.

228 3139 392 3209 reptibiles,
417 3138 494 3205 quod
511 3136 555 3190 uel
573 3137 749 3205 1111111111
770 3135 928 3202 renuntiat,
947 3153 1008 3189 eum
1027 3144 1066 3190 tot
1128 3142 1168 3195 30.
1199 3143 1222 3193 2.
1243 3140 1289 3192 Ea
1307 3139 1466 3208 apostoliea
1484 3138 1557 3192 coeli
1574 3138 1720 3191 interituri
1731 3137 1929 3208 descriptione.
1941 3148 1962 3190 a

229 3243 367 3281 annorrnn
390 3222 515 3277 millibus
539 3223 625 3291 nihil,
651 3223 727 3291 quod
750 3223 959 3294 corruptionem
983 3223 1066 3293 oleat,
1092 3226 1165 3282 Ilios
1184 3226 1275 3281 coelos
1292 3224 1438 3299 apostolus
1456 3226 1557 3278 Petrus
1581 3225 1650 3279 dicit
1672 3223 1857 3291 transituros,
1881 3206 1973 3295 griffi

229 3314 260 3366 in
277 3312 336 3366 11111
352 3311 587 3378 circonspectum.
624 3308 848 3378 Respondemus:
872 3309 897 3379 1)
914 3309 1064 3369 Salmeron.
1093 3329 1125 3366 en
1143 3330 1218 3382 aquo
1244 3320 1269 3366 11
1288 3328 1344 3380 per
1362 3328 1467 3381 aquam
1495 3310 1649 3365 consulunt
1677 3315 1699 3365 2.
1718 3309 1798 3380 epist.
1818 3315 1886 3391 3,,1.
1905 3303 1973 3396 b-{g

230 3399 256 3453 d.
280 3398 297 3454 l.
326 3395 456 3468 opponit,
482 3395 556 3466 quod
578 3395 664 3448 Plato
691 3396 720 3448 in
750 3395 865 3448 Timaeo
890 3401 1065 3451 contrarium
1093 3400 1181 3469 Atqui
1192 3399 1265 3453 coeli
1278 3399 1401 3452 aetherei
1414 3415 1502 3468 neque
1516 3413 1548 3450 es
1562 3413 1647 3465 aquo,
1663 3412 1813 3466 nequcper
1825 3413 1931 3466 aquam

229 3484 356 3551 11111111,
386 3490 414 3536 11
437 3481 528 3536 addit:
560 3481 675 3535 Videtur
694 3483 796 3534 Petrus
821 3482 876 3534 ista
904 3483 1009 3536 11111111
1026 3486 1068 3537 ad
1092 3487 1253 3541 consistunt.
1289 3485 1369 3554 Erpa
1392 3503 1448 3537 non
1475 3484 1601 3552 loquitur
1624 3485 1659 3536 de
1683 3482 1769 3536 coelis
1794 3482 1931 3538 aethereis

229 3569 393 3622 sententiam
424 3567 589 3621 Aristotelis
620 3569 804 3620 contendam.
850 3568 923 3620 Item
950 3576 1066 3636 constat,
1092 3574 1145 3626 sed
1168 3574 1204 3625 dc
1226 3577 1301 3626 aire.
1336 3569 1563 3640 Respondemus:
1594 3571 1618 3637 1)
1637 3568 1781 3639 apostolus
1799 3570 1943 3640 nuspiam

231 3654 410 3709 Aristotelem
437 3669 488 3721 per
512 3652 589 3705 illud
608 3652 796 3721 principium,
822 3669 855 3706 11
879 3655 968 3708 nihilo
994 3655 1066 3708 nibil
1093 3657 1174 3723 dicit,
1200 3656 1291 3713 coelos
1310 3674 1343 3712 ex
1363 3673 1437 3728 aqua
1453 3660 1482 3710 et
1498 3673 1548 3728 per
1568 3672 1668 3727 aquam
1689 3653 1854 3723 consistere,
1878 3653 1929 3711 sed

227 3743 266 3808 fii,
286 3739 386 3793 mundi
403 3737 572 3791 mentionem
590 3754 707 3805 nepassc
721 3746 746 3791 11
760 3740 955 3794 1111111111111
968 3740 1068 3793 mundi
1092 3743 1254 3814 simpliciter
1272 3743 1312 3798 sic
1330 3743 1371 3797 ait
1388 3761 1414 3800 v.
1433 3751 1462 3799 5:
1493 3744 1576 3798 Latet
1602 3749 1760 3812 smpasctns
1787 3740 1855 3794 illos
1882 3759 1929 3795 uo·

224 3825 510 3896 pomoranorum
529 3825 827 3888 demonstrationibus,
853 3833 883 3879 ut
900 3826 960 3895 ipse
982 3835 1067 3897 puta·
1092 3831 1196 3898 lentes,
1221 3831 1298 3898 quod
1315 3830 1388 3883 coeli
1404 3837 1486 3884 11111
1500 3830 1585 3899 prius
1606 3836 1631 3880 et
1650 3835 1730 3882 terra
1749 3844 1782 3880 ea
1800 3845 1878 3897 aqua
1902 3835 1929 3882 st

124 3914 289 3982 1111111,
308 3911 436 3978 evicisse,
455 3912 490 3963 de
509 3910 621 3962 animae
644 3911 728 3962 etiam
747 3910 960 3967 immortalitate
982 3913 1067 3980 juata
1089 3934 1145 3987 per
1169 3934 1273 3986 aquam
1297 3916 1457 3969 1111111111.
1498 3914 1541 3969 Dc
1563 3921 1637 3970 terra
1658 3913 1744 3986 igitur
1769 3913 1928 3983 seperatim,

228 3999 377 4053 1111111111
395 4005 511 4065 patrum
529 3996 704 4050 Graecorum
718 3997 885 4050 sententiam
904 4000 1066 4055 haesitasse.
1093 4019 1149 4058 non
1169 4002 1204 4057 de
1224 4001 1302 4058 coelo
1325 4017 1359 4055 ae
1387 4005 1461 4055 terra
1487 4001 1657 4071 conjunctim
1682 3998 1735 4056 hcc
1758 4000 1864 4056 asserit
1901 4000 1927 4067 1)

231 4085 417 4146 Quirinalem
435 4098 531 4151 speres
548 4082 1066 4151 11111111111)·11111111111111111
1093 4089 1183 4144 Multo
1201 4089 1292 4143 minus
1316 4086 1482 4143 exclusivum
1507 4086 1600 4156 addit,
1625 4085 1701 4158 quod
1724 4086 1766 4140 illi
1793 4087 1930 4143 duntaxat

228 4178 255 4224 ct
276 4178 377 4240 aperta
399 4171 534 4238 dogmata
559 4170 754 4238 panepante!
792 4170 885 4236 Certe,
914 4178 945 4223 ut
972 4188 1066 4224 rerum
1094 4177 1163 4232 coeli
1182 4175 1237 4230 sint
1255 4173 1403 4239 interituri,
1423 4171 1470 4244 qui
1491 4190 1524 4228 ex
1541 4190 1617 4244 aqua
1636 4178 1663 4227 ct
1679 4189 1731 4244 per
1749 4190 1852 4246 aquam
1864 4191 1929 4231 con·

227 4260 336 4325 fatear,
362 4256 432 4309 tatio
445 4255 572 4324 patienti
587 4256 682 4309 animo
702 4255 782 4318 serre
802 4273 921 4325 nequeo,
948 4275 1007 4310 cum
1027 4258 1065 4310 vi·
1093 4263 1204 4330 sistunt,
1224 4260 1274 4315 sed
1293 4278 1318 4313 v.
1342 4264 1482 4315 101112.
1503 4257 1631 4314 absolute
1648 4261 1818 4329 pronuntiat,
1837 4260 1929 4337 coelos

230 4346 296 4410 deo,
324 4345 462 4411 quosdam
479 4344 552 4395 adeo
569 4342 764 4411 superstitiose
781 4358 815 4394 ae
833 4343 977 4396 mordicus
995 4344 1069 4397 tueri
1093 4350 1156 4417 ipae
1183 4364 1329 4401 succensos
1357 4361 1416 4398 esse
1444 4344 1651 4408 dissolvendos,
1683 4361 1716 4399 ac
1743 4350 1775 4399 ut
1801 4348 1929 4417 superius

230 4429 393 4484 Aristotelis
411 4431 560 4496 dogmata,
585 4435 615 4479 ut
632 4427 733 4480 malint
753 4426 855 4481 multos
878 4435 967 4481 tortus
989 4429 1067 4483 Seri·
1094 4434 1263 4500 monuimus,
1290 4432 1324 4488 ds
1348 4431 1402 4486 iilis
1424 4430 1509 4486 coelis
1534 4447 1594 4484 sese
1617 4431 1695 4502 loqui
1719 4431 1855 4502 ostendit,
1880 4434 1928 4505 qul

224 4523 331 4584 prorae
346 4514 475 4568 uiolentia
494 4513 597 4583 plessis
615 4513 794 4566 assensibus
816 4522 958 4584 torquere,
983 4534 1067 4584 qnam
1094 4527 1159 4575 sunt
1177 4521 1213 4576 ab
1231 4517 1372 4575 elementis
1392 4517 1530 4585 distincti,
1553 4533 1585 4570 ac
1610 4516 1729 4587 proinde
1751 4534 1929 4590 nequaquam

230 4604 257 4654 in
277 4618 362 4654 unum
375 4601 530 4670 impingere
543 4599 737 4654 Aristotelem.
765 4601 839 4653 Nam
854 4602 924 4670 plus
941 4603 992 4654 uni
1005 4602 1067 4656 loeo
1094 4606 1235 4661 (11111111
1255 4604 1424 4675 coclissgit.
1461 4602 1487 4670 3)
1514 4603 1557 4658 Ac
1580 4603 1603 4656 si
1621 4605 1666 4659 vel
1686 4605 1804 4659 maxima
1827 4604 1973 4663 Petrum

129 4698 131 4702 ·
230 4688 412 4757 Scripturas,
442 4701 497 4754 per
525 4703 609 4755 quam
637 4686 763 4755 loquitur
795 4687 921 4756 Spiritus
947 4698 1068 4749 sanetus,
1093 4693 1148 4748 hcc
1167 4693 1229 4747 loco
1247 4697 1354 4745 tantum
1376 4689 1411 4745 de
1436 4689 1524 4745 sireis
1549 4689 1633 4745 coelis
1656 4690 1829 4762 loqueretur,
1855 4692 1930 4764 quod

228 4773 406 4826 tribuendum
425 4779 464 4825 est
483 4788 568 4840 qaam
585 4772 724 4826 uniuersis
737 4773 919 4841 philosoplis
937 4793 1022 4828 unum
1043 4785 1068 4829 et
1094 4778 1172 4832 salva
1191 4777 1307 4832 veritate
1326 4775 1443 4831 concedi
1460 4774 1566 4847 nequit,
1584 4775 1708 4831 nondum
1725 4781 1818 4831 tamen
1832 4794 1931 4850 seque·

228 4860 303 4912 idem
328 4866 490 4913 constanter
518 4859 682 4917 dicentibus,
717 4859 799 4915 Adde
824 4861 850 4926 2)
875 4860 951 4931 quod
979 4861 1067 4932 hypo·
1093 4869 1184 4932 retur,
1211 4863 1273 4918 illos
1292 4862 1429 4916 duntaxat
1449 4861 1601 4931 perituros,
1628 4861 1695 4931 quia
1716 4879 1751 4916 ex
1774 4863 1835 4918 aliis
1855 4863 1929 4920 Scri-

229 4945 319 5000 theses
347 4945 429 5017 hujus
458 4945 616 5015 argumenti
643 4946 767 5001 nondum
795 4947 851 5001 sint
879 4952 922 5001 sat
954 4947 1069 5002 firmiter
1094 4957 1192 5020 pturse
1222 4948 1291 5003 locis
1318 4946 1500 5004 demonstrari
1532 4953 1637 5018 potest,
1669 4947 1753 5003 etiam
1785 4949 1929 5008 aethereos

230 5032 441 5088 demonstratae.
477 5031 593 5086 Caelum
618 5032 691 5086 enim
717 5049 749 5088 ex
778 5033 896 5087 materia
922 5040 951 5088 et
979 5032 1068 5089 torma
1093 5036 1185 5090 coelos
1203 5051 1263 5090 esse
1282 5034 1455 5091 transituros.
1490 5032 1613 5088 inclusio
1628 5033 1714 5088 unius¹
1735 5051 1791 5089 non
1817 5041 1860 5092 est
1885 5054 1928 5093 sx-

229 5126 360 5174 ccnstare
380 5125 516 5189 statuunt,
537 5137 570 5175 ex
590 5118 726 5174 Hebraeis
745 5117 879 5174 rabbinus
898 5119 980 5174 Aban
994 5120 1069 5191 Tyb-
1094 5121 1182 5176 clusio
1203 5121 1326 5176 alterius.
1362 5123 1391 5186 1)
1416 5119 1492 5176 Coeli
1520 5119 1575 5188 illi,
1601 5135 1670 5189 quos
1695 5118 1841 5191 Scriptura
1867 5141 1928 5196 pcr-

234 5205 295 5261 bcn
315 5206 344 5259 in
366 5221 449 5276 opere
467 5206 583 5276 physico
602 5207 682 5275 cujus
700 5204 796 5259 titulus
817 5205 953 5273 111111111
972 5223 1031 5276 cap.
1047 5214 1070 5265 8.
1094 5209 1182 5261 ituros
1202 5206 1313 5273 asserit,
1338 5204 1473 5261 Hebraeis
1491 5217 1626 5263 uocantur
1645 5195 1758 5282 nfftgttj,
1778 5209 1854 5280 quod
1869 5210 1928 5283 qui.

229 5292 393 5348 exGraecis
411 5293 586 5364 philosophis
606 5292 771 5347 Aristoteles
792 5292 879 5347 11112.
898 5292 1068 5364 degenerat,
1096 5294 1159 5347 dam
1187 5298 1328 5362 exponunt
1350 5310 1441 5362 aquas
1464 5295 1517 5362 ibi,
1544 5297 1577 5347 ut
1602 5292 1655 5347 hac
1684 5294 1791 5350 ratione
1820 5295 1929 5352 coelum

231 5386 263 5434 et
281 5387 403 5450 corrupt.
424 5396 447 5434 c.
464 5386 490 5436 a.
508 5385 574 5433 text.
596 5385 637 5434 51.
663 5378 710 5432 lib.
733 5382 771 5433 12.
798 5378 919 5450 metaph.
944 5384 1010 5437 text.
1030 5386 1069 5436 10.
1095 5379 1178 5433 etiam
1199 5379 1336 5433 sidercum
1355 5396 1389 5432 cx
1407 5395 1480 5451 aqna
1499 5378 1648 5434 formatum
1668 5395 1728 5434 esse
1743 5386 1771 5435 et
1783 5395 1870 5452 squas
1885 5400 1929 5438 su·

229 5465 277 5522 lib.
298 5471 319 5521 1.
340 5465 375 5520 ds
394 5465 473 5520 coelo
490 5472 555 5519 text
575 5469 616 5520 92.
641 5462 799 5535 Simplicius
817 5463 864 5519 lib.
889 5470 913 5521 l.
938 5465 972 5520 de
990 5468 1068 5522 coelo
1093 5483 1146 5537 pra
1163 5464 1366 5520 firmamentum
1382 5465 1532 5520 collocatas
1550 5464 1703 5530 adstruant,
1731 5455 1844 5537 quidam
1862 5482 1929 5525 sero
1954 5530 1959 5537 ,

232 5565 329 5610 comm
349 5555 373 5607 8.
405 5567 439 5606 ex
458 5549 568 5605 Latinis
587 5548 710 5606 Thomas
730 5556 802 5622 part
820 5557 843 5608 1.
862 5569 889 5624 q.
907 5547 950 5609 0οζ
973 5558 1024 5607 art.
1042 5556 1067 5608 2.
1094 5551 1230 5608 rationem
1255 5549 1453 5624 appellationis
1474 5548 1621 5631 proferunt
1645 5567 1721 5623 eam,
1752 5551 1827 5624 quod
1856 5553 1929 5629 cosli
