4050 6014
601 301 681 366 QUA
701 303 754 358 DE
773 304 867 360 VITA
887 303 940 360 JO.
959 302 1161 358 GERHARDI
1179 303 1415 363 DISSERITUR.
1813 307 1858 361 tx

149 456 384 524 serenissimus.
421 455 653 520 Recentissirna
674 458 768 521 huius
791 461 1013 523 constitutionis
1035 461 1250 524 ecclesiasticae
1273 458 1370 523 editio
1394 458 1537 545 Coburgi
1559 483 1643 525 anno
1668 461 1760 527 1713.
1784 483 1857 545 pro·

149 559 221 638 diit,
244 559 296 622 cui
319 559 446 623 brevem
469 558 702 642 expositionem
724 559 764 624 de
780 563 1026 624 ordinat-ionibus
1049 562 1255 624 ecclesiasticis
1283 560 1406 624 addidit
1436 563 1592 627 Emestus
1613 561 1767 628 Salomon
1790 560 1857 647 Cy·

152 661 295 746 prianus,
317 658 486 744 theologus
509 659 690 736 Gothanus,
713 661 803 744 isque
825 660 1059 726 celeberrimus.

281 811 416 876 Ordinis
439 811 519 875 ratio
542 811 605 875 iam
626 812 785 898 exposcit,
805 825 839 876 ut
860 813 900 876 de
920 815 1087 877 vocatione
1111 815 1254 896 lenensi,
1277 815 1316 878 ad
1338 838 1435 899 quam
1450 815 1669 902 accipiendam
1686 817 1755 902 ipse
1771 815 1857 882 Ger-

150 915 271 978 hardus
283 937 373 978 suam
385 912 615 999 proclivitatem
633 914 719 978 haud
734 914 868 978 obscure
884 914 1033 998 prodidit,
1049 915 1213 1002 sigillatim
1227 914 1381 979 nonnulla
1395 917 1546 983 dicamus.
1568 918 1591 981 J
1592 943 1642 981 am
1659 940 1744 984 anno
1763 922 1856 986 1611.

151 1017 318 1083 academia
332 1017 481 1081 Jenensis
496 1016 588 1081 valde
604 1015 770 1099 institerat,
789 1028 823 1080 ut
841 1015 1027 1081 Gerhardus
1041 1019 1203 1102 professor
1219 1018 1280 1081 sibi
1296 1018 1465 1103 theologias
1480 1021 1714 1087 concederetur.
1742 1022 1857 1106 Neque

151 1132 260 1183 tamen
281 1131 348 1182 tum
369 1118 522 1202 temporis
545 1118 610 1182 voti
633 1117 681 1181 sui
705 1140 835 1204 compos
857 1118 924 1182 fieri
946 1119 1061 1203 potuit,
1084 1119 1242 1202 siquidem
1264 1121 1482 1184 serenissimus
1501 1120 1658 1206 Princeps
1681 1120 1856 1187 Casimirus

151 1220 248 1284 nullis
269 1220 384 1284 adduci
403 1219 507 1304 potuit
530 1219 717 1301 rationibus,
739 1232 774 1284 ut
791 1219 994 1284 Gerhardum
1013 1219 1129 1284 denam
1154 1221 1335 1287 dimitteret.
1380 1224 1501 1287 Verum
1524 1245 1622 1309 quum
1646 1225 1856 1306 quadriennio

152 1332 228 1408 post
240 1321 432 1385 Ambrosius
448 1320 643 1405 Reudenius,
661 1320 822 1385 facultatis
838 1322 1024 1406 theologica
1040 1322 1073 1385 in
1090 1323 1253 1386 academia
1264 1323 1286 1386 J
1289 1324 1397 1387 enensi
1413 1324 1528 1406 senior,
1552 1325 1646 1388 rebus
1665 1327 1857 1391 eximeretur

152 1425 310 1507 humanis,
333 1439 429 1507 atque
447 1422 642 1500 Gerhardus,
664 1437 698 1487 ut
721 1424 863 1487 eiusdem
884 1425 990 1489 locum
1009 1423 1180 1509 suppleret,
1202 1426 1307 1488 denuo
1328 1424 1513 1490 solemniter
1526 1438 1702 1503 vocaretur,
1724 1427 1856 1515 ipseque

150 1527 284 1613 insuper
305 1527 435 1592 Elector
455 1526 766 1592 Saxoniaedoannes
783 1525 944 1611 Georgius
966 1530 991 1593 I.
1013 1526 1065 1591 die
1090 1528 1138 1590 18.
1156 1524 1236 1589 Julii
1260 1527 1334 1590 anni
1352 1529 1444 1592 1615.
1467 1527 1588 1591 litteras
1611 1526 1670 1592 hac
1693 1529 1732 1591 de
1756 1551 1789 1592 re
1812 1529 1853 1592 ad

152 1629 338 1714 Principem
354 1630 407 1697 Jo.
425 1628 615 1693 Casimirum
633 1628 737 1703 daret3
762 1628 879 1691 factum
903 1626 952 1693 vel
968 1628 1096 1691 tandem
1119 1639 1177 1710 est,
1196 1637 1231 1690 ut
1246 1627 1444 1705 Gerhardus‚
1465 1628 1614 1694 Electore
1628 1630 1777 1696 Saxoniae
1799 1631 1856 1694 im·

153 1732 263 1817 primis
286 1732 511 1812 intercessore,
538 1729 754 1794 dimissionem
783 1729 832 1793 sui
861 1731 901 1793 ad
924 1729 1117 1795 academiam
1138 1731 1311 1794 Jenensem
1332 1753 1351 1793 a
1374 1729 1529 1795 Casimiro
1546 1732 1712 1796 obtineret.
1749 1732 1856 1817 Leges

152 1848 258 1898 tamen
293 1832 355 1918 ipsi
386 1831 608 1896 serenissimus
641 1831 729 1895 hicce
752 1831 906 1918 Princeps
937 1832 1092 1914 quasdam
1119 1832 1337 1917 praescripsit,
1368 1832 1399 1895 vi
1429 1856 1564 1918 quarum
1592 1833 1695 1897 adhuc
1717 1833 1857 1917 quodam

152 1936 251 2000 modo
275 1956 351 1998 suus
374 1946 591 2019 permaneret;
622 1932 771 1996 nimirum
802 1945 837 1996 ut
868 1934 900 1996 in
923 1945 1085 2017 posterum
1107 1956 1236 2019 quoque
1259 1933 1474 1998 consiliarium
1498 1935 1746 2000 ecclesiasticum
1769 1937 1856 2021 apud

152 2039 260 2124 ipsum
286 2047 412 2122 ageret,
441 2047 477 2098 ut
496 2057 592 2120 porro
614 2034 863 2112 visitationibus,
892 2035 1025 2119 synodis
1064 2035 1198 2120 aliisque
1222 2035 1521 2119 deliberationibus,
1552 2036 1653 2100 sicubi
1682 2040 1854 2102 necessitas

153 2140 188 2203 id
220 2149 422 2224 exposceret,
454 2160 558 2221 neque
588 2148 693 2201 tamen
726 2139 791 2201 suis
814 2138 987 2208 sumtibus,
1017 2138 1200 2211 interesset,
1236 2138 1376 2224 itemque
1398 2150 1434 2201 ut
1458 2138 1629 2222 quotannis
1655 2139 1855 2204 examinibus

153 2240 316 2327 gymnasii
347 2238 549 2304 Casimiriani
574 2239 737 2303 assisteret
773 2251 867 2322 atque
898 2250 933 2301 ut
963 2238 1101 2322 denique
1124 2238 1317 2323 peculiarem
1342 2262 1450 2303 curam
1484 2263 1594 2304 eorum
1629 2252 1771 2325 gereret,
1800 2242 1856 2325 qui

154 2344 224 2408 suis
247 2355 279 2406 et
301 2341 407 2405 fratris
428 2341 479 2405 Jo.
495 2339 624 2404 Ernesti
644 2341 842 2406 Iseuacensis
865 2341 1031 2426 stipendiis
1055 2341 1087 2403 in
1117 2342 1238 2405 litteras
1252 2341 1354 2406 Jenae
1377 2341 1605 2406 incumberent.
1649 2342 1715 2406 Pro
1738 2343 1855 2426 quibus

153 2444 270 2510 officiis
289 2442 334 2507 illi
355 2464 496 2507 annuum
518 2455 644 2507 centum
669 2443 862 2507 florenorum
886 2442 1079 2527 stipendium
1102 2442 1251 2506 decrevit.

283 2596 393 2680 Atque
415 2594 536 2659 abhoc
558 2606 701 2679 tempore
722 2617 806 2659 nova
828 2595 890 2657 iam
914 2594 996 2657 vitae
1012 2593 1172 2659 Gerhardi
1187 2595 1336 2679 periodus
1360 2595 1489 2677 orditur,
1512 2616 1607 2678 quam
1626 2595 1708 2660 inter
1724 2609 1855 2682 exopta·

154 2699 296 2764 tissimas
327 2720 453 2782 semper
480 2697 588 2761 retulit
614 2708 710 2780 atque
740 2697 779 2760 de
807 2719 888 2781 qua,
917 2697 1063 2780 quamvis
1092 2697 1252 2761 videretur
1277 2697 1316 2761 de
1338 2694 1440 2760 altiori
1471 2696 1637 2782 dignitatis
1666 2698 1769 2783 gradu
1798 2697 1855 2763 de·

155 2802 320 2885 scendere,
342 2801 456 2864 mirum
479 2801 511 2863 in
535 2800 665 2863 modum
683 2798 742 2862 sibi
758 2800 939 2883 gratulatus
958 2811 1014 2863 est.
1058 2798 1163 2862 Tanto
1185 2811 1291 2862 autem
1313 2821 1385 2862 curn
1407 2800 1519 2863 ardore
1543 2822 1611 2863 sese
1633 2799 1739 2862 statim
1764 2822 1855 2884 prac-

157 2903 350 2969 lectionibus
382 2903 447 2964 suis
475 2901 663 2985 theologicis
686 2901 855 2986 applicuit,
887 2913 923 2963 ut
944 2899 1025 2964 nihil
1046 2902 1139 2984 plane
1162 2922 1271 2964 eorum
1294 2901 1573 2986 praetermitteret,
1604 2923 1687 2984 quac
1707 2901 1854 2986 egregios

154 3007 376 3070 doctrinarum
406 3017 586 3067 sanctarum
615 3025 844 3066 consecraneos
866 3003 1032 3068 efformare
1059 3016 1197 3087 possent.
1240 3002 1323 3065 Nam
1344 3016 1469 3088 praeter
1490 3003 1685 3088 isagogicam
1712 3002 1855 3067 locorum

156 3107 413 3193 theologicorum
428 3105 680 3191 explicationem,
702 3127 798 3187 quam
816 3105 953 3168 subinde
968 3105 1115 3187 instituit,
1130 3103 1265 3190 singulis
1280 3128 1408 3192 quoque
1424 3106 1515 3169 annis
1531 3105 1684 3191 quosdam
1700 3106 1854 3171 duntaxat

154 3210 247 3276 locos
271 3210 463 3294 eosdemque
486 3207 673 3292 praecipuos
695 3207 836 3269 curatius
858 3207 919 3269 sibi
941 3208 1147 3272 excutiendos
1173 3207 1295 3275 sumsit.
1333 3206 1453 3272 Contra
1476 3208 1578 3272 omnis
1596 3209 1722 3293 generis
1737 3208 1854 3293 hostes,

157 3313 351 3399 quibuscum
381 3308 530 3376 ecclesiae
564 3309 700 3395 purioris
733 3309 916 3373 doctoribus
949 3322 1109 3373 certamen
1142 3310 1345 3373 subeundum
1377 3322 1444 3388 est,
1478 3310 1630 3374 invictum
1660 3311 1694 3373 in
1722 3311 1854 3373 veritate

155 3415 278 3478 tuenda
301 3415 500 3479 defensorem
522 3413 597 3497 egit.
640 3411 799 3498 Imprimis
822 3424 932 3475 contra
954 3411 1172 3475 Romanenses
1195 3411 1319 3475 fortiter
1340 3412 1496 3496 pugnavit
1523 3412 1714 3495 eosdemque
1736 3410 1854 3476 habitis

155 3517 240 3581 hanc
269 3517 302 3579 in
327 3538 395 3579 rem
424 3514 567 3600 collegiis
591 3512 691 3578 solide
713 3514 897 3579 confutavit.
941 3513 984 3577 Et
1006 3536 1082 3576 sane
1104 3528 1176 3600 post
1197 3512 1377 3577 Lutherum
1399 3528 1494 3597 atque
1517 3513 1733 3577 Chemnitium
1763 3536 1854 3599 prae-

154 3619 293 3683 stantior
322 3616 498 3680 debellator
526 3613 678 3679 ecclesiae
699 3638 849 3678 romanae
872 3616 1037 3678 doctorum
1058 3614 1110 3677 vix
1131 3615 1264 3699 cogitari
1287 3627 1407 3699 potest,
1436 3615 1491 3698 qui
1515 3637 1604 3678 arma
1624 3616 1765 3699 ipsorum
1789 3639 1854 3679 tam

153 3721 285 3805 egregie
312 3719 494 3783 retunderet.
524 3740 643 3802 eosque
683 3718 750 3780 suis
783 3718 924 3803 ipsorum
954 3717 1068 3801 gladiis
1095 3718 1263 3803 iugularat.
1316 3720 1485 3783 Praeterea
1515 3728 1625 3781 contra
1654 3718 1707 3781 Jo.
1728 3715 1854 3780 Calvini

158 3821 297 3886 asseclas
329 3821 491 3884 auditores
514 3843 589 3884 suos
612 3820 746 3884 sollicite
768 3821 973 3891 communire,
995 3842 1124 3882 suarum
1145 3821 1236 3883 duxit
1258 3843 1326 3886 esse
1347 3820 1494 3905 partium.
1529 3818 1704 3883 Descendit
1726 3840 1854 3904 quoque

155 3924 191 3987 in
222 3946 348 3988 arenam
371 3945 444 3986 cum
464 3922 685 4005 Photinianis,
712 3922 809 4004 idque
834 3921 918 3984 haud
941 3920 1124 4004 infeliciter,
1154 3922 1240 3985 omni
1263 3910 1382 4007 quippe
1405 3944 1564 3984 armorum
1586 3943 1703 4006 genere
1726 3921 1854 3985 abunde

152 4026 336 4090 instructus.
382 4024 611 4109 Disputatoriis
635 4022 780 4109 collegiis
805 4024 938 4087 multum
962 4023 1072 4086 statuit
1103 4024 1195 4108 pretii
1227 4024 1324 4106 inque
1354 4024 1393 4086 iis
1426 4023 1598 4109 discipulos
1621 4046 1696 4087 suos
1719 4023 1854 4108 diligen·

154 4127 278 4192 tissime
300 4127 450 4192 exercuit.
495 4127 603 4189 Horas
623 4137 730 4188 tamen
751 4126 932 4210 exegeticas
955 4124 1102 4188 omnibus
1124 4125 1191 4187 fere
1214 4124 1346 4208 reliquis
1368 4125 1523 4189 antetulit.
1563 4126 1664 4190 Pauci
1685 4137 1758 4188 sunt
1780 4124 1854 4188 libri

156 4229 277 4294 veteris
299 4229 438 4312 novique
461 4228 650 4303 testamenti,
672 4249 754 4310 quos
777 4251 840 4293 000
871 4227 903 4290 in
932 4226 1198 4312 praelectionibus
1228 4226 1294 4289 suis
1328 4226 1516 4291 academicis
1546 4227 1768 4290 nervosissime
1798 4248 1853 4289 ex·

152 4332 308 4418 posuerit.
330 4329 728 4416 ExplanationiEpt'stoloc
742 4335 785 4395 od
798 4332 969 4405 Hebraeos,
989 4329 1121 4392 sednon
1136 4329 1240 4413 prima
1255 4330 1383 4394 demum
1398 4327 1466 4392 vice
1481 4328 1652 4410 institutae,
1665 4329 1853 4391 immortuus

153 4445 214 4498 est.
256 4432 418 4495 Adiunxit
449 4431 536 4495 hisce
565 4431 712 4495 omnibus
742 4429 880 4515 reliquas
904 4453 1032 4514 quoque
1056 4429 1207 4494 lectiones
1229 4444 1259 4496 et
1282 4430 1427 4515 collegia,
1461 4452 1543 4514 quae
1566 4454 1584 4493 a
1605 4429 1756 4515 theologo
1777 4452 1853 4493 con·

152 4547 311 4599 summoto
341 4533 480 4617 fideique
514 4532 609 4620 pleno
642 4540 818 4619 exspectari
841 4546 983 4617 possunt.
1038 4530 1149 4611 Quum
1179 4555 1262 4596 anno
1292 4535 1384 4597 1636.
1411 4532 1497 4595 Jena
1527 4529 1676 4606 Oahhm,
1712 4531 1852 4596 vicinum

150 4638 255 4702 musis
273 4635 399 4703 Salanis
421 4636 619 4722 oppidulum,
641 4659 709 4700 sese
732 4636 928 4717 contulisset,
950 4646 984 4698 ut
1002 4635 1128 4697 morbos
1151 4634 1353 4718 contagiosos
1369 4634 1472 4697 Jenae
1488 4647 1671 4719 grassantes
1688 4634 1852 4721 effugeret,

149 4741 187 4804 in
222 4739 281 4803 hoc
310 4739 402 4823 quasi
436 4738 548 4803 exsilio
578 4739 848 4802 commorantibus
881 4736 928 4801 ibi
963 4758 1070 4799 secum
1100 4736 1250 4799 studiosis
1279 4757 1335 4798 sex
1360 4735 1468 4819 priora
1496 4737 1601 4821 capita
1620 4737 1852 4821 Apocalypseos

151 4841 300 4927 exposuit
329 4842 487 4924 huiusque
520 4841 760 4924 explicationem
782 4853 893 4925 postea
913 4840 1029 4905 Jenam
1057 4858 1202 4900 reversus
1225 4837 1429 4903 continuavit.
1467 4836 1548 4901 Cum
1572 4836 1703 4922 collegis
1724 4838 1853 4904 Joanne

149 4943 280 5008 Maiore
302 4954 332 5006 et
353 4944 405 5010 Jo.
429 4943 603 5006 Himmelio
626 4945 658 5006 in
679 4943 817 5005 maxima
835 4965 872 5005 ac
894 4963 1059 5025 nunquam
1080 4939 1256 5025 interrupta
1278 4940 1445 5006 concordia
1469 4940 1557 5005 vixit.
1600 4940 1719 5005 Fasces
1739 4940 1854 5005 acade-

150 5044 253 5109 micos
281 5056 394 5129 quater
419 5044 529 5109 tenuit.
573 5042 697 5109 Decani
728 5057 834 5107 autem
856 5044 1000 5128 partibus
1023 5043 1166 5107 crebrius
1188 5067 1305 5129 magna
1336 5066 1407 5108 curn
1430 5043 1586 5127 dignitate
1609 5043 1778 5106 defunctus
1804 5056 1853 5109 est

149 5146 395 5230 honoribusque
430 5145 645 5212 doctoralibus
675 5146 800 5210 ornavit
830 5169 896 5209 non
925 5145 1041 5208 multos
1072 5145 1217 5228 quidem,
1252 5146 1308 5208 sed
1338 5166 1451 5232 graves
1482 5167 1519 5208 ac
1542 5145 1656 5228 dignos
1679 5144 1778 5220 viros,
1812 5169 1852 5211 ex

151 5247 271 5333 quibus
289 5247 493 5314 Salomonem
509 5247 682 5329 Glassium,
698 5248 882 5331 theologum
898 5246 1189 5332 incomparabilem,
1212 5248 1410 5312 Fridericum
1428 5262 1458 5311 et
1473 5246 1684 5312 Wilhelmum
1701 5247 1852 5331 Lyseros,

150 5350 258 5415 Andr.
274 5350 455 5424 Keslerum,
471 5349 785 5436 superintendentem
806 5349 1051 5432 Eisfeldensem,
1073 5362 1105 5414 et
1122 5349 1337 5414 Christianum
1353 5351 1540 5430 Weberum,
1557 5364 1715 5435 pastorem
1730 5349 1852 5415 Halen·

148 5474 228 5536 sem,
250 5451 430 5516 nominasse
451 5451 595 5517 sufficiat.
