4050 6014
759 308 813 363 nn
833 307 927 365 vrrs
946 307 1136 367 cernuus.
1512 289 1515 295 ’
1733 313 1795 376 ιιι

92 464 179 519 omns
198 464 342 532 indipeat,
366 463 461 532 possit
478 465 652 517 manducare
671 470 699 516 et
717 478 777 517 esse
794 464 931 521 metitum,
960 461 1059 517 tenuit
1092 461 1169 533 Ergo
1183 461 1268 517 etium
1285 461 1429 519 beatorum
1445 461 1634 532 corporuillcs
1647 461 1798 534 qualitates

94 552 172 622 quod
190 558 216 604 ιι
235 551 271 603 de
288 551 398 616 anpslis
420 550 543 618 lepimus.
578 548 749 604 Anthelmus
766 550 784 604 L
801 549 837 604 de
858 549 931 604 simi·
960 547 1189 603 erunthehituru.
1214 547 1336 603 Thomas
1349 556 1373 606 4.
1385 555 1455 603 sent.
1465 550 1529 603 dist.
1545 554 1588 606 44.
1609 566 1636 619 q.
1645 553 1670 604 2.
1691 548 1796 603 Suures

91 635 174 691 titud.
200 652 224 690 c.
244 640 286 692 48.
304 635 401 690 itidem
420 642 527 706 septem
552 642 678 690 recenset
697 635 822 705 corporis
843 634 931 697 dotes,
957 640 1024 689 tom.
1042 638 1066 688 2.
1086 635 1114 688 in
1126 641 1197 704 pert.
1212 638 1237 690 3.
1248 633 1346 691 Thom.
1361 634 1433 704 disp.
1442 639 1483 691 te.
1496 633 1625 689 Beuum
1637 633 1796 704 ineppsnd.

92 721 144 777 sed
161 721 305 792 paululum
327 721 458 776 diversus.
494 722 610 788 Partes,
627 720 733 790 inquit,
751 721 932 774 mctdudinis
959 719 1062 789 disput.
1082 719 1118 775 dc
1134 726 1244 791 purget.
1263 720 1370 774 Celsin.
1387 737 1449 790 cup.
1470 724 1510 776 10.
1528 736 1593 792 pag.
1609 723 1666 775 too.
1701 723 1726 776 t.
1749 720 1796 773 Eu

91 810 136 862 ad
159 807 290 876 corporis
309 806 510 864 beatitudinem
534 808 704 876 pertinentes
722 814 786 859 sunt
802 806 931 875 pulebri·
958 805 1123 859 rationibus.
1164 805 1286 860 Thomas
1309 805 1344 860 de
1370 804 1703 876 urgentissimam
1730 802 1795 861 dist

90 896 172 962 tudo,
193 894 320 963 opilitas,
336 895 489 957 fortitudo.
509 894 635 961 libertas,
653 893 772 959 sanitas,
792 893 931 961 uoluptas,
958 896 1000 947 te.
1035 889 1141 961 profert
1175 890 1249 946 hunc
1282 891 1537 946 ratiocinationem:
1578 891 1630 944 Ad
1660 890 1728 958 lac,
1763 897 1795 943 ut

91 978 278 1047 lonpaeuitos.
308 985 333 1034 ³.
353 978 518 1034 Schohstici
534 979 718 1035 communitor
734 985 766 1032 ut
778 987 835 1032 tres
852 980 932 1033 doles
957 995 1062 1045 corpus
1073 977 1110 1030 ab
1121 977 1220 1039 anima
1231 977 1313 1032 beuta
1323 986 1474 1030 resumtum
1487 995 1543 1030 non
1561 977 1599 1030 sit
1615 976 1674 1044 ipsi
1683 976 1796 1030 aumas

91 1066 215 1128 animae,
234 1064 364 1119 videlicet
383 1064 526 1133 visionem,
546 1063 706 1120 fruitionem
720 1068 749 1117 ct
765 1065 930 1128 tentionem
958 1079 1121 1129 onerosum,
1140 1064 1215 1116 sicut
1233 1081 1292 1119 esse
1310 1064 1450 1118 vomuerit
1468 1064 1498 1116 ia
1516 1062 1572 1117 bae
1588 1063 1649 1115 nita
1669 1061 1794 1123 mortali,

90 1151 133 1207 its
152 1157 275 1219 φιαιιιιι
297 1149 482 1221 gloriosorum
501 1166 648 1219 corporum
669 1150 820 1218 qualitmes
839 1165 931 1204 recen·
959 1154 1082 1217 quatuor
1099 1149 1293 1217 requiruntur,
1314 1151 1372 1203 duo
1390 1148 1499 1204 scilim
1517 1155 1757 1216 superessemus
1769 1154 1797 1201 ιι

90 1242 156 1291 sent
176 1235 384 1305 1)claritatcm,
404 1234 432 1303 2)
452 1236 716 1306 impatibilitatem,
732 1239 760 1299 t)
776 1234 931 1301 apilitatem
958 1233 1015 1287 duo
1039 1250 1073 1286 ee
1095 1242 1181 1302 parts
1206 1241 1304 1288 motus.
1338 1235 1415 1287 Nam
1434 1240 1570 1302 exparte
1589 1232 1795 1302 stnsusprimo

91 1323 121 1375 et
139 1321 170 1385 t)
190 1319 381 1375 subtilitatem.
416 1319 541 1376 Thomas
564 1320 594 1375 in
617 1337 708 1390 comp.
728 1320 850 1390 theolog.
869 1335 930 1390 cup.
956 1319 1123 1387 requiritur,
1148 1327 1180 1373 ut
1203 1336 1306 1389 corpus
1327 1319 1439 1372 animae
1461 1319 1557 1374 beatae
1575 1320 1613 1372 sit
1630 1317 1796 1388 ipnobils'um

94 1410 158 1462 168:
194 1406 289 1459 Erunt
306 1406 359 1462 bac
378 1416 500 1476 quatuor
511 1408 686 1462 conditiones
697 1423 847 1475 corporum
866 1406 931 1458 beo·
954 1406 1128 1472 passionum,
1156 1405 1264 1459 scilicet
1302 1404 1531 1473 corruptioarum
1565 1413 1592 1459 et
1623 1404 1795 1458 laminarum

90 1499 193 1550 torum,
211 1492 362 1561 subtilitas,
378 1493 508 1556 claritas,
527 1493 742 1564 impassibilitas
761 1500 787 1546 et
803 1492 930 1560 apilitas.
957 1490 1098 1543 actionum
1121 1491 1328 1561 propulsioum.
1365 1492 1488 1545 Ratione
1498 1490 1588 1560 primi
1596 1493 1721 1545 convenit
1739 1491 1796 1544 tali

91 1575 221 1651 luobus
239 1578 274 1632 de
294 1577 418 1632 Vitrieco
436 1579 540 1634 domin.
558 1585 583 1636 4.
596 1577 783 1650 Quadrupes:
802 1577 932 1646 Corpora
957 1577 1074 1647 corpori
1090 1578 1143 1630 dos
1154 1577 1305 1646 claritatis,
1326 1578 1438 1631 ratione
1454 1578 1575 1632 secundi
1591 1580 1645 1631 dos
1663 1578 1794 1648 impassi-

91 1663 257 1730 plorilicata
283 1673 365 1718 erunt
382 1666 551 1737 splendida,
568 1665 701 1731 motuis,
724 1664 816 1732 opilia
834 1671 861 1717 et
879 1664 931 1715 im·
959 1662 1084 1716 uiuum
1121 1665 1159 1717 Ει
1177 1664 1308 1718 similiter
1328 1682 1361 1716 ea
1370 1671 1457 1732 parte
1472 1671 1563 1716 motus
1582 1665 1639 1718 duo
1649 1665 1795 1734 reprimun-

87 1747 263 1825 passibilia5
289 1750 444 1820 splendida
464 1752 523 1804 sine
542 1751 720 1815 obscuritate,
739 1750 855 1803 subtilia
872 1748 932 1803 sine
957 1757 1005 1802 tur
1029 1750 1058 1801 in
1077 1749 1242 1817 hujusmodi
1269 1766 1400 1819 corpore,
1421 1751 1519 1818 prima
1545 1749 1618 1802 enim
1642 1767 1795 1818 conpruum

92 1834 271 1903 corpulentia
282 1844 307 1888 ot
319 1837 520 1903 prossitudiue,
535 1837 628 1904 apilio
642 1837 704 1889 sins
713 1835 931 1907 ponderositate
958 1843 1008 1903 est,
1027 1843 1057 1888 ut
1074 1837 1238 1905 hujusmodi
1259 1853 1363 1905 corpus
1389 1836 1489 1889 taliter
1508 1837 1695 1905 disparamur,
1718 1839 1797 1905 quod

92 1926 122 1972 ιι
138 1921 290 1987 tarditate,
314 1922 504 1992 impassibilia
529 1924 589 1975 sius
615 1923 797 1990 corruptione
821 1931 848 1975 ιι
872 1922 930 1975 dis·
959 1929 1049 1974 motor
1072 1938 1141 1976 suus
1158 1922 1250 1990 ipsum
1268 1923 1405 1975 mouendo
1425 1939 1482 1973 non
1500 1922 1637 1984 lassetur,
1663 1925 1794 1990 securulo,
1840 1974 1841 1978 ,

90 2007 238 2062 solutione
260 2005 346 2077 Hugo
366 2006 401 2061 de
418 2006 506 2063 Proto
525 2007 554 2061 in
573 2006 822 2078 erengel.Domin.
841 2024 930 2062 resur·
958 2023 992 2058 ne
1017 2008 1047 2059 in
1072 2024 1123 2060 suo
1146 2016 1220 2061 motu
1238 2015 1359 2077 propter
1382 2008 1571 2061 resistentiam
1593 2009 1682 2062 medii
1700 2016 1795 2062 retar-

90 2091 931 2163 rect.:Corpusnonhobebitbeatitudinem,quaeiuanima
958 2095 1047 2147 detur.
1078 2093 1137 2154 Quo
1149 2096 1192 2147 ad
1197 2095 1324 2164 primum
1340 2094 1503 2162 disponitur
1515 2097 1681 2164 cujusmodi
1690 2112 1794 2165 corpus

91 2180 161 2243 erit,
191 2181 244 2232 sed
261 2197 329 2233 suas
349 2181 442 2246 dotes,
456 2196 528 2248 quae
547 2188 611 2232 suut
629 2180 760 2247 apilitas,
784 2188 814 2234 ut
838 2180 931 2234 sabio
958 2181 1023 2234 dote
1045 2180 1200 2248 apolitatss,
1224 2197 1279 2249 quo
1305 2181 1348 2233 ad
1364 2183 1516 2234 secundum
1534 2183 1597 2235 dote
1621 2182 1794 2237 nubtilitatis.

86 2273 215 2333 seratur,
233 2282 396 2334 quocunque
414 2265 512 2319 amma
523 2265 605 2334 edu,
624 2266 850 2335 impassibilitas,
869 2274 899 2319 ιιι
911 2284 930 2318 a
957 2264 1154 2319 Beneventum
1177 2265 1203 2318 d.
1222 2265 1239 2318 l.
1256 2265 1386 2334 producit
1403 2266 1480 2320 duas.
1507 2267 1588 2321 Prior
1606 2267 1733 2322 desumto
1752 2275 1795 2323 cst

93 2350 176 2406 nulla
194 2368 226 2405 ro
238 2351 331 2420 possit
347 2351 431 2404 laedi
446 2352 490 2404 uel
507 2352 589 2420 pati;
605 2352 754 2417 subtilitas,
774 2361 805 2405 ut
824 2361 930 2406 neantes
956 2371 975 2405 a
997 2369 1083 2404 causa
1100 2353 1222 2414 formali
1239 2352 1369 2420 bominis,
1387 2352 1521 2408 videlieet
1534 2354 1635 2418 enims,
1654 2371 1726 2425 quae
1744 2370 1792 2408 ιιι-

91 2444 234 2508 penetrem
260 2444 287 2490 et
311 2437 430 2490 claritas
455 2437 630 2491 delectabilis
654 2446 681 2492 et
700 2440 856 2507 perspicua
874 2457 930 2492 non
956 2443 1036 2491 turso
1052 2437 1181 2492 coelestis
1198 2442 1241 2492 cst
1258 2443 1288 2492 et
1307 2438 1526 2494 convenientiam
1542 2438 1703 2496 habetcum
1724 2441 1794 2496 luce.

92 2526 212 2579 laedens
230 2523 333 2585 occulos,
352 2530 383 2575 ut
403 2523 523 2576 claritas
541 2523 624 2590 solis,
649 2524 692 2577 ita
718 2526 796 2592 quod
815 2524 845 2577 in
864 2525 931 2593 ipsa
958 2523 1038 2576 Sicut
1056 2524 1129 2576 enim
1148 2525 1178 2576 in
1195 2523 1249 2576 bac
1269 2523 1327 2576 uita
1345 2540 1431 2593 saepe
1438 2527 1679 2593 praedominatur
1690 2536 1794 2580 natura

92 2612 224 2667 claritate
250 2610 379 2679 corporis
401 2610 522 2663 claritas
548 2610 660 2663 animae
686 2619 869 2679 capnoscetur
885 2613 928 2665 uel
957 2609 1142 2677 elementaris,
1163 2611 1189 2663 i.
1209 2626 1231 2662 e.
1251 2606 1372 2682 comum
1388 2600 1442 2663 ¹sic
1464 2612 1493 2662 in
1512 2612 1607 2664 altera
1624 2613 1683 2664 uita
1704 2615 1793 2666 domi-

92 2697 197 2770 ploria,
214 2698 282 2766 puio
301 2698 397 2750 anima
420 2698 513 2763 mapis
530 2698 613 2751 beata
631 2698 740 2752 clarius
758 2716 861 2768 corpus
880 2700 929 2752 lsa-
956 2697 1071 2749 nubitur
1084 2705 1189 2750 natsma
1201 2696 1337 2761 coelestis,
1358 2713 1431 2766 quae
1445 2697 1551 2760 lucida,
1570 2699 1621 2751 boc
1635 2705 1675 2751 est
1687 2701 1792 2754 anima.

46 2795 78 2837 lu
92 2784 178 2850 bebit,
205 2791 236 2838 ut
264 2785 341 2852 quod
368 2783 485 2851 quilibet
501 2784 602 2851 'possit
619 2800 784 2851 capnoscere
807 2784 930 2853 pluriam
956 2785 1020 2836 Luc
1045 2790 1138 2835 autom
1161 2781 1242 2834 babet
1260 2787 1385 2849 'quatuor
1403 2783 1475 2836 istas
1491 2784 1696 2852 proprietates,
1722 2785 1794 2837 sicut

90 2870 231 2938 aliorum,
257 2877 282 2921 et
304 2870 400 2922 omnia
414 2869 567 2937 praeducta
585 2869 695 2922 babebit
713 2886 817 2938 corpus
837 2887 871 2924 en
887 2886 930 2923 re·
951 2876 1032 2936 patet
1049 2868 1080 2920 in
1096 2868 1198 2935 radio,
1222 2868 1331 2922 scilieet
1348 2868 1521 2934 claritatem,
1546 2871 1615 2938 quia
1633 2870 1777 2923 illuminat
1783 2891 1793 2935 ,·

90 2955 253 3010 dundantia
272 2952 383 3023 ploriae
403 2953 515 3009 animae
536 2955 567 3006 in
580 2972 689 3024 corpus.
955 2953 1219 3022 impassibilitatem,
1238 2953 1306 3024 quia
1324 2954 1396 3008 nibil
1411 2954 1504 3023 ipsum
1516 2958 1691 3025 corrumpit;
1710 2957 1793 3022 apili-

126 3045 166 3097 82
202 3039 295 3094 Hasce
314 3039 465 3107 qualitates
485 3054 635 3110 eurumque
653 3057 797 3095 numerum
817 3040 929 3096 demon·
956 3047 1049 3104 tatem,
1067 3040 1237 3109 quiasdito
1251 3040 1351 3107 radit,·
1366 3041 1633 3109 penetrabilitatem,
1652 3043 1719 3110 quia
1732 3058 1793 3094 cor·

44 3100 68 3180 1⁰⁸
93 3133 183 3182 strunt
199 3132 223 3181 1.
240 3141 274 3178 ea
292 3124 376 3178 dictis
398 3126 574 3194 Scripturas,
604 3142 721 3196 quorum
740 3129 818 3197 prius
838 3133 930 3181 exstat
953 3143 1030 3194 pora
1060 3126 1209 3193 diapbana
1237 3127 1403 3194 pertransit.
1449 3127 1527 3179 Pari
1553 3127 1666 3182 ratione
1690 3145 1794 3199 corpus

44 3203 78 3233 ¹¹⁶
92 3212 156 3282 Sep.
175 3218 200 3276 3,
218 3228 245 3266 v.
261 3217 289 3265 ἵε
308 3210 469 3279 Fulpebuut
480 3212 556 3279 justi
575 3220 601 3265 et
621 3220 652 3264 ut
666 3213 810 3266 scintillae
830 3213 860 3265 in
878 3213 930 3264 sti·
956 3213 1119 3280 ploriosum,
1138 3213 1167 3265 in
1183 3228 1237 3279 quo
1251 3212 1442 3265 dominabitur
1457 3221 1562 3267 namra
1579 3213 1658 3278 lucis,
1671 3223 1794 3283 quatuor

88 3300 161 3369 pala
187 3297 232 3351 cel
258 3297 429 3350 arundineto
459 3299 627 3354 discurrent.
681 3298 878 3355 Bonnrsnturn
905 3303 929 3353 4.
955 3299 1026 3351 ιἰιιιι
1047 3299 1127 3351 dotes
1149 3297 1267 3354 babebit.
1302 3296 1444 3353 Posterior
1473 3299 1562 3368 petita
1587 3307 1631 3355 ιιι
1657 3318 1677 3354 a
1708 3317 1797 3354 causa

92 3389 211 3441 sentent.
236 3382 299 3438 dist.
324 3388 367 3437 49.
391 3388 442 3439 art.
467 3387 491 3438 2.
517 3400 544 3453 q.
575 3389 602 3439 1:
644 3385 681 3437 In
704 3384 819 3453 sulpure
845 3391 928 3438 noto·
956 3384 1109 3450 materisli,
1126 3383 1257 3438 nimirum
1274 3400 1397 3453 corpore.
1425 3386 1535 3454 Corpus
1553 3401 1588 3439 sa
1605 3394 1728 3457 quatum
1741 3387 1795 3440 sle·

91 3479 139 3524 tur
158 3470 288 3534 claritas,
304 3470 336 3520 in
351 3468 470 3536 justitia
490 3469 719 3536 impassibilitas,
738 3469 769 3522 in
787 3470 930 3523 scintillae
955 3472 1055 3524 mentis
1073 3478 1114 3523 est
1130 3470 1326 3538 compositum,
1353 3477 1380 3523 et
1406 3472 1473 3540 quia
1497 3472 1635 3526 elementa
1656 3481 1722 3526 suut
1744 3474 1796 3525 im·
1809 3489 1857 3530 xx.
1870 3488 1917 3530 tlt.

92 3557 203 3612 nomine
221 3554 380 3620 subtilitas,
407 3554 438 3607 in
462 3555 594 3608 discursu
620 3555 744 3623 apilitas.
787 3555 930 3611 Posterius
953 3557 1092 3624 perfecta,
1115 3556 1330 3624 qrsadruplicsm
1344 3557 1425 3610 babet
1438 3558 1553 3611 abillis
1573 3560 1721 3623 defectum.
1750 3560 1795 3612 Ab

94 3647 117 3700 1.
142 3641 204 3697 Cor.
231 3646 270 3703 15,
297 3658 321 3693 v.
346 3645 387 3696 42
411 3644 453 3696 lt.
478 3645 507 3695 et
530 3647 577 3698 tt:
621 3641 783 3695 Seminatur
808 3643 840 3695 in
865 3659 930 3696 cor·
956 3659 1045 3710 aqua,
1072 3658 1145 3709 auae
1173 3650 1213 3696 est
1241 3643 1402 3696 elementum
1427 3643 1573 3695 humidum
1599 3652 1626 3696 et
1646 3645 1793 3716 passibile,

92 3728 233 3797 ruptione,
249 3727 341 3794 surpit
356 3727 387 3778 in
399 3726 625 3795 incorruptione,-
642 3729 798 3782 seminatur
809 3730 839 3781 in
851 3730 930 3795 ipuo·
955 3728 1037 3782 babet
1051 3728 1272 3797 passibilitatem
1286 3735 1313 3780 ct
1328 3728 1545 3797 corruptionem,
1562 3731 1636 3782 unde
1648 3730 1794 3784 humidum

92 3815 211 3881 bilitate,
227 3813 320 3881 surpit
338 3812 368 3863 in
386 3811 496 3879 ploria,·
524 3814 678 3867 seminatur
700 3815 731 3866 in
756 3815 929 3882 infirmitate,
956 3831 1074 3882 aqueum
1098 3831 1202 3882 corpus
1223 3814 1380 3882 corrumpit
1386 3834 1397 3882 ,·
1422 3831 1441 3867 a
1467 3822 1546 3867 terra
1568 3814 1651 3869 babet
1669 3818 1793 3871 obseoui-

92 3900 185 3969 surpit
202 3898 232 3951 iu
250 3898 368 3965 virtute,·
387 3897 542 3951 seminatur
562 3916 665 3967 corpus
682 3900 820 3958 animale.
838 3901 929 3970 surpit
957 3909 1048 3965 satan,
1066 3900 1191 3970 pura‘est
1208 3899 1371 3953 elementum
1390 3917 1525 3968 opacum·
1544 3901 1582 3954 ab
1599 3903 1664 3968 ipre
1682 3904 1795 3956 anima·

92 4001 197 4055 corpus
206 3983 367 4053 spirituale.
383 3981 505 4036 Thomas
520 3982 545 4035 d.
567 3984 600 4037 l.:
618 3985 677 4037 Per
690 3986 931 4054 incorruptionem
957 3987 1072 4055 litatem,
1096 3985 1164 4053 quia
1181 3986 1262 4040 calor
1281 3985 1401 4040 absumit
1419 3986 1561 4055 continue„
1574 3987 1640 4041 ideo
1660 3992 1793 4042 continua

92 4072 271 4139 sipnilimur
291 4068 513 4136 impassibilitas,
529 4070 720 4140 perplurium
734 4072 860 4137 claritas,
875 4090 930 4141 per
957 4073 1066 4141 indipet
1084 4072 1222 4127 alimonia
1240 4070 1382 4139 ciborum,·
1402 4072 1438 4125 ab
1457 4077 1522 4125 a'crc
1542 4080 1633 4125 auum
1649 4074 1732 4127 babet
1748 4074 1793 4126 in·

91 4159 224 4213 uirtutem
243 4156 369 4224 apilitas,
383 4172 439 4224 per
456 4156 606 4224 spirituale
624 4159 771 4213 ιιιὸιίὶὶιαι.
800 4160 931 4214 Primum
957 4160 1131 4227 firmitatem,
1159 4163 1210 4212 air
1235 4158 1309 4212 euim
1325 4158 1467 4221 facillime
1490 4159 1653 4211 immutatur
1678 4166 1704 4209 et
1718 4159 1793 4210 cedit

91 4251 200 4314 spectat
225 4242 378 4313 qualitates
394 4242 564 4310 passibiles,
590 4243 713 4298 alterum
739 4248 862 4310 formam
887 4263 931 4300 ea-
957 4245 1071 4298 cuilibet
1088 4244 1251 4312 impellenti.
1289 4243 1426 4304 Quoniam
1443 4244 1531 4308 ipitur
1547 4250 1670 4309 quatuor
1680 4243 1732 4296 isti
1742 4244 1793 4294 ‹le-

91 4338 217 4400 tanam,
236 4328 350 4381 tertium
365 4326 451 4391 uires,
475 4335 608 4395 quartum
634 4332 759 4392 sormam
783 4333 930 4386 internam.
955 4334 1048 4397 fectus
1062 4348 1118 4399 per
1135 4331 1208 4383 bona
1221 4328 1621 4397 appositarsmoosridebent,
1638 4328 1704 4382 ideo
1724 4346 1792 4397 qua·

92 4414 182 4473 trib
199 4413 324 4481 eaemplo
341 4414 471 4482 corporis
484 4412 598 4466 Christi.
634 4414 930 4484 Corporuseuctorum
956 4427 1021 4471 tuor
1041 4424 1106 4470 sunt
1129 4417 1216 4471 dotes.
1253 4413 1360 4467 Contra
1379 4414 1587 4481 corruptionem
1606 4421 1646 4466 est
1661 4415 1790 4483 impassi-

92 4507 176 4557 erunt
200 4498 268 4554 teliu
294 4503 359 4567 post
383 4512 557 4553 communem
575 4500 818 4564 resurrectionem,
848 4502 930 4572 quale
957 4504 1062 4569 bilitas,
1080 4508 1180 4554 contra
1199 4500 1395 4553 obscuritatem
1414 4498 1548 4566 claritas,
1568 4508 1668 4554 canna
1683 4501 1792 4554 aniano·

91 4584 148 4642 tuit
165 4601 265 4654 corpus
291 4581 396 4637 Christi
417 4589 483 4652 post
508 4600 587 4637 suem
611 4585 839 4639 resurrectionem
858 4593 930 4641 teste
955 4589 1064 4642 litatem
1074 4585 1267 4655 spiritualitas
1280 4586 1323 4639 uel
1336 4584 1462 4653 apilitcs,
1482 4593 1582 4638 contra
1603 4586 1793 4655 infirmitatem

93 4671 219 4742 apostolo
242 4668 315 4723 Phil.
334 4674 359 4731 3,
389 4686 413 4722 v.
428 4672 470 4723 21.
494 4669 611 4738 proinde
636 4686 736 4739 corpus
759 4670 863 4726 Christi
887 4678 930 4728 est
955 4675 1044 4728 uirtus
1062 4675 1119 4726 siue
1132 4671 1403 4741 penetrabilitasuel
1421 4671 1571 4728 subtilitas.
1607 4679 1632 4729 ι.
1651 4675 1698 4729 Ea
1716 4675 1792 4728 dicto

94 4756 234 4827 exemplar
244 4755 361 4810 uliomm
376 4770 531 4824 corporum.
551 4755 617 4809 lam
635 4771 699 4810 vero
714 4771 813 4826 corpus
828 4757 930 4812 Christi
958 4753 1111 4827 Arupisstini
1128 4757 1189 4812 libr.
1204 4762 1246 4812 22.
1266 4757 1302 4811 de
1320 4757 1372 4810 civ.
1386 4756 1440 4811 Dei
1457 4773 1518 4828 cup.
1536 4764 1568 4814 δι
1585 4759 1687 4815 Aberit
1701 4779 1720 4814 a
1732 4778 1793 4814 cor·

93 4848 158 4915 post
170 4841 399 4897 resurrectionem
413 4840 512 4895 hebuit
524 4847 643 4911 quatuor
658 4842 719 4896 illes
733 4842 827 4909 dotem
845 4846 930 4899 subti-
956 4845 1073 4914 poribus
1096 4842 1200 4897 nostris
1228 4844 1318 4897 omnis
1336 4845 1520 4911 deformitas,
1543 4846 1634 4900 omnis
1659 4848 1792 4914 tarditas,

93 4932 202 4986 litatem
226 4927 361 4992 ostendit,
389 4942 452 4981 cum
472 4933 629 4995 penetraret
646 4928 746 4995 coelos,
763 4930 931 4998 claritatem,
959 4932 1048 4986 amnis
1060 4930 1221 4997 infirmitas,
1233 4930 1324 4984 ornnis
1336 4932 1490 5000 corruptio.
1521 4935 1701 4997 Deformitas
1719 4935 1792 4987 enim

93 5033 158 5072 oum
181 5013 426 5084 transfiguraretur
448 5013 478 5066 iu
496 5020 597 5080 monte,
620 5015 784 5081 apilitatem
809 5033 872 5071 cum
890 5019 932 5073 in·
958 5018 1050 5073 aberit
1063 5034 1118 5090 per
1134 5015 1302 5079 claritatem,
1320 5017 1445 5071 tarditas
1460 5033 1515 5087 per
1531 5020 1696 5089 apilitatem,
1715 5020 1792 5083 infir·

94 5103 208 5160 cederet
230 5114 315 5171 super
339 5115 430 5167 marc,
465 5099 736 5167 impassibilitatem,
767 5118 830 5156 cum
855 5122 930 5160 man·
958 5106 1041 5159 muas
1059 5120 1112 5172 per
1121 5102 1376 5172 penetrabilitatem
1392 5112 1419 5157 et
1430 5105 1577 5173 corruptio
1591 5121 1647 5174 pes
1663 5105 1793 5174 impassi-

96 5191 245 5244 ducuretur
259 5186 287 5239 in
300 5201 394 5240 coena.
430 5184 467 5239 Et
487 5186 612 5256 quemvis
629 5186 724 5258 ulique
742 5189 839 5244 horum
855 5191 931 5247 secta
958 5192 1100 5246 bilitatem.
1141 5188 1244 5244 Conim
1266 5188 1434 5244 Meisnerum
1459 5196 1531 5260 part.
1551 5197 1573 5247 l.
1599 5190 1673 5246 sobr.
1692 5190 1792 5261 philos.

95 5276 150 5330 sint
169 5279 235 5329 ante
252 5271 496 5338 resurrectionem,
517 5272 582 5328 inde
602 5280 695 5328 umen
714 5275 866 5333 efficaciter
885 5279 931 5334 dc·
958 5283 1024 5333 sect
1037 5281 1060 5332 3.
1081 5293 1142 5345 cap.
1154 5280 1179 5330 2.
1200 5292 1225 5345 q.
1243 5280 1303 5346 ip.
1321 5280 1380 5330 746.
1402 5276 1522 5340 Quidam
1541 5293 1575 5331 ex
1593 5277 1792 5333 recentioribus

96 5361 161 5416 duci
186 5364 294 5429 potest,
319 5358 405 5412 multo
428 5357 516 5429 magis
539 5365 604 5429 post
621 5362 849 5418 resurrectionem
871 5365 930 5421 fieri
958 5365 994 5419 ad
1014 5361 1163 5419 ternarium
1182 5378 1326 5416 numerum
1345 5360 1496 5432 qualitates
1517 5363 1578 5418 illes
1595 5371 1734 5431 revocent,
1753 5367 1792 5420 ri·

95 5446 226 5519 potuisse.
262 5446 335 5501 Num
352 5445 462 5499 easdem
480 5445 567 5511 dotes,
582 5463 652 5517 quus
668 5455 734 5503 ente
750 5456 864 5505 mortem
882 5470 932 5522 per
957 5451 1060 5506 delicet
1079 5450 1102 5512 ι)
1119 5449 1162 5500 ad
1173 5449 1385 5515 pluriositatem,
1405 5451 1432 5512 2)
1454 5451 1747 5520 incomsptr'bslitatem
1765 5456 1794 5506 et

95 5533 245 5590 intervelli
260 5531 406 5596 assumsit,
428 5537 494 5602 post
516 5533 745 5589 resurrectionem
772 5542 931 5594 constanter
959 5543 985 5609 3)
1004 5535 1243 5606 spiritualitatem,
1262 5534 1298 5587 td
1318 5550 1402 5604 (11111111
1422 5535 1705 5606 p01·⁸ubdivition0m
1724 5538 1794 5595 rest·
