4050 6014
626 243 678 298 DE
696 239 863 300 INOERNO
882 240 954 298 SEU
972 240 1103 298 MORTE
1122 240 1314 301 tumultu.
1755 252 1812 310 211

117 394 300 462 describitur,
327 397 401 469 qnod
421 413 528 466 temper
545 397 663 452 uideam
679 398 786 462 faeiem
807 398 877 466 Dei,
903 399 953 467 qui
1015 401 1056 454 43.
1074 397 1118 452 De
1136 382 1474 452 hocdamnatorumstutu
1488 394 1528 451 sic
1544 397 1696 468 loquuntur
1710 399 1748 468 pii
1760 399 1816 464 (ed.

118 483 151 534 in
170 482 256 535 οοολίο
275 491 315 536 eet
333 481 431 537 Matth.
456 488 495 552 19,
516 500 542 537 v.
564 488 602 540 16,
628 499 696 554 ergo
721 483 806 538 etim
829 483 954 538 diabolo·
980 484 1079 554 princ.)
1087 490 1202 538 veteres.
1215 483 1346 538 irenaeus
1354 483 1552 539 lib.5.advers.
1560 483 1664 538 huores.
1672 502 1731 556 cap.
1741 490 1782 540 22.
1790 503 1817 556 p.

118 583 182 622 mm
206 574 235 623 at
257 569 377 623 omnium
403 569 550 639 impiorum
576 569 718 624 damnatio
742 575 816 625 reete
844 571 884 625 sic
908 570 954 625 de·
982 575 1046 625 351:
1078 569 1239 637 Quicunque
1255 584 1327 637 erga
1346 570 1440 623 Deum
1457 570 1619 624 custodiunt
1638 571 1818 625 dilectionem

80 643 82 646 ⁸
119 652 259 722 scribitur,
279 655 353 724 quod
371 668 425 708 non
446 655 558 709 rideant
578 654 677 710 faciem
696 655 758 709 Dei.
793 655 954 711 Notandum
981 673 1069 717 nram,
1095 655 1139 708 lie
1152 662 1282 726 praeetat
1299 655 1517 709 communionem
1524 652 1538 725 ,·'
1555 657 1708 710 communio
1727 666 1819 710 autem

119 753 194 803 vero,
211 737 313 793 faciem
330 739 382 794 Dei
402 740 431 793 io
451 739 602 810 seripturis
613 740 702 811 accipi
716 741 892 811 potissimum
907 741 955 795 du·
986 741 1044 794 liei
1061 741 1121 794 vita
1138 749 1164 794 et
1182 742 1274 794 iumen
1296 749 1321 794 et
1338 741 1442 805 fruitio
1455 757 1558 810 eorum,
1579 750 1727 810 quaenunt
1741 745 1822 812 apuri

119 824 244 894 pliciter,
267 827 358 895 primo
381 825 493 897 quidem
513 842 564 896 pro
583 828 642 880 Dei
660 830 781 896 fauore,
809 828 905 897 pratia
931 835 957 882 et
983 845 1043 880 (ποι
1063 829 1213 894 Icenorum,⁸
1232 828 1389 898 qrticuuque
1409 835 1503 882 orrum
1517 829 1656 882 οὒοίολοπι
1667 831 1819 882 teruncium

122 911 329 981 benecdentin,
348 910 449 965 deinde
468 929 532 966 vero
552 928 603 982 pro
618 914 708 982 ipsine
720 915 767 966 ira
785 923 810 967 et
823 914 956 980 ineliqua-
982 914 1146 967 seutentiam
1163 932 1243 967 arcam
1263 915 1300 967 ab
1318 931 1358 981 eo,
1379 915 1508 982 liceum,
1528 932 1600 984 quae
1619 917 1707 969 electa
1726 923 1765 969 eet
1785 917 1820 968 ab

121 997 208 1065 ιιόοιο,
234 997 466 1067 quemadmodum
485 998 569 1051 etiam
588 998 670 1055 homo
687 1000 810 1055 favorem
836 1006 863 1055 et
887 999 955 1052 iram
984 1000 1069 1069 ipeie,
1098 1000 1305 1069 separationem
1323 1000 1453 1067 inducit,·
1477 1000 1621 1070 separatio
1648 1007 1742 1054 autem
1764 1002 1823 1054 Dei

122 1098 200 1136 suam
219 1083 248 1136 in
270 1083 342 1137 iacis
361 1082 442 1137 alteri
460 1083 637 1138 demonstrat
672 1085 791 1151 Quando
811 1085 897 1156 igitur
921 1086 956 1140 ab
982 1103 1058 1138 mora
1076 1093 1102 1137 et
1117 1086 1262 1155 reparatio
1283 1084 1356 1138 lacsir
1375 1086 1518 1154 tenebrae,
1547 1093 1572 1138 et
1599 1087 1744 1154 reparatio
1764 1088 1823 1139 Dei

122 1168 214 1238 impiis
233 1167 335 1223 dicitur
354 1167 430 1222 Deus
445 1170 557 1234 faeiem
574 1188 655 1224 ruam
674 1187 828 1225 uvernerus
845 1187 879 1226 uc
904 1171 956 1241 ipsi
984 1171 1098 1224 amissio
1117 1173 1252 1237 omnium,
1281 1188 1353 1240 quae
1377 1179 1442 1224 sunt
1467 1173 1547 1241 apud
1567 1174 1660 1225 Deam
1688 1173 1821 1226 bonorum

122 1254 267 1324 annone,
283 1254 367 1309 faciel
391 1255 502 1310 divinum
526 1255 657 1310 dicuntur
680 1256 862 1325 excludendi,
889 1261 956 1311 tunc
983 1263 1036 1311 etc.
1055 1264 1170 1311 οολονοιι
1187 1264 1280 1311 antem
1305 1265 1332 1311 et
1351 1257 1411 1310 aine
1440 1259 1495 1321 sine
1522 1267 1585 1310 eunt
1610 1276 1629 1311 a
1648 1261 1711 1311 Dec
1741 1260 1822 1328 bona,

122 1340 209 1395 furies
224 1340 252 1394 in
272 1341 365 1409 priore
383 1339 589 1410 significatione
609 1346 774 1411 usurpatum
795 1342 844 1397 sed
864 1357 955 1410 respe-
979 1349 1101 1410 propter
1120 1343 1171 1396 lac
1192 1350 1217 1396 et
1235 1343 1352 1396 ammeio
1371 1359 1467 1397 eorum
1487 1351 1604 1396 aeterna
1632 1353 1658 1397 et
1679 1345 1739 1397 eine
1766 1347 1820 1409 fine

123 1433 171 1481 eiu
201 1425 365 1497 posterioria
391 1425 603 1496 significationis
630 1435 718 1497 ponet
747 1437 771 1483 et
801 1428 958 1498 obfirmabit
983 1435 1030 1482 eet.
1072 1427 1285 1498 Chrysostomus
1316 1428 1410 1483 homil.
1442 1434 1483 1485 21.
1513 1430 1541 1482 in
1572 1430 1670 1485 Mutth.
1704 1446 1765 1500 cup.
1789 1437 1820 1485 l:

121 1513 228 1578 faciem
244 1530 325 1566 suem
343 1521 441 1568 contre
459 1513 605 1570 damnatos
631 1515 699 1571 Les.
720 1522 761 1584 11,
780 1532 806 1568 v.
828 1520 865 1572 to.
895 1531 957 1584 cup.
989 1515 1071 1568 tuille
1090 1516 1230 1584 gehennae
1244 1532 1338 1584 ponae
1365 1522 1391 1569 et
1418 1516 1492 1569 nibil
1512 1517 1570 1570 tale
1589 1524 1644 1584 eet,
1671 1518 1756 1585 quale
1783 1525 1822 1570 est

123 1604 165 1661 2⁰,
182 1617 209 1652 r.
228 1606 252 1654 6.
283 1615 345 1670 asp.
370 1604 412 1668 26,
438 1616 465 1653 r.
494 1607 533 1657 11.
558 1605 723 1657 eeardeeeet
749 1621 768 1656 a
792 1603 871 1666 facie
897 1602 958 1670 ejua
985 1602 1100 1654 excludi
1119 1619 1137 1654 a
1156 1602 1251 1670 pluria
1283 1609 1307 1654 et
1335 1603 1402 1655 odio
1429 1602 1528 1655 haberi
1555 1619 1573 1654 ο
1593 1603 1665 1656 Deo.
1701 1601 1822 1657 Ibidem:

122 1686 197 1753 ipnie
215 1688 322 1739 ardens
341 1700 428 1755 neque
446 1689 488 1740 aci
500 1690 653 1742 οοοίοοίιπο
674 1689 786 1753 inferni
800 1688 900 1743 Psalm
919 1691 958 1752 16,
988 1690 1071 1740 Duae
1089 1695 1171 1741 erunt
1189 1703 1296 1756 poenae
1315 1687 1345 1740 in
1360 1688 1485 1757 inferno,
1505 1689 1631 1742 comburi
1656 1697 1681 1741 et
1701 1706 1719 1741 a
1736 1705 1822 1757 repnc

122 1788 148 1827 r.
167 1777 191 1828 9.
216 1787 268 1826 neo
296 1780 430 1841 poterunt
455 1790 474 1826 a
497 1775 575 1838 facie
599 1776 659 1829 Dei
682 1776 812 1829 damnati
836 1775 960 1843 effupere
988 1775 1046 1826 1λοί
1063 1773 1182 1841 excludi,
1204 1773 1272 1825 laec
1287 1790 1384 1842 poena
1402 1774 1555 1841 difficilior
1571 1783 1619 1829 ert.
1655 1773 1776 1828 Basilius
1793 1775 1823 1827 in

123 1857 226 1912 Psalm.
248 1863 305 1925 139,
326 1874 352 1915 r.
372 1866 395 1914 l.
415 1863 467 1914 ete.
495 1877 550 1930 qno
571 1877 653 1915 sensu
679 1861 791 1932 quidem
809 1861 959 1930 exponunt
986 1865 1054 1914 oret.
1075 1858 1109 1912 de
1127 1865 1248 1913 extremo
1271 1859 1393 1928 J‘udicio,
1423 1876 1495 1930 quae
1522 1865 1612 1915 exstet
1639 1861 1668 1914 in
1694 1860 1823 1930 operibus

123 1943 230 1998 dictum
258 1945 442 2015 apostolicum
472 1951 496 2000 2.
517 1946 614 2001 illese
635 1952 658 2016 1,
678 1963 704 2001 v.
722 1953 748 2002 9.
773 1963 881 2016 poenae
908 1947 958 1998 ria-
988 1943 1150 2014 Ephraemi:
1183 1945 1241 1998 Dei
1261 1947 1397 1999 alienatio
1417 1955 1500 2015 utque
1519 1948 1628 2002 αοονοίο
1647 1948 1730 2001 enam
1748 1947 1820 2000 inter

122 2031 188 2083 bant
207 2048 227 2083 ο
239 2031 323 2100 jacie
344 2033 417 2098 Dei,
441 2031 529 2087 idest
546 2031 583 2086 ab
603 2033 645 2088 ira
663 2039 691 2088 et
716 2034 808 2089 lurore
830 2032 903 2102 ejus,
926 2049 959 2086 ec
986 2046 1079 2084 omnen
1086 2047 1203 2100 poenae,
1216 2033 1324 2101 quaein
1332 2032 1458 2100 ⁸celenna
1470 2032 1815 2103 eecpectantur,iutolera-

122 2116 246 2170 damnati
264 2121 379 2187 petunt,
406 2134 437 2172 se
457 2118 594 2172 abeemrdi
610 2138 629 2173 a
647 2121 727 2182 satie
744 2121 804 2175 Dei
829 2121 916 2190 Apoe.
935 2123 959 2188 6,
988 2118 1072 2171 beliar
1080 2119 1346 2188 grauiorqueeetei,
1364 2120 1414 2187 qui
1419 2119 1540 2187 patitur,
1561 2137 1645 2189 quum
1656 2121 1736 2174 oculo
1749 2120 1821 2173 lucu

122 2220 149 2257 r.
168 2208 209 2258 11.
226 2203 276 2257 ubi
298 2199 422 2274 ἐξήγησις
439 2204 534 2258 statim
554 2204 667 2260 additur
682 2222 708 2262 v.
729 2210 768 2262 16.
795 2206 861 2277 quia
886 2206 959 2260 uenit
984 2204 1124 2271 privatio,
1150 2204 1264 2257 etiamsi
1281 2205 1380 2258 dolore
1405 2213 1517 2272 careat,
1547 2213 1617 2261 θεοῦ
1645 2205 1823 2281 illuminare

122 2289 186 2343 dier
202 2306 320 2357 maenae
339 2291 408 2344 irae.
436 2288 555 2354 Quando
573 2290 603 2344 in
621 2291 673 2345 hac
692 2291 752 2346 rita
768 2291 809 2362 pii
828 2309 883 2347 non
896 2308 957 2363 per·
985 2294 1044 2357 παὶι
1060 2287 1228 2363 ἀποστροφὴ
1255 2293 1303 2343 rat
1327 2292 1383 2345 τῶν
1413 2289 1443 2345 ἐν
1467 2296 1563 2366 γεέννῃ
1582 2295 1823 2367 προσδοκωμένων

121 2375 231 2446 cipiunt
246 2390 357 2429 sontum
376 2374 487 2429 divinae
512 2377 619 2447 gratiae
642 2393 677 2432 ao
700 2383 813 2448 gustum
836 2377 957 2432 dulcedi·
985 2373 1125 2431 κολάσεων
1142 2371 1358 2452 ἁφορηῐότορὸν
1373 2377 1430 2431 ἔστι
1455 2382 1502 2432 καλ
1525 2375 1679 2452 βαρύτερον
1704 2372 1744 2448 τῷ
1767 2399 1823 2432 πα·

122 2462 167 2515 uls
185 2460 451 2526 dirimentem
471 2460 525 2515 sibi
537 2464 654 2533 projecti
670 2462 772 2518 asaele
783 2463 836 2518 Dei
856 2462 958 2519 Psalm.
986 2457 1069 2516 birro
1086 2459 1122 2522 ὥς
1140 2459 1285 2534 ὀφθαλμῷ
1312 2462 1405 2534 φωτὸς
1430 2468 1568 2534 στέρησις,
1595 2460 1649 2520 κᾶν
1671 2460 1711 2534 μὴ
1736 2461 1823 2531 ὀδύνη

123 2552 165 2612 31,
182 2563 208 2601 v.
228 2551 270 2602 23.
293 2546 369 2601 unde
386 2554 444 2601 tam
462 2548 543 2603 anxie
563 2555 592 2603 et
618 2549 727 2604 solicite
753 2555 846 2614 orent,
872 2563 959 2617 aeque
986 2549 1085 2623 προσῇ.
1121 2545 1296 2617 Augustinus
1315 2545 1364 2600 lib.
1386 2553 1407 2603 1.
1427 2547 1642 2620 hypognostic:
1671 2550 1754 2603 More
1774 2566 1823 2603 aeri

122 2648 178 2702 οιιο
195 2632 317 2687 Domine
334 2634 439 2686 mertis
454 2635 561 2698 faciem
578 2636 676 2688 mmm!
706 2634 809 2688 Peelm.
831 2639 870 2702 16,
889 2650 914 2690 r.
935 2639 958 2688 1.
987 2633 1132 2686 damnatio
1152 2640 1192 2685 ert
1210 2633 1335 2700 privatio
1354 2634 1430 2687 οιλοο
1443 2651 1491 2688 eeu
1505 2635 1644 2689 alienatio
1655 2653 1675 2687 a
1688 2635 1747 2688 Dei
1755 2635 1821 2688 cita.

122 2720 168 2773 Ne
194 2725 307 2772 οοονλοι
333 2719 438 2782 faciem
465 2727 543 2773 tuam
569 2737 589 2772 u
614 2737 657 2775 me
683 2719 784 2775 Psalm.
814 2724 855 2789 21,
884 2737 908 2775 v.
934 2725 958 2774 9.
986 2720 1014 2773 in
1033 2718 1080 2774 lib.
1101 2717 1135 2772 de
1153 2717 1253 2788 triplic.
1271 2716 1418 2786 habitae(
1439 2720 1577 2775 Absentia
1597 2719 1704 2774 Christi
1726 2722 1824 2789 quoad

124 2805 218 2868 Quare
237 2806 344 2869 factem
361 2813 440 2858 tuam
458 2807 587 2860 mertia!
605 2806 708 2860 Psulm.
728 2811 771 2876 tt,
791 2823 816 2861 r.
836 2809 878 2861 21,
915 2807 959 2859 Ne
986 2806 1125 2860 sirionem
1138 2806 1231 2860 ornnia
1249 2805 1311 2859 alia
1337 2813 1479 2860 tormenta
1504 2815 1621 2877 ruperat
1648 2814 1674 2859 et
1699 2807 1823 2860 omnibus

118 2891 264 2960 projiciar
293 2907 336 2945 me
366 2907 386 2944 a
413 2892 492 2956 faeie
525 2899 576 2945 tua
609 2891 713 2946 Psalm.
732 2897 774 2960 61,
796 2906 823 2948 ν.
852 2896 888 2949 ta.
907 2896 958 2945 etc
985 2890 1090 2960 poenir
1107 2890 1317 2944 intolerabilior
1343 2899 1392 2945 eet.
1427 2892 1592 2963 Fulgentius
1620 2892 1701 2947 dicit:
1732 2892 1768 2946 Si
1793 2894 1823 2945 in

123 2975 179 3031 Sed
198 2975 268 3031 haec
280 2977 389 3031 eversio
405 2992 461 3032 non
480 2983 524 3033 est
541 2974 747 3050 ἀπογνωοιοοὴ,
771 2978 821 3031 sed
840 2978 959 3032 naedev-
987 2993 1100 3031 carcere
1120 2977 1231 3046 inferni
1249 2977 1375 3031 concurri
1393 2978 1454 3032 Dei
1469 2979 1576 3043 faciem
1592 2980 1735 3048 viderent,
1762 2979 1822 3031 nul·

122 3061 199 3130 ιιπής
225 3069 254 3117 et
265 3063 378 3133 quaudo
392 3063 470 3117 Deus
489 3079 507 3117 a
524 3063 661 3118 demmtis
674 3064 777 3119 dicitur
789 3070 913 3117 avertere
932 3069 961 3116 et
987 3065 1045 3116 iam
1058 3078 1193 3132 pomata,
1215 3062 1324 3115 nulium
1342 3063 1469 3117 dolorem
1492 3065 1656 3134 nullamque
1676 3065 1823 3118 tristitiam

122 3148 294 3204 &scandere
312 3148 412 3204 faelem
431 3165 535 3221 eosque
554 3167 573 3204 a
590 3148 662 3205 facie
677 3149 872 3221 suaebjieere,
892 3155 960 3203 tunc
986 3149 1131 3202 sentirent.
1165 3147 1355 3202 Damurceuus
1385 3148 1414 3202 in
1444 3148 1503 3204 vita
1533 3149 1672 3206 Berlaam.
1701 3166 1762 3220 cap.
1792 3155 1823 3205 8:

123 3235 188 3290 talis
208 3233 290 3289 inciei
307 3236 416 3291 aversio
441 3235 622 3308 intelligitur,
646 3250 719 3307 quae
741 3237 770 3290 in
795 3243 960 3305 perpetuum
989 3236 1118 3290 Omnium
1135 3234 1246 3301 inferni
1269 3241 1470 3289 temnentorum
1491 3237 1603 3291 'nudum
1626 3254 1713 3306 aemue
1736 3254 1822 3303 prave

123 3321 247 3390 durabit,
263 3319 303 3376 itu
324 3322 452 3376 utnulla
471 3323 590 3393 amplius
611 3336 675 3392 spes
694 3321 822 3392 supersit,
839 3320 961 3375 ioreeli·
987 3329 1013 3375 et
1032 3321 1163 3375 acerbum
1182 3328 1222 3374 eet
1247 3327 1330 3389 atque
1357 3338 1376 3373 a
1396 3323 1459 3375 Deo
1484 3321 1646 3375 abalienari
1668 3329 1694 3375 et
1718 3340 1736 3374 a
1760 3322 1823 3374 riul-

123 3408 247 3480 quando,
270 3413 303 3461 ut
318 3407 397 3462 Deus
416 3408 610 3463 reconciliatus
628 3407 746 3463 amicam
762 3423 842 3461 enam
860 3407 960 3462 faciem
987 3408 1101 3462 cauma
1121 3407 1211 3476 ipsine
1229 3407 1307 3471 fcere
1326 3407 1415 3477 abjici
1432 3407 1655 3477 plcriapceslla,
1674 3424 1746 3476 quiae
1762 3409 1824 3461 nul

123 3494 185 3562 illis
207 3493 344 3549 ostendat
379 3493 443 3548 Huc
467 3494 609 3565 pertinent
632 3495 708 3548 dicta
735 3493 908 3563 Scripturas,
931 3493 960 3546 in
988 3495 1025 3548 lie
1041 3493 1133 3547 ambit
1151 3493 1253 3560 eaponi
1268 3498 1369 3561 potent,
1388 3493 1490 3547 orbari
1506 3499 1559 3547 eto.
1595 3492 1774 3547 Bemhardus
1788 3492 1823 3545 de

124 3578 226 3650 quibua
259 3579 402 3633 damnatio
430 3579 597 3634 describitur
619 3596 668 3651 per
693 3580 746 3634 Dei
775 3579 858 3647 hem,
888 3594 960 3648 quae
987 3579 1112 3634 interiori
1130 3578 1211 3632 domo
1231 3595 1254 3633 c.
1274 3581 1315 3633 36.
1335 3594 1362 3649 p.
1383 3582 1447 3634 226:
1480 3581 1573 3632 Deum
1591 3597 1647 3632 non
1663 3579 1760 3632 uidere
1778 3597 1822 3632 eu·

124 3667 211 3736 paolo
232 3671 297 3721 unte
316 3671 381 3720 suut
397 3672 567 3734 enumerata,
587 3667 653 3737 quia
669 3665 762 3720 finalis
780 3664 828 3719 illa
847 3664 900 3719 Dei
917 3665 960 3718 ira
984 3674 1070 3735 perat
1100 3666 1196 3720 omnin
1223 3665 1365 3734 cebennae
1391 3665 1542 3734 supplicia.
1578 3664 1659 3719 Idem
1679 3666 1708 3720 in
1727 3665 1822 3720 medit

123 3767 240 3806 manens
259 3765 345 3823 super
360 3751 506 3806 damnatos
525 3751 554 3805 in
573 3757 716 3807 ueternum
736 3750 806 3805 nihil
824 3750 900 3804 aliud
918 3754 961 3803 est
987 3751 1116 3807 devotier.
1134 3765 1194 3820 cap.
1215 3755 1244 3804 3:
1274 3750 1341 3813 Quis
1354 3757 1442 3818 putas
1457 3758 1522 3804 tunc
1541 3768 1653 3806 memor
1671 3753 1739 3816 erit,
1758 3752 1822 3821 quie

123 3853 208 3909 qnam
230 3837 339 3892 evenio
356 3843 388 3891 ot
401 3837 548 3892 absconsio
563 3837 673 3892 divinae
693 3837 774 3892 faciei
799 3837 835 3892 ab
855 3836 911 3891 illis
931 3836 959 3889 iu
987 3839 1086 3904 laena,
1105 3852 1178 3906 meae
1196 3836 1322 3904 tristitia,
1340 3853 1400 3889 cum
1418 3837 1625 3905 reparabuntur
1637 3839 1718 3908 impii
1731 3854 1749 3890 a
1761 3855 1825 3891 con·

123 3931 299 3995 perpetuum.
335 3923 413 3978 Haeo
439 3921 571 3978 alienatio
599 3938 617 3976 a
645 3923 736 3994 gratia
763 3927 792 3977 et
822 3923 882 3976 rita
905 3921 960 3976 Ilei
986 3923 1073 3977 nortio
1092 3930 1254 3976 sanctorum
1272 3929 1298 3975 et
1316 3938 1335 3974 a
1353 3922 1459 3976 risione
1480 3923 1562 3976 Deii

124 4009 319 4079 complectitur
337 4008 456 4075 finalem,
470 4009 621 4078 perlectum
639 4015 668 4064 et
679 4007 792 4064 totalem
808 4006 960 4076 ἀποκοπὴν
1021 4014 1062 4066 11.
1096 4008 1139 4062 Ex
1156 4008 1209 4063 hac
1227 4008 1401 4078 separatione
1426 4025 1444 4062 a
1462 4009 1523 4064 Deo
1542 4026 1624 4079 porro
1645 4010 1824 4081 consequitur
1836 4060 1854 4098 Ε

125 4100 173 4151 nal
191 4091 350 4170 ἀποτομήν,
370 4096 551 4163 eruitionem,
569 4114 588 4148 a
607 4094 720 4148 Uiriato
738 4095 848 4164 capite:
872 4097 959 4148 dace-
987 4095 1125 4165 separatio
1153 4101 1175 4150 1.
1193 4096 1230 4147 ab
1247 4095 1357 4163 angelis
1378 4096 1465 4149 bectie
1484 4103 1510 4149 et
1530 4096 1637 4149 roncas
1656 4095 1717 4149 iliis
1735 4095 1823 4163 epr'ri-
1837 4068 1938 4159 ιῖολλιῗι

125 4184 185 4236 dite
202 4200 223 4234 a
240 4197 283 4235 me
300 4180 399 4235 unuh.
418 4188 443 4249 1,
460 4198 485 4235 r.
504 4185 546 4238 23.
564 4198 625 4252 cap.
645 4188 687 4251 25,
706 4198 731 4235 r.
748 4188 790 4237 11.
816 4182 891 4234 alter
915 4195 960 4234 re·
988 4181 1067 4235 tibur.
1104 4179 1207 4250 Angsli
1224 4181 1337 4235 adstant
1356 4197 1452 4235 coram
1471 4181 1532 4234 Dei
1550 4183 1649 4235 throno
1668 4180 1741 4234 Dan.
1756 4185 1781 4247 7,
1796 4195 1822 4232 v.
1837 4161 1971 4252 {fl'fflss‘u

124 4269 271 4338 linquetur
286 4267 355 4322 Luc.
369 4273 409 4336 11,
422 4285 449 4323 r.
463 4273 503 4325 31.
522 4269 562 4323 itu
580 4275 612 4323 nt
629 4268 707 4323 nulla
724 4267 845 4337 amplius
863 4282 958 4337 super·
991 4273 1029 4323 19.
1048 4273 1077 4320 et
1095 4272 1127 4320 ut
1144 4266 1246 4319 dilecti
1263 4267 1323 4320 Dei
1350 4267 1407 4331 filii
1432 4265 1496 4320 Job.
1518 4271 1540 4329 1,
1558 4284 1583 4322 r.
1603 4270 1626 4320 6.
1655 4281 1716 4335 cup.
1737 4269 1778 4332 3³,
1796 4280 1823 4321 v.
1837 4264 1932 4312 ⁸⁰t⁸¹¹¹v

125 4355 163 4409 rit
178 4369 252 4424 sper,
270 4351 332 4408 iore
352 4353 552 4425 utaliquando
572 4355 691 4425 mystico
710 4353 750 4407 illi
767 4352 890 4423 corpori,
914 4369 961 4407 cu·
988 4360 1028 4409 23.
1043 4361 1197 4422 paternam
1213 4352 1294 4405 illiue
1312 4353 1418 4415 faciem
1438 4366 1547 4420 serper-
1561 4352 1704 4405 intuentur
1724 4349 1822 4403 Muttb.

122 4442 171 4511 joa
187 4438 476 4510 eaputestclrriatus,
494 4440 662 4510 inserantur3
681 4440 803 4509 itemque
818 4440 960 4506 iacturam
991 4444 1029 4503 16,
1047 4454 1073 4490 r.
1095 4442 1134 4493 19.
1159 4437 1219 4505 jam
1239 4452 1305 4490 vero
1325 4436 1448 4489 damnati
1468 4452 1485 4490 a
1505 4443 1656 4505 conspectu
1675 4441 1703 4490 et
1722 4435 1822 4489 throno

124 4526 342 4594 irreparabilem
365 4526 535 4594 eapientiae,
556 4525 700 4595 justitiae,
726 4525 814 4591 ritae,
840 4524 960 4591 pieriae,
989 4524 1039 4577 Dei
1058 4530 1139 4577 erunt
1153 4521 1283 4591 separati,
1304 4535 1371 4590 ergo
1383 4520 1468 4575 etium
1484 4520 1520 4574 ab
1540 4519 1655 4590 angelis.
1695 4521 1749 4573 Ubi
1767 4539 1823 4574 non

124 4612 267 4678 metae,
282 4611 438 4679 felicitatis
456 4628 490 4665 ac
506 4612 690 4667 beatitudinis
709 4612 906 4679 carptemus,
931 4610 960 4664 in
988 4610 1070 4662 labet
1095 4610 1186 4663 λοονοι
1205 4609 1265 4662 Dei
1287 4607 1400 4676 praua,
1428 4607 1469 4660 ibi
1491 4621 1543 4660 nec
1569 4606 1672 4660 obtinet
1695 4608 1824 4677 qratiam

126 4713 182 4769 qna
201 4696 279 4751 Deua
296 4698 349 4752 erit
369 4699 462 4752 munia
487 4699 519 4751 in
543 4699 669 4752 annitar
694 4702 716 4753 1.
736 4695 796 4752 Gor.
817 4701 857 4759 16,
875 4712 900 4750 r.
918 4702 960 4752 29.
988 4696 1152 4764 οποολονιοο
1182 4694 1359 4762 praesentia,
1391 4697 1423 4745 nt
1448 4691 1588 4748 Lutherus
1611 4709 1644 4748 ex
1677 4683 1823 4748 collatione

74 4797 113 4840 tta
125 4799 160 4838 se
176 4799 210 4838 ιο
229 4798 248 4836 a
265 4781 339 4838 isaie
363 4783 400 4838 ad
424 4783 523 4838 inciam
549 4783 736 4839 contuendum
759 4781 856 4837 electis
881 4798 960 4852 prae·
989 4781 1091 4836 Psnlm.
1110 4786 1138 4847 8,
1156 4796 1182 4833 r.
1202 4785 1227 4836 6.
1246 4785 1274 4834 et
1290 4779 1374 4834 Hebr.
1394 4783 1417 4841 2,
1437 4795 1462 4833 v.
1484 4787 1507 4834 7.
1526 4785 1600 4834 recte
1619 4770 1737 4850 colligit
1758 4780 1824 4834 ium

124 4868 211 4925 babit
247 4868 392 4933 Quomodo
411 4869 484 4925 enim
502 4868 591 4924 eruut
609 4885 627 4924 a
644 4869 721 4939 Deo,
743 4868 792 4939 qui
820 4872 864 4921 eet
888 4884 960 4921 sum·
987 4881 1052 4921 vero
1069 4865 1194 4920 damnati
1213 4865 1340 4937 agretia
1358 4864 1410 4920 Dei
1430 4864 1540 4935 penitus
1558 4871 1640 4919 erunt
1664 4865 1823 4940 ἀφωρισμέ-

125 4973 201 5010 ιιιιιιι
219 4957 338 5020 bouum,
361 4971 469 5010 summa
487 4955 594 5009 laetitia
618 4970 653 5009 ec
676 4955 738 5025 ipsu
756 4954 827 5023 rita,
850 4961 962 5024 possent
988 4974 1033 5009 nae
1051 4970 1084 5008 uc
1102 4952 1259 5023 segregati,
1285 4967 1352 5022 ergo
1368 4952 1452 5007 etiam
1471 4952 1632 5023 angelorum
1652 4968 1707 5006 non
1732 4950 1823 5004 fruen-

123 5043 178 5098 1ιοί
195 5041 254 5096 ullo
281 5043 356 5097 bono
379 5041 519 5114 spirituali
543 5057 578 5097 ao
598 5041 735 5097 eoelesti?
768 5041 893 5096 Absalon
917 5057 961 5094 nr·
975 5081 976 5085 ,
990 5045 1203 5109 tur-conspectu
1221 5053 1255 5092 sc
1272 5038 1436 5108 praesentia.
1475 5037 1555 5092 Sicut
1579 5041 1677 5106 summ
1705 5053 1774 5106 aper
1798 5044 1824 5089 et

124 5129 211 5202 gebat
226 5129 357 5197 iosbum,
378 5139 409 5183 ut
428 5146 488 5183 cese
506 5137 555 5182 aut
572 5129 603 5181 in
622 5136 799 5198 conspectum
817 5127 894 5195 repis
910 5128 961 5181 ite·
983 5130 1085 5197 foetor
1105 5125 1248 5179 columbus
1267 5123 1363 5195 abipit,
1382 5126 1558 5193 aucupetur
1579 5122 1758 5199 πολύδακρυς
1776 5127 1822 5176 nal

126 5234 192 5271 m
212 5219 400 5286 produceret,
424 5224 474 5269 aut
498 5216 639 5270 occideret
664 5220 688 5269 2.
709 5215 781 5271 Sam.
801 5220 844 5280 11,
867 5232 894 5267 v.
921 5219 962 5269 91.
989 5210 1117 5282 δυσώδης
1142 5209 1281 5284 ἁμαρτία,
1304 5216 1375 5266 teste
1399 5211 1504 5266 Basilio
1527 5210 1555 5263 in
1575 5209 1676 5290 Penlm.
1698 5212 1738 5262 33.
1763 5209 1823 5277 jam

128 5303 258 5374 &ougo
271 5302 353 5358 morti
371 5303 543 5372 aequiparet,
567 5300 642 5373 quod
663 5317 682 5354 a
698 5299 771 5354 facie
788 5301 864 5371 regia
880 5318 962 5371 cogn-
989 5316 1055 5355 vero
1079 5305 1197 5370 peecata
1220 5297 1411 5352 damnatorum
1439 5287 1553 5351 manent
1578 5300 1607 5350 et
1629 5295 1658 5350 in
1681 5299 1823 5349 aeternum

128 5396 176 5445 tur
191 5389 324 5446 ualere
359 5390 470 5455 Quom
487 5389 578 5458 majus
596 5394 624 5442 et
641 5385 895 5456 incomparabiliter
906 5403 961 5440 mo·
989 5385 1143 5441 manebunt
1167 5382 1266 5439 Matth.
1289 5389 1329 5450 12,
1346 5401 1373 5440 ν.
1395 5389 1436 5440 31.
1467 5382 1530 5439 lah.
1547 5388 1571 5448 9,
1597 5397 1623 5435 r.
1642 5386 1682 5438 tt.
1717 5381 1824 5450 Iniqui-

127 5477 174 5546 jn·
192 5476 297 5532 malum
314 5475 367 5530 erit
385 5491 403 5529 a
420 5474 492 5530 facie
510 5473 639 5530 eoelestis
651 5472 729 5543 regis
746 5472 889 5527 exsularet
990 5479 1061 5526 tuter
1080 5471 1207 5541 iptorum
1224 5471 1474 5540 supergredientur
1491 5477 1574 5539 caput
1592 5484 1686 5521 eorum
1712 5468 1821 5520 etaient

179 5574 290 5616 (ltrlmrdl
307 5573 361 5616 loct.
375 5571 411 5615 lx.
1587 5561 1617 5610 16
