4050 6014
186 180 250 280 '414
647 219 653 238 ·
874 189 1106 267 'emericus
1126 208 1273 266 smus

187 373 331 436 00000001.
377 363 476 422 Jacob.
505 364 602 436 Bayus
630 364 771 435 professor
789 364 973 422 Lemniensis
997 363 1026 417 in
1052 365 1183 432 competit
1202 364 1230 417 ei
1248 363 1376 420 aureola.
1409 361 1439 418 81
1459 377 1586 433 quaeras,
1614 380 1652 416 an
1675 363 1760 417 011000
1777 362 1895 432 anqelis

188 451 275 507 instit.
294 450 373 521 relig.
393 449 494 508 Christ.
513 449 559 504 lib.
575 455 597 504 1.
615 468 638 506 c.
659 456 718 506 313.
736 468 766 521 p.
776 456 837 509 428.
853 450 918 506 edit.
930 450 1024 506 Calon.
1052 446 1649 517 0030010000·οὼ1100000101Μο1100000
1658 455 1682 505 4.
1689 449 1894 503 sentdistinct.

188 544 232 591 an.
249 541 325 592 1620.
340 535 447 589 numeri
462 536 577 589 ternarii
590 535 725 591 rationem
740 537 811 606 petit
821 553 854 591 er
867 535 1025 601 virtutibus,
1053 539 1205 591 laerte.
1225 551 1253 604 q.
1273 539 1296 589 1.
1321 551 1377 588 non
1394 533 1505 601 deberi,
1533 549 1597 587 cnm
1622 534 1652 587 in
1680 533 1749 604 ipsis
1771 550 1828 588 non
1853 533 1896 588 sit

189 622 291 693 quibus
309 629 406 676 contm
429 622 512 675 istum
537 622 686 691 tricipitem
705 623 857 679 Cerberum
877 631 1025 693 pugnatur.
1052 636 1156 691 pugna,
1174 620 1223 674 sed
1238 619 1384 691 drginitss
1399 626 1442 674 est
1458 620 1496 674 eis
1506 619 1709 683 connaturalis,
1724 620 1892 688 martyrium

192 709 317 762 Virtutes
332 708 405 761 enim
423 707 494 760 illae
511 717 575 760 sunt
592 710 720 776 potentia
738 709 900 777 rationalis,
917 710 965 762 cui
983 724 1025 761 rc·
1052 706 1126 774 ipsos
1152 705 1211 776 pati
1233 713 1276 759 est
1300 704 1480 775 impossibile.
1527 708 1572 758 De
1592 707 1711 760 aureola
1730 713 1892 773 martyrum

188 796 308 864 spondet
321 794 470 860 doetrina,·
487 793 650 858 irascibilis,
670 794 718 847 cui
728 796 895 861 martyrium
900 815 912 862 ,·
931 802 959 847 01
976 795 1025 848 de·
1052 791 1081 844 in
1101 791 1193 860 specis
1213 790 1368 860 disputant,
1388 793 1466 858 quod
1484 793 1526 844 ad
1543 807 1605 843 cam
1623 792 1681 843 tria
1698 792 1893 860 requirantur,

188 895 264 931 mum
281 878 507 946 concupiscibilis
525 879 603 931 circa
619 879 801 932 delectabilia
820 897 952 947 0000000,
979 880 1027 932 cur¹
1048 893 1153 945 poena,
1171 893 1259 929 causa
1277 883 1304 929 et
1319 876 1467 938 voluntem
1490 878 1567 944 quod
1593 894 1650 938 non
1670 877 1807 930 debeatur
1826 878 1893 931 obe·

187 965 341 1033 cirqinitas
359 966 524 1032 respondet,
549 965 649 1033 quibus
675 966 765 1017 tribus
788 966 937 1018 virtutibus
962 966 1025 1018 emi·
1053 963 1206 1025 clientibus,
1231 961 1343 1015 etiami
1363 978 1416 1030 per
1441 962 1628 1015 obedientiam
1645 964 1770 1031 propriu
1789 963 1895 1017 colun·

188 1058 286 1102 neuter
308 1049 419 1104 Cin-isto
440 1050 553 1102 doctori
564 1050 711 1120 justitiae,
733 1050 841 1117 uirqini
855 1068 890 1103 ac
906 1050 1028 1118 martyri
1052 1056 1097 1102 tas
1116 1056 1266 1112 mactetur,·
1288 1064 1339 1101 nec
1353 1049 1544 1117 pauperibus,
1562 1049 1688 1115 quamuis
1709 1052 1894 1103 0000010000-

188 1135 391 1188 assimilamur.
436 1133 465 1189 si
485 1150 618 1205 quaeras,
647 1151 686 1186 an
705 1135 823 1187 aureola
842 1134 896 1188 illa
915 1137 1027 1188 animae
1054 1137 1166 1188 riantur
1173 1155 1182 1197 ,·
1198 1151 1249 1187 nec
1258 1135 1473 1203 paenitentibus,
1491 1134 1618 1201 00000οιἒο
1629 1133 1797 1202 crucilipant
1809 1151 1894 1187 mam

188 1237 227 1275 an
239 1221 369 1288 corporis
388 1222 488 1274 bonum
506 1221 565 1272 sit!
581 1219 759 1289 respondent,
778 1219 854 1273 illam
874 1223 1027 1290 praecipue
1053 1236 1181 1286 carnem,·
1206 1237 1257 1273 nec
1274 1220 1385 1272 Beatne
1398 1219 1512 1288 oirpini,
1537 1220 1664 1287 00001010
1679 1220 1747 1288 plus
1765 1219 1894 1274 doluerit

189 1305 280 1360 inesse
298 1305 415 1373 animae,
435 1306 503 1377 quia
522 1311 564 1360 est
585 1305 728 1375 gaudium,
751 1305 825 1376 quod
847 1322 880 1359 ex
897 1306 1027 1376 operibus
1054 1323 1138 1374 quam
1150 1315 1258 1375 martyr
1263 1325 1274 1371 ,·
1291 1322 1343 1359 nec
1354 1307 1515 1374 Dominico,
1527 1307 1578 1374 qui
1587 1306 1753 1373 martyrium
1761 1307 1893 1369 sitiebat,·

189 1390 243 1444 illis
266 1390 432 1459 percipitur,
463 1390 564 1460 quibus
582 1390 695 1445 aureola
721 1390 867 1460 tribuitur,
896 1391 1027 1445 nimirum
1053 1408 1103 1445 nec
1131 1392 1261 1445 Jobanni
1287 1392 1502 1461 Ecanqelistae,
1529 1393 1580 1460 qui
1605 1392 1721 1445 calicem
1744 1392 1893 1460 0000100010

189 1492 224 1532 ex
241 1475 383 1545 martyrio,
402 1492 436 1530 ex
453 1475 820 1546 virginitate,e1doctrina
836 1475 898 1530 aliis
916 1477 1026 1531 uadita.
1053 1477 1212 1531 voluntarie
1230 1478 1299 1530 bibit
1305 1498 1316 1544 ,·
1337 1495 1388 1531 nce
1411 1477 1509 1546 pueris
1532 1478 1562 1530 in
1582 1477 1691 1530 camino
1711 1477 1796 1546 ipen,
1821 1478 1894 1546 quia

189 1561 314 1616 Eandem
329 1567 423 1615 101000
435 1562 520 1616 stiam
531 1562 561 1616 in
577 1578 690 1632 corpore
708 1562 907 1633 apparituram.
926 1562 1027 1627 Quem·
1053 1581 1107 1616 non
1125 1580 1159 1616 00
1170 1564 1356 1632 passionibus
1373 1563 1518 1631 obierunt,·
1537 1579 1587 1616 ncc
1598 1563 1756 1628 Lucretiae,
1776 1580 1848 1631 quiae
1860 1579 1893 1616 se

189 1647 339 1702 admodum
382 1647 455 1701 anim
495 1664 529 1702 ex
568 1648 671 1719 gaudio
707 1647 864 1702 essentialis
903 1649 1027 1718 praemii,
1053 1649 1153 1702 illicite
1172 1649 1328 1712 interfecit·
1351 1665 1401 1701 nec
1421 1648 1553 1714 Simsoni,
1574 1649 1644 1717 quia
1662 1650 1829 1717 martyrium
1847 1656 1890 1702 cst

190 1733 264 1805 quod
285 1739 328 1787 est
346 1749 442 1798 aurea,
464 1733 603 1786 redundat
620 1734 733 1804 quidam
750 1733 834 1788 decor
856 1733 884 1787 in
903 1749 1026 1804 corpore,
1053 1736 1130 1788 circa
1155 1741 1270 1786 mortem
1293 1735 1330 1787 cb
1354 1734 1415 1788 alio
1438 1734 1561 1790 illatam.
1601 1733 1635 1787 ss·
1654 1742 1763 1802 0000100·
1782 1734 1892 1802 aliquis

190 1819 238 1891 qui
257 1824 300 1872 est
317 1818 345 1871 in
358 1816 595 1889 gloriacorporis3
615 1818 707 1873 itaer
724 1818 828 1889 gaudio
846 1818 1028 1873 accidentalis
1053 1837 1087 1874 00
1099 1821 1216 1872 mortuis
1232 1821 1382 1873 0000110100·
1401 1821 1546 1873 etiterum
1565 1837 1583 1871 0
1598 1821 1824 1890 persecutoribus
1845 1837 1892 1874 oc·

189 1904 312 1973 praemii,
331 1903 406 1975 quod
424 1909 467 1958 est
483 1905 612 1972 aureola,
632 1902 767 1957 resultare
785 1902 907 1972 aliquem
923 1904 951 1957 iu
969 1921 1028 1958 cor·
1054 1907 1176 1971 cidatur,
1187 1905 1261 1975 quod
1274 1904 1302 1959 b.
1313 1903 1477 1959 Sebastiano
1487 1904 1620 1976 obtigisse
1633 1912 1793 1973 memorant,
1807 1905 1892 1958 illum

189 2004 257 2059 pore
275 1991 411 2044 decorem.
450 1987 480 2044 Si
493 2005 620 2060 quaeras,
637 1989 700 2058 quis
714 1991 827 2042 tandem
846 1990 883 2041 sit
897 1990 947 2043 ille
965 2006 1026 2043 cor·
1054 1995 1127 2046 duas
1149 1990 1283 2044 aureolas
1304 1990 1461 2042 babituram
1487 1996 1621 2047 statuunt.
1664 1991 1702 2043 In
1727 1990 1889 2058 insontibus

186 2075 268 2144 poris
288 2076 396 2128 decor!
414 2074 566 2144 respondet
580 2074 679 2129 Scotus
697 2080 724 2130 4.
743 2080 813 2128 sent
831 2074 893 2127 dist
908 2082 948 2129 19.
966 2092 993 2146 q.
1003 2083 1026 2131 5.
1053 2075 1274 2130 Betbleemiticis
1293 2082 1413 2145 propter
1440 2075 1580 2130 Christum
1605 2076 1641 2129 ab
1666 2077 1781 2130 Herode
1803 2077 1890 2129 inter·

189 2165 239 2215 arl.
250 2162 275 2215 2.
290 2161 426 2214 aureolas
440 2176 499 2214 esse
511 2160 694 2222 0000000110
705 2168 735 2212 ut
747 2160 776 2212 in
789 2161 882 2228 capite
891 2161 1026 2228 martyris
1051 2161 1135 2224 sectis
1142 2162 1282 2214 rationem
1295 2161 1430 2214 aureolae
1442 2178 1498 2214 non
1507 2175 1565 2213 esse
1576 2160 1744 2230 completam
1753 2168 1892 2229 asserunt,

190 2262 296 2300 000000
317 2253 450 2299 canatur
468 2247 571 2308 rubra,
592 2246 622 2298 in
642 2247 736 2314 capite
755 2246 873 2313 oirqins's
891 2246 1026 2311 candida,
1053 2244 1120 2317 quia
1138 2246 1197 2308 fuit
1221 2263 1296 2300 mors
1312 2252 1432 2313 prepter
1451 2244 1592 2299 Gbristum
1618 2244 1731 2313 quidem
1751 2255 1891 2314 00000010,

189 2331 220 2385 in
245 2332 337 2400 eapite
362 2331 489 2384 doctoris
514 2333 634 2396 viridis3
658 2331 750 2400 addit,
777 2338 916 2399 martyres
942 2333 1027 2385 etiam
1053 2340 1218 2386 nontamen
1237 2333 1339 2396 electa,
1359 2332 1526 2400 idosccro,
1552 2332 1601 2400 qui
1625 2348 1707 2384 cruce
1730 2332 1839 2402 siqnati
1860 2333 1891 2386 in

183 2417 326 2485 fortassis
356 2415 387 2469 in
407 2417 536 2470 manibus
565 2425 724 2486 qestaturos
750 2416 874 2486 palmas,
903 2417 1028 2486 nirqines
1053 2418 1128 2472 bello
1151 2419 1272 2472 bostium
1293 2419 1402 2473 Cbrs'sti
1420 2420 1577 2487 puqnondo
1592 2426 1727 2486 perstent,
1755 2419 1891 2472 aureolas

189 2502 257 2555 alba
276 2501 358 2570 lilia,
384 2504 514 2556 doctores
531 2503 639 2555 uirides
667 2519 765 2556 ramos
792 2503 1026 2572 incorruptibiles.
1053 2505 1154 2558 sorts'ri
1169 2504 1354 2572 arbitraretur,
1372 2521 1434 2556 cum
1449 2520 1506 2558 non
1522 2520 1551 2558 se
1568 2506 1622 2557 sed
1639 2501 1781 2555 Christum
1796 2510 1825 2556 ct
1845 2519 1892 2557 ec·

190 2587 341 2643 ”Larinas
356 2588 385 2642 in
400 2587 509 2644 i.Petr.
526 2594 558 2644 t:
578 2588 875 2655 Sicutdesipnabntur
889 2596 1026 2657 utcunque
1053 2591 1169 2644 clerium
1189 2590 1370 2657 defendendo
1395 2590 1563 2643 cremamur.
1599 2587 1643 2642 De
1661 2589 1780 2643 aureola
1800 2589 1893 2658 cirpi-

189 2675 326 2741 martpris
358 2674 477 2729 aureola
496 2691 551 2742 per
580 2691 727 2737 coronam,
757 2692 814 2745 qua
837 2675 1027 2728 coronabatur
1052 2695 1132 2744 num,
1157 2678 1235 2746 quod
1250 2683 1390 2744 competat
1413 2692 1446 2729 ea
1471 2677 1495 2729 b.
1521 2675 1646 2744 Virpini,
1669 2675 1738 2743 quia
1762 2675 1892 2744 00001010

190 2759 285 2814 altare
301 2760 491 2828 thymiamatis
511 2762 605 2814 Ecod.
623 2762 671 2827 30,
689 2762 716 2812 3.
734 2760 862 2827 oirqinis,
882 2777 939 2828 qua
957 2777 1027 2814 arca
1054 2763 1083 2814 in
1102 2778 1136 2815 ea
1152 2779 1206 2814 non
1226 2761 1315 2820 fuerit
1333 2761 1493 2814 resistentia
1505 2761 1609 2828 carnis,
1624 2768 1717 2814 tamen
1735 2761 1765 2813 in
1780 2777 1814 2814 ea
1830 2761 1892 2825 fuit

191 2847 285 2901 Ecad.
307 2849 352 2912 25,
370 2864 393 2902 0.
413 2850 455 2900 11.
480 2847 521 2899 sic
543 2846 669 2899 donans
682 2862 738 2914 per
762 2862 839 2911 cam,
867 2861 923 2913 qua
935 2863 1026 2914 panes
1050 2848 1167 2917 plenum
1181 2847 1336 2900 dominium
1347 2847 1470 2900 rationis
1485 2861 1571 2914 super
1585 2862 1714 2913 carnem,·
1730 2845 1817 2900 Abcli
1827 2861 1891 2899 eam

188 2932 395 3001 propositionis
415 2931 508 2986 Ecod.
527 2936 573 2997 25,
589 2949 613 2986 c.
629 2934 677 2986 30.
697 2931 830 2984 doctrina
851 2931 925 2984 enim
940 2932 1027 2999 panis
1053 2935 1226 3003 0000000000
1237 2947 1297 2985 esse
1314 2936 1427 3002 negant,
1446 2933 1514 3000 quia
1527 2931 1626 2985 babuit
1635 2932 1816 3000 propositum
1838 2933 1892 2984 du·

191 3016 278 3072 est.“
307 3016 469 3071 Paludanus
493 3023 518 3073 4.
541 3023 611 3070 sent
632 3016 696 3070 dist.
722 3022 764 3074 41.
791 3016 878 3081 addit,
902 3019 972 3086 sore
996 3018 1026 3070 in
1053 3021 1138 3074 cendi
1160 3035 1299 3083 acorem,
1317 3019 1346 3071 si
1367 3020 1489 3073 visisset.
1529 3016 1573 3073 De
1588 3019 1746 3084 uirqinibus
1760 3035 1816 3087 per
1833 3019 1891 3070 uim

192 3118 311 3171 0000000
330 3105 474 3172 quandam
491 3102 648 3155 decentiam
666 3109 693 3154 et
709 3101 950 3168 pulchritudinem
970 3103 1027 3155 sin·
1054 3104 1196 3175 oppressis
1213 3109 1354 3167 statuunt,
1380 3104 1407 3156 si
1430 3120 1463 3155 00
1483 3111 1550 3171 post
1568 3106 1649 3169 facto
1668 3104 1845 3156 consentiant
1863 3110 1892 3156 et

191 3188 320 3256 qularem
337 3190 605 3257 repraesastatiuam
620 3187 763 3255 aureolae,
779 3189 981 3255 praedicatori
997 3190 1027 3253 in
1054 3191 1180 3254 finaliter
1195 3191 1367 3258 poeniteant,
1387 3189 1536 3242 aureolam
1555 3205 1604 3242 cas
1619 3204 1798 3256 recuperare.
1826 3190 1890 3240 Da·

193 3291 250 3341 ore,
270 3274 426 3341 cirpins'bus
447 3273 477 3326 in
500 3273 554 3326 illa
573 3280 672 3341 parte,
699 3271 878 3341 Martyribus
898 3275 929 3326 in
954 3276 1027 3328 oica·
1054 3277 1125 3331 nidi
1145 3284 1172 3329 et
1193 3276 1280 3328 000110
1302 3274 1365 3341 eius
1388 3273 1484 3328 itidem
1507 3272 1580 3328 banc
1608 3273 1749 3327 aureolum
1776 3279 1890 3345 negant,

192 3360 281 3413 tribus
303 3360 348 3413 cel
371 3359 439 3414 aliis
453 3359 587 3426 partibus
609 3360 739 3427 corporis
763 3361 917 3412 secundum
941 3377 1028 3428 penus
1054 3381 1116 3416 cum
1124 3370 1188 3415 tunc
1196 3378 1252 3414 non
1255 3361 1352 3430 suerit
1367 3367 1476 3428 tempus
1494 3359 1676 3427 cirqinitatis.
1708 3358 1753 3414 Da
1770 3361 1890 3414 aureola

192 3447 332 3513 martyrii.
372 3445 400 3501 si
426 3460 559 3516 quaeras,
585 3461 723 3512 00000001
743 3446 781 3498 sit
796 3445 958 3514 praecipua
978 3466 1027 3502 au·
1055 3450 1200 3501 doctorum
1226 3446 1386 3516 disputant,
1415 3446 1492 3513 quod
1513 3462 1569 3497 non
1591 3453 1729 3513 competat
1747 3447 1806 3498 nisi
1824 3454 1890 3499 actu

190 3533 293 3586 reela!
310 3531 487 3602 respondent,
502 3532 628 3600 primum
640 3531 732 3584 locum
747 3532 869 3584 obtinere
881 3535 1027 3587 aureolam
1052 3533 1284 3602 praedicantibus
1308 3533 1345 3584 de
1363 3530 1421 3598 lis,
1446 3547 1518 3598 quae
1532 3532 1678 3598 pertinent
1694 3531 1736 3583 ad
1752 3530 1890 3597 0010100ος

191 3625 363 3685 martyrum,
389 3616 617 3679 seeundumsibi
634 3617 784 3671 vendicare
804 3618 951 3672 aureolam
971 3620 1026 3673 cir·
1054 3619 1208 3684 aduocatis,
1228 3616 1354 3678 medicis,
1375 3617 1443 3684 quin
1462 3615 1599 3682 tbcoloqis
1613 3615 1762 3684 physicam
1785 3617 1890 3670 domn·

191 3705 302 3771 pinum,
331 3704 443 3757 tertium
461 3703 621 3763 doctorum,
647 3702 715 3770 quia
737 3718 836 3770 puqna
853 3721 888 3756 ac
907 3706 1026 3758 uictoria
1053 3703 1127 3756 tibus
1145 3701 1239 3757 deberi
1258 3706 1372 3772 negant,
1390 3702 1447 3752 nisi
1460 3707 1548 3768 prout
1562 3708 1679 3753 0100100·
1698 3703 1740 3754 ad
1757 3702 1890 3754 declara·

192 3797 349 3855 martyrum
364 3805 476 3857 puqnas
492 3787 632 3855 uirqinum
653 3789 850 3858 doctorumque
869 3792 1026 3854 difficulta·
1053 3791 1152 3844 sionem
1174 3790 1311 3855 theolopis
1331 3789 1503 3857 captivantes
1522 3804 1629 3840 omnem
1647 3787 1818 3839 intellectum
1838 3789 1890 3841 sub

193 3882 234 3928 tes
252 3880 384 3941 superat,·
410 3880 552 3925 certamen
570 3889 635 3925 nero
652 3873 794 3942 oirqinum
811 3892 948 3944 superare
967 3893 1026 3930 cer·
1052 3875 1123 3938 fidei
1137 3876 1304 3944 obsequium.
1335 3873 1506 3928 Mulieribus
1523 3872 1649 3942 praecise
1662 3887 1723 3925 sam
1742 3871 1888 3944 derogant,

73 3986 118 4030 u
132 3984 179 4030 ⁶10.
192 3967 286 4013 tamen
299 3959 460 4019 doctorum·
480 3956 590 4010 interim
606 3958 721 4027 addunt,
741 3961 885 4014 aureolam
902 3963 1027 4017 doctoris
1054 3979 1117 4015 cum
1138 3960 1193 4015 illis
1210 3959 1374 4031 praedicare
1392 3976 1448 4013 nou
1468 3959 1558 4017 110001.
1598 3958 1685 4013 Plura
1703 3959 1739 4013 de
1759 3959 1889 4026 aureolis,

191 4060 327 4115 superare
346 4042 493 4095 aureolam
511 4042 680 4110 01001010,οἰ
694 4044 779 4112 lonqo
790 4053 912 4115 tempore
931 4049 1028 4103 docuit
1054 4048 1078 4101 si
1099 4047 1185 4112 lubet,
1205 4046 1269 4101 ride
1286 4045 1361 4115 apud
1379 4044 1594 4115 Altensteigium
1610 4044 1640 4097 in
1653 4043 1739 4100 lexico
1756 4044 1842 4100 theol.
1861 4045 1889 4099 in

191 4144 363 4196 mnqnasque
392 4129 422 4179 in
450 4129 577 4181 docendo
600 4130 786 4197 difficultates
809 4134 962 4199 asperavit.
998 4133 1028 4191 ai
1054 4132 1141 4187 serbo
1160 4131 1290 4200 Aureoli,
1308 4132 1338 4185 in
1357 4131 1502 4201 compend.
1520 4132 1603 4185 theol.
1619 4131 1696 4187 verit.
1715 4129 1778 4184 libr.
1788 4137 1812 4187 ’1.
1827 4147 1889 4202 cap.

190 4230 324 4285 quaeras,
351 4232 389 4267 an
410 4215 493 4267 etiam
519 4214 633 4269 Christo
651 4217 802 4272 tribuendo
824 4218 862 4270 sit
887 4221 1028 4275 aureola!
1055 4224 1095 4274 30.
1119 4217 1194 4287 apud
1213 4216 1379 4287 Gregorium
1404 4217 1439 4271 de
1454 4216 1585 4271 Valentia
1608 4220 1674 4269 tom.
1695 4221 1720 4271 4.
1740 4232 1840 4271 comm.
1861 4216 1890 4272 iu

192 4300 363 4369 respondent
391 4301 526 4371 negando.
566 4301 637 4356 Cum
665 4302 739 4356 enim
769 4303 882 4358 aureela
909 4304 1027 4360 diminu·
1053 4303 1152 4357 Thom.
1172 4303 1243 4373 disp.
1265 4309 1304 4360 11.
1333 4320 1359 4373 q.
1376 4310 1401 4359 5.
1424 4309 1517 4372 punct
1538 4307 1562 4356 1.
1581 4319 1609 4371 0.
1629 4306 1705 4358 1311.
1723 4301 1890 4358 Banadium

192 4385 297 4440 tionem
328 4385 624 4458 participationemque
651 4388 749 4458 gandii
783 4388 911 4459 designet
941 4396 969 4447 et
997 4392 1028 4446 in
1054 4389 1083 4443 in
1102 4390 1190 4444 barm.
1209 4405 1309 4459 evang.
1328 4387 1388 4444 libr.
1411 4394 1450 4444 10.
1468 4405 1492 4443 c.
1515 4394 1539 4442 3.
1560 4404 1587 4457 0.
1598 4392 1657 4442 tib.
1669 4393 1723 4441 etc.

193 4471 304 4526 Christo
328 4472 365 4524 sit
386 4470 509 4526 omnium
524 4471 669 4541 plenitudo
686 4474 865 4545 gaudiorum,
890 4475 953 4531 ideo
971 4493 1028 4531 non
1090 4479 1149 4532 161.
1185 4472 1243 4530 Nos
1271 4473 1346 4527 baud
1371 4474 1451 4529 inriti
1474 4472 1664 4539 0000001000,
1691 4471 1751 4528 fore
1775 4472 1805 4526 in
1833 4473 1892 4530 sita

193 4573 255 4612 esse
265 4557 319 4626 ipsi
332 4557 496 4612 tribuendas
510 4558 643 4623 aureolas,
657 4559 706 4613 sed
719 4559 927 4615 eminentiorem
942 4579 1028 4633 quan·
1054 4567 1168 4615 aeterna
1181 4561 1293 4630 qlorioe
1309 4561 1419 4627 qrodus
1431 4574 1465 4613 sc
1478 4558 1569 4613 Deum
1582 4573 1617 4612 ex
1628 4557 1721 4629 grstia
1732 4574 1788 4612 nou
1800 4559 1892 4615 solnm

194 4642 258 4698 dam
277 4643 400 4697 omnium
418 4641 552 4697 virtutum
570 4650 599 4698 st
618 4645 803 4715 praemiorum
822 4646 1028 4717 perfectionem,
1055 4644 1255 4717 temporalibus
1272 4645 1323 4700 sed
1335 4644 1420 4700 etiam
1438 4642 1604 4699 coelestibus
1624 4660 1659 4699 ae
1677 4644 1798 4700 aeternis
1813 4661 1892 4715 prse-

193 4745 257 4784 eum
270 4729 331 4799 ipse
342 4728 479 4798 perminet
489 4730 624 4799 rirpines,
640 4731 752 4785 roboret
767 4739 916 4802 martyres,
934 4735 1029 4787 docto-
1056 4731 1118 4785 miis
1137 4732 1245 4801 piorum
1259 4731 1368 4787 labores
1384 4738 1412 4786 et
1424 4729 1576 4800 passiones,
1593 4745 1663 4801 quas
1682 4737 1797 4799 propter
1813 4729 1892 4785 chri·
1905 4744 2000 4790 aaut

193 4832 241 4869 res
258 4816 405 4881 illuminet,
423 4831 456 4870 ac
473 4832 524 4886 per
541 4816 632 4886 ipsum
652 4816 811 4887 plenissima
828 4817 864 4870 de
881 4817 972 4872 carnis
989 4819 1029 4872 in·
1056 4824 1129 4872 stum
1147 4817 1352 4879 sustinuerunt,
1375 4823 1628 4882 remuneraturum,
1646 4814 1756 4870 interim
1776 4814 1893 4886 figmen-

193 4899 337 4966 firmitste,
369 4899 471 4955 mundo
502 4917 536 4956 sc
571 4900 685 4957 diabolo
715 4902 833 4957 victoria
861 4901 1028 4958 obtineatur.
1055 4907 1115 4956 turn
1128 4900 1306 4957 Pontificium
1327 4901 1362 4955 de
1381 4900 1501 4956 aureolis
1519 4899 1640 4971 probare
1663 4916 1720 4955 uon
1737 4916 1893 4971 possumus.

193 4985 350 5041 Bichssdus
367 4992 582 5043 tament.sent
602 4987 827 5043 distineris.
846 4993 912 5058 qb.
931 4988 1029 5042 distin·
1059 4993 1082 5043 1.
1107 4988 1140 5040 ob
1159 4986 1342 5052 fundamenti
1364 4987 1570 5050 conditionem,
1594 4985 1670 5056 quod
1698 4993 1740 5042 est
1767 4988 1895 5042 docuina

194 5074 263 5145 guit.
292 5072 430 5143 Aureola,
448 5072 548 5145 inquii,
567 5081 660 5142 potest
677 5073 831 5142 dupliciter
842 5074 1029 5142 cmssiderari,
1056 5072 1091 5127 de
1108 5072 1240 5144 operibus
1261 5072 1524 5144 supererogationis.
1561 5070 1687 5144 Fingnnt
1704 5073 1792 5141 enirn,
1809 5088 1896 5142 00000

192 5160 238 5215 cel
255 5150 409 5213 secundur'n
426 5160 474 5224 id,
501 5162 579 5226 quod
597 5165 651 5224 cst,
676 5158 721 5212 rel
745 5158 796 5210 sub
823 5160 944 5228 ratione,
972 5178 1029 5229 qua
1055 5159 1193 5213 bominem
1216 5167 1345 5212 renatum
1367 5160 1457 5228 leqeus
1481 5159 1542 5215 Dei
1562 5160 1695 5228 perfecte
1719 5159 1839 5229 implere
1865 5167 1892 5212 et

193 5245 281 5301 militi
298 5248 385 5300 datur
402 5261 422 5298 0
435 5245 576 5316 00000000.
607 5244 803 5299 Primomodo
817 5251 857 5299 est
874 5243 1029 5300 inb'bristo
1055 5247 1108 5300 bac
1138 5245 1300 5301 obedientia
1329 5246 1388 5315 leqi
1407 5245 1551 5314 praestita
1572 5246 1661 5299 uitam
1686 5252 1832 5300 0010000000
1858 5261 1893 5299 eu

190 5332 398 5402 perfectissime
410 5329 513 5399 triplex
530 5329 657 5398 aureola,
676 5330 958 5399 quiapsrfectissimc
971 5333 1029 5397 fuit
1054 5334 1153 5386 merito
1175 5331 1298 5387 obtinere
1305 5352 1317 5401 ;
1344 5348 1391 5386 eos
1415 5349 1490 5395 cero,
1519 5331 1570 5401 qui
1594 5348 1651 5385 non
1677 5331 1802 5385 contenti
1826 5339 1892 5386 sunt

193 5417 287 5485 sirpo,
317 5419 416 5471 doctor
435 5423 460 5470 ct
477 5424 604 5486 martqnq
630 5419 683 5473 scd
707 5420 830 5472 secundo
857 5418 942 5472 modo
970 5436 1027 5473 non
1053 5419 1213 5474 obedientia
1222 5419 1281 5488 lepi
1283 5418 1434 5488 praestita,
1452 5418 1505 5472 sed
1512 5417 1628 5488 insuper
1636 5417 1720 5472 diam
1729 5417 1893 5487 ecanqeliea
