4050 6014
233 168 293 228 260
877 155 1110 214 ‘ennomus
1127 154 1296 221 QUINTUS

114 334 159 379 xx,
173 333 219 377 ῃ),
234 313 462 369 similitudinibus
488 315 558 371 illud
581 315 671 384 ipsum
691 316 847 372 declarant:
871 318 898 379 1)
917 317 944 370 A
969 313 1068 379 fulmi·
1095 330 1144 368 nm
1163 328 1273 382 semper
1285 311 1384 378 cicere,
1403 316 1429 362 et
1446 309 1477 361 in
1494 305 1554 362 r'llie
1564 307 1731 376 feruoribus
1746 305 1808 361 eine
1822 303 1930 360 dolori·

235 402 317 454 nibus
334 417 451 471 corpora
469 401 655 472 tangentibus,
675 420 729 457 non
740 401 957 456 absumentibus.
978 399 1067 454 Minu·
1097 401 1147 454 bue
1165 400 1271 467 uiuere,
1288 414 1357 451 auae
1378 396 1482 466 quippe
1499 403 1620 448 naturae
1639 392 1866 449 conuenientibue
1884 408 1932 446 oe·

235 486 291 540 tius
315 486 391 541 Felix
422 487 449 541 in
474 485 538 542 dial.
564 488 611 557 qui
639 487 799 543 inscribitur
824 487 970 544 Octaviae:
999 488 1070 541 Ittie
1096 486 1197 555 qetari,
1215 485 1275 540 illie
1291 502 1347 538 non
1365 481 1492 536 cruciari
1509 481 1657 550 elementis,
1676 481 1873 549 reapondetur,
1891 479 1932 532 in·

235 573 349 640 sapiens
366 573 440 642 iqnie
452 573 573 625 membra
585 572 642 626 urit
656 582 681 627 et
692 575 790 640 reiicit,
812 575 906 644 carpit
921 583 947 627 et
965 574 1069 642 nutrit,·
1095 571 1260 625 credibilius
1279 586 1337 625 esse
1354 569 1485 637 oeqetari,
1505 586 1589 637 quam
1607 586 1662 622 non
1681 565 1808 620 cruciari
1826 565 1934 620 talibus

237 659 309 711 aicut
328 658 406 727 iqnee
416 658 568 723 fulminum
581 676 703 729 corpora
718 668 834 729 tanqunt
850 677 901 715 nee
916 661 1069 714 absumunt.
1095 658 1183 712 rebue.
1221 655 1361 712 Mirabile
1386 663 1427 708 eat
1451 655 1523 709 enim
1549 653 1645 707 dolere
1664 653 1694 706 in
1712 653 1825 721 iqnibue
1844 660 1871 706 et
1891 659 1934 704 ta·

237 743 268 812 2)
286 743 313 798 A
334 744 471 798 montibus
490 745 644 814 iqniuomis.
677 745 865 801 Tertullianus
884 746 914 800 iu
931 746 1069 818 apologet.
1095 760 1156 797 men
1173 743 1272 799 uiuae.
1292 743 1344 794 ced
1361 740 1519 793 mirabiliue
1536 741 1628 794 ricem
1644 740 1798 806 iniquibus
1817 753 1867 791 nee
1883 739 1934 791 do·

236 846 297 899 cap.
310 834 351 885 te.
370 846 434 902 pag.
453 835 499 886 80:
515 832 595 901 anie
613 833 768 898 infernalia
780 851 835 887 non
847 834 974 897 absumit,
993 835 1070 901 quod
1095 831 1162 884 lere.
1195 829 1229 883 st
1241 837 1332 882 autem
1345 827 1395 881 hoc
1409 828 1546 890 creditur,
1560 844 1611 879 cur
1622 843 1677 878 non
1690 832 1717 878 et
1729 823 1822 878 illud?
1837 829 1934 894 capt.

235 916 399 980 ecurit,sed
411 918 739 988 dumeroqat,reparat,·
756 922 829 974 adeo
843 927 1070 974 manentmontes
1098 916 1295 970 Salamandra
1311 915 1341 968 in
1360 914 1470 982 iqnibus
1488 913 1563 967 uiuit.
1600 919 1626 974 5)
1654 911 1700 965 Ab
1712 912 1808 965 anima
1825 911 1855 963 in
1871 927 1935 964 cor·

235 1018 345 1072 semper
371 1006 518 1074 ardentes,
541 1013 566 1058 et
590 1006 639 1075 qui
662 1008 697 1060 de
715 1007 792 1061 coelo
811 1007 951 1075 tanqitur,
974 1005 1070 1060 saluus
1094 1004 1174 1073 poris
1194 1002 1340 1057 doloribus
1358 1010 1384 1055 et
1402 1001 1507 1056 morbis
1524 999 1684 1070 superstite.
1721 997 1940 1069 Chryeostomua

238 1098 287 1154 eet,
306 1098 336 1144 ut
355 1091 433 1143 nullo
446 1092 511 1160 jam
529 1093 590 1160 iqui
607 1092 802 1162 decinerescat,
820 1103 846 1146 et
864 1093 915 1147 hoc
930 1092 1069 1147 eritteeti·
1096 1089 1177 1160 epist.
1195 1095 1218 1145 b.
1236 1088 1272 1142 ad
1286 1087 1424 1144 Theodor.
1445 1088 1569 1157 lapsum:
1595 1085 1705 1154 Siquis
1720 1087 1797 1148 forte
1815 1084 1940 1148 dabitat,

235 1176 360 1230 monium
385 1177 458 1244 iqnir
482 1177 597 1246 aeterni,
621 1179 673 1233 hoc
698 1178 848 1248 exemplum
862 1180 943 1249 juqie
962 1179 1073 1248 judicii
1098 1195 1152 1247 quo
1165 1184 1253 1246 pacto
1272 1176 1342 1230 satis
1363 1192 1422 1229 esee
1441 1182 1629 1230 coaeternum
1648 1175 1754 1227 durare
1767 1171 1940 1226 immertalis

234 1278 355 1330 poenam
375 1263 531 1319 nutrientia.
562 1265 674 1318 Montes
688 1275 811 1318 uruntur
824 1272 849 1319 et
870 1268 983 1334 durent,
1002 1266 1073 1334 quid
1098 1259 1939 1332 queatanima,consectatantaeipoenarum,iecoqnoscat,

236 1356 364 1402 nocentes
384 1356 409 1402 et
428 1350 487 1402 Dei
503 1350 616 1404 horter!
641 1350 658 1405 l.
678 1351 713 1405 de
730 1351 834 1422 poenit.
853 1368 876 1406 c.
900 1355 939 1407 12.
960 1368 987 1421 p.
1010 1356 1072 1408 118:
1099 1367 1171 1419 quae
1189 1350 1234 1404 hic
1253 1351 1333 1418 liunt,
1350 1350 1487 1418 quomoda
1500 1366 1556 1402 non
1568 1365 1636 1401 raro
1656 1346 1739 1401 mebi
1756 1347 1799 1401 ad
1810 1345 1937 1398 morbum
1951 1357 2019 1403 ut

239 1428 314 1497 Quid
341 1436 422 1489 illum
451 1437 611 1489 thesaurum
640 1438 713 1506 iqnir
744 1437 855 1491 aeterni
885 1438 1071 1504 aestimamus,
1098 1455 1154 1491 non
1177 1437 1268 1490 minua
1291 1453 1385 1490 acrem
1403 1453 1486 1505 quam
1506 1434 1669 1488 diuturnum
1686 1433 1856 1505 suffecerint,
1883 1447 1936 1486 nee

236 1538 297 1573 eum
313 1520 473 1586 fumariola
493 1525 633 1591 quaedam
653 1525 713 1593 ejus
726 1524 985 1594 taleeylammarum
1000 1525 1071 1577 ictus
1098 1522 1195 1576 anima
1217 1523 1358 1576 dissoluta
1376 1531 1431 1589 eet,
1447 1522 1499 1575 sed
1518 1538 1620 1590 eorpus
1637 1528 1678 1574 est
1696 1519 1878 1572 condrictum
1899 1535 1936 1571 ac

236 1609 376 1672 suscitent,
396 1616 425 1659 ut
441 1610 588 1677 proximae
605 1610 688 1664 arbee
706 1617 756 1664 aut
773 1611 830 1663 iam
848 1610 944 1665 nullae
960 1618 1072 1678 exeunt,
1099 1610 1261 1678 depressum
1279 1609 1376 1662 anima
1396 1608 1501 1678 afflicti
1518 1614 1675 1661 remanente
1696 1607 1726 1658 in
1745 1605 1857 1674 nepotio
1877 1621 1935 1658 non

236 1700 285 1744 aut
298 1692 372 1745 idem
381 1694 435 1746 sibi
444 1696 479 1747 de
494 1695 540 1748 die
550 1696 682 1764 aperanti
710 1696 866 1750 Dissiliunt
878 1694 1073 1765 superbiesimi
1098 1694 1189 1761 aliter,
1214 1702 1298 1764 atque
1321 1697 1349 1750 si
1371 1694 1488 1762 corpori
1509 1712 1566 1746 non
1592 1694 1671 1758 foret
1696 1692 1799 1745 indita.
1837 1690 1936 1753 Quare

236 1784 341 1832 montes
359 1779 433 1847 iqnie
452 1780 618 1835 intrineecsts
629 1784 717 1847 foetu,
739 1791 765 1836 et
778 1784 855 1851 quod
873 1782 953 1836 nobis
968 1781 1074 1850 judicii
1094 1788 1244 1851 postquam
1260 1781 1474 1850 incorruptibile
1488 1797 1590 1850 corpur
1601 1779 1805 1846 insolubileque
1817 1792 1935 1846 accepe-

234 1867 448 1936 perpetuitatem
463 1867 580 1936 probat,
602 1884 662 1921 cum
684 1867 837 1936 dissiliant,
859 1887 920 1923 cum
938 1871 1070 1924 dmoren·
1097 1869 1143 1935 rit,
1163 1867 1235 1922 nihii
1248 1866 1386 1937 probibet,
1397 1868 1427 1920 in
1446 1868 1585 1933 infinitum
1599 1865 1738 1936 protendi
1750 1862 1934 1935 supplicium.

237 1957 292 2019 tur,
309 1969 451 2021 nunquam
463 1959 552 2006 tamen
564 1955 714 2022 finiuntur.
755 1954 825 2017 Quis
844 1955 910 2010 haec
927 1956 1069 2025 aupplieia
1097 1953 1271 2026 Augustinus
1290 1953 1307 2009 l.
1328 1958 1369 2008 21.
1389 1952 1424 2006 de
1444 1954 1495 2010 eir.
1516 1951 1568 2006 Dei
1587 1968 1648 2022 cap.
1666 1956 1697 2006 ὃς
1726 1951 1792 2004 Etsi
1819 1948 1935 2018 quaeri·

237 2037 349 2089 interim
371 2039 503 2092 mantium
530 2058 587 2093 non
602 2041 713 2109 judicii
735 2039 870 2095 minantia
899 2040 1070 2110 exemplaria
1097 2057 1166 2106 mue,
1186 2048 1278 2092 utrum
1292 2055 1401 2107 semper
1410 2039 1613 2107 poseitriuere,
1633 2038 1710 2106 quod
1722 2034 1806 2104 dolet,
1826 2042 1934 2088 eertum

237 2123 403 2191 deputabit!
422 2125 485 2194 quis
502 2126 645 2180 scbuillae
663 2128 735 2181 tales
752 2146 808 2183 nan
832 2128 930 2198 maqni
947 2126 1071 2196 alicujus
1097 2133 1187 2178 tamen
1195 2126 1527 2194 est,oiuereomne,quod
1536 2123 1933 2192 dolet,doloremqueomnem

238 2215 264 2261 et
275 2209 563 2279 inaeetirnabilissoci
574 2213 696 2266 missilia
714 2215 855 2283 quaedam
867 2222 892 2268 et
907 2213 1071 2268 eradaturia
1096 2211 1154 2265 niei
1169 2213 1200 2266 in
1215 2230 1248 2267 re
1266 2213 1372 2266 uiuente
1391 2228 1448 2264 ecee
1465 2229 1520 2265 non
1530 2227 1622 2280 poete.
1658 2210 1776 2263 Necesse
1794 2215 1834 2262 est
1854 2224 1933 2277 erqo,

231 2295 336 2364 jacula
355 2297 524 2351 concentieti
547 2297 680 2353 Minutius
698 2298 777 2354 Felix
798 2299 824 2354 d.
842 2299 876 2354 l.:
897 2300 975 2354 Sicut
992 2299 1070 2369 iqnea
1096 2306 1127 2352 ut
1144 2300 1220 2352 vivat
1238 2299 1350 2368 doleam
1376 2316 1431 2351 non
1451 2306 1490 2350 ert
1508 2312 1632 2365 ncceeee,
1656 2304 1687 2349 ut
1706 2296 1819 2351 occidat
1836 2294 1934 2362 dolor,

237 2379 346 2435 Aetnae
359 2390 384 2435 et
400 2382 513 2437 Vesuvii
529 2392 554 2437 et
574 2384 735 2439 ardentium
753 2385 853 2454 ubique
866 2386 1069 2455 terrarumsla·
1097 2385 1165 2453 quia
1183 2401 1234 2438 nec
1252 2401 1373 2456 corpora
1391 2384 1448 2437 uta
1471 2383 1605 2436 mortalia
1628 2390 1653 2436 et
1677 2383 1773 2451 utique
1790 2381 1934 2434 moritura

238 2474 322 2535 qrant
344 2485 393 2522 nec
416 2477 584 2537 crepantum
609 2469 650 2523 ita
669 2470 793 2539 poenale
812 2472 889 2525 illud
912 2471 1070 2526 incendium
1097 2471 1186 2525 omnir
1205 2471 1289 2526 dolor
1309 2471 1419 2524 occidit.
1462 2471 1497 2524 Ut
1514 2479 1605 2524 autem
1619 2471 1703 2524 dolor
1719 2468 1825 2538 aliquis
1837 2467 1935 2536 poerit

238 2570 294 2605 non
312 2555 424 2609 damnis
443 2556 604 2609 ardentium
620 2558 758 2627 pascitur,
774 2560 826 2611 aed
842 2560 955 2613 tneceea
972 2576 1070 2628 corpo·
1098 2559 1447 2626 occidere,illacausaest,
1458 2555 1934 2626 quoniamsiceetanimaconneea

236 2656 300 2692 rum
320 2640 491 2695 laceratione
509 2643 639 2700 nutritur⁴
673 2642 810 2699 Pacianus
828 2643 858 2699 in
872 2645 1017 2716 paraenesi
1034 2643 1069 2698 ad
1098 2645 1161 2698 truie
1191 2643 1320 2712 corpori,
1357 2650 1387 2696 ut
1418 2643 1532 2696 summis
1560 2643 1705 2698 doloribus
1736 2644 1818 2697 cedat
1846 2648 1934 2708 atque

238 2724 448 2796 poenitentiam:
466 2728 527 2782 Vim
542 2728 617 2798 iqnis
627 2729 780 2795 infernalia
794 2739 820 2784 et
835 2730 1071 2801 deprementibus
1098 2731 1235 2796 discedat,
1252 2729 1384 2799 quoniam
1403 2737 1428 2782 et
1453 2730 1518 2799 ipra
1536 2747 1672 2799 eompaqo
1687 2729 1872 2784 membrorum
1890 2736 1937 2787 at-¹

238 2813 391 2877 aeetimate,
404 2814 484 2880 cujus
498 2815 657 2873 fumariola
670 2817 809 2886 quaedam
821 2818 1072 2872 maaimoamontes
1098 2833 1151 2885 que
1175 2814 1303 2869 vitalium
1332 2815 1374 2869 eie
1401 2816 1514 2878 infirma
1543 2824 1597 2884 est,
1624 2822 1654 2868 ut
1681 2832 1741 2868 eam
1767 2815 1831 2882 eim,
1858 2829 1935 2883 quiae

237 2897 427 2951 subterraneis
442 2900 552 2968 iynibue
567 2901 731 2970 decoquunt.
761 2902 902 2957 Aeetuant
922 2903 1072 2969 indefeseis
1099 2919 1229 2971 maqnum
1243 2902 1428 2956 oeleummum
1448 2901 1573 2955 dolorem
1586 2900 1673 2966 jacit,
1691 2918 1747 2954 non
1767 2907 1849 2968 quecd
1870 2915 1933 2952 srae-

232 2983 416 3051 flammarum
435 2986 526 3054 plebis
546 2986 639 3039 Aetna
659 3001 683 3042 et
702 2988 883 3042 Lisaniculus
903 2996 927 3042 et
942 2987 1073 3044 Veturius
1098 2988 1193 3040 tinere.
1233 2988 1309 3040 Tunc
1332 2995 1424 3040 autem
1448 2987 1504 3040 tali
1521 2987 1637 3054 corpori
1655 2987 1750 3038 anima
1769 2993 1796 3038 et
1813 3002 1845 3038 eo
1865 3001 1932 3037 eon·

240 3066 409 3138 Campanus,
431 3080 457 3125 et
475 3090 530 3141 quo
549 3074 753 3142 nobisssy'udicii
776 3077 991 3144 perpetuitatem
1006 3094 1071 3145 pro·
1098 3081 1223 3127 nectatur
1242 3075 1336 3142 modo,
1361 3082 1391 3126 ut
1414 3073 1489 3127 illud
1511 3073 1651 3127 uinculum
1671 3071 1743 3124 sicut
1765 3071 1846 3124 nulla
1865 3078 1933 3123 term

239 3154 310 3219 bent,
329 3158 489 3226 dieeiliunt,
516 3161 697 3231 decorantur,
715 3179 764 3216 nec
782 3162 852 3216 ullie
870 3169 961 3215 tamen
974 3162 1074 3217 seculis
1097 3160 1178 3230 peria
1188 3159 1363 3229 lonqitudine
1375 3159 1501 3228 soluetur,
1513 3160 1554 3213 ita
1567 3160 1646 3215 nullo
1662 3159 1762 3213 dolore
1772 3165 1934 3226 rumpatur.

237 3242 381 3306 finiuntur.
419 3244 592 3316 Augustinus
611 3245 657 3303 lib.
677 3250 717 3301 21.
746 3246 780 3302 de
798 3247 872 3303 civit.
892 3246 945 3301 Dei
965 3264 1026 3319 cap.
1045 3253 1076 3309 ἀς
1100 3247 1224 3300 Proinde
1250 3247 1334 3300 etiam
1359 3247 1385 3299 ei
1412 3263 1479 3299 caro
1499 3265 1572 3299 nunc
1593 3246 1660 3299 talis
1677 3245 1757 3298 nulla
1777 3253 1832 3312 est,
1858 3261 1935 3314 quae

241 3325 362 3388 Quidam
381 3330 522 3382 notissimi
534 3331 652 3385 Siciliae
669 3341 781 3396 montet,
800 3333 850 3402 qui
867 3341 947 3387 tanta
965 3336 1073 3387 diutm-
1100 3350 1208 3387 eenwm
1227 3334 1337 3386 doloris
1353 3333 1466 3403 perpeti
1478 3333 1568 3404 possit
1585 3340 1751 3401 mortemque
1764 3349 1820 3384 non
1830 3333 1936 3400 poerit,

238 3414 327 3466 nitate
345 3415 478 3483 temporis
498 3423 580 3484 atque
597 3424 733 3471 uetustate
752 3435 840 3490 usque
857 3437 931 3473 nunc
952 3429 976 3474 et
996 3421 1074 3472 dein·
1100 3420 1153 3473 crit
1173 3427 1264 3473 tamen
1283 3427 1348 3472 tunc
1368 3419 1435 3472 talis
1451 3437 1527 3487 caro,
1548 3419 1642 3488 qualis
1655 3436 1728 3471 necne
1745 3427 1859 3482 noned,
1879 3417 1934 3472 sic-

239 3515 304 3568 ceps
326 3501 453 3569 flammis
482 3511 610 3555 aeetuant
643 3512 725 3573 atque
755 3506 858 3574 inteqri
881 3514 1074 3576 perseverant,
1100 3505 1211 3559 attalia
1230 3507 1283 3559 crit
1303 3514 1424 3571 etmors,
1443 3505 1536 3574 qualia
1551 3521 1692 3559 nuncnon
1707 3510 1811 3561 eeteto.
1834 3505 1935 3559 Atten-

239 3586 415 3640 aatisidonei
425 3594 507 3641 testea
518 3597 590 3659 sunt,
601 3607 657 3644 non
670 3609 757 3655 omne,
767 3595 845 3661 quod
857 3594 947 3660 ardet,
958 3593 1073 3662 absumi,
1100 3594 1171 3645 dunt
1190 3593 1241 3645 isti
1254 3593 1488 3653 contradictores,
1512 3592 1621 3644 nullam
1642 3605 1699 3644 esee
1717 3608 1791 3645 nunc
1810 3608 1936 3654 comm,

239 3671 267 3726 in
280 3672 552 3743 quemlocumvivos
565 3674 605 3730 aie
619 3682 832 3732 commentatur:
855 3677 1073 3732 Monteemultis
1100 3697 1172 3748 quae
1189 3679 1315 3733 dolorem
1332 3681 1399 3749 pati
1411 3680 1503 3749 poerit
1522 3687 1691 3749 mortemque
1710 3696 1767 3730 non
1782 3682 1885 3749 possit,
1909 3685 1937 3731 et

239 3758 269 3810 in
287 3759 357 3812 loeis
378 3761 493 3830 ardent,
519 3769 548 3814 ut
569 3763 662 3817 Aetna
686 3764 716 3816 in
736 3764 840 3818 Sicilia
862 3773 887 3819 et
913 3764 943 3816 in
970 3765 1072 3832 Hiera,
1100 3783 1155 3820 nan
1177 3768 1334 3832 attendunt,
1360 3773 1527 3819 cunctamen
1552 3764 1665 3833 aliquid
1683 3764 1754 3830 tale,
1780 3765 1857 3833 quod
1874 3781 1937 3818 cor-

240 3860 310 3913 quae
329 3845 396 3897 olim
418 3846 557 3902 Therasia
568 3866 659 3918 propa
679 3849 810 3903 Siciliam
837 3850 961 3904 Vulcano
979 3868 1072 3914 sacra,
1097 3867 1169 3920 pore
1193 3851 1286 3920 majue
1306 3852 1351 3904 rit.
1387 3850 1453 3920 Ipse
1479 3851 1582 3920 quippe
1602 3851 1726 3919 animus,
1749 3853 1832 3920 cujus
1846 3866 1937 3919 prae·

239 3929 269 3981 in
289 3947 346 3999 qua
365 3939 405 3984 est
423 3932 506 3985 callia
526 3941 678 3989 nocturnae
703 3952 830 3990 evomens
847 3938 993 4005 flammae,
1015 3946 1072 3991 tum
1099 3937 1190 3990 centia
1208 3954 1310 4005 corpus
1328 3937 1395 3990 uiuit
1414 3946 1439 3991 et
1458 3939 1578 4006 repitur,
1596 3945 1623 3991 et
1642 3937 1769 3993 dolorem
1791 3937 1855 4007 pati
1869 3945 1936 4005 pot-

239 4017 324 4069 etiam
339 4016 432 4071 Theon
446 4019 558 4072 ochema
574 4021 603 4074 in
618 4021 778 4090 Aethiopia,
796 4022 927 4076 Veeuvius
943 4023 974 4075 in
992 4025 1071 4078 Cam·
1100 4031 1152 4090 est,
1173 4030 1198 4075 ct
1215 4022 1361 4076 morinen
1379 4031 1478 4092 potest.
1505 4025 1580 4077 Ecce
1598 4024 1711 4077 inuenta
1730 4040 1776 4078 rea
1794 4029 1842 4085 est,
1861 4039 1937 4092 quae

233 4103 327 4170 pania
344 4111 369 4156 et
380 4104 468 4171 Lycia
485 4104 633 4161 Chimaera
651 4116 676 4160 et
689 4115 769 4160 trane
783 4108 916 4162 Herculis
930 4109 1073 4162 columnas
1099 4126 1159 4162 cum
1172 4126 1282 4162 sensum
1295 4109 1404 4162 doloris
1416 4108 1701 4179 habeat,immortalis
1712 4117 1769 4173 εει)
1781 4109 1832 4162 hoe
1845 4109 1937 4179 iqitur

238 4192 377 4257 quaedam
401 4195 545 4247 nectareis
576 4194 714 4247 incendiis
740 4197 906 4266 conspicua,
933 4197 1071 4264 quaedam
1100 4196 1152 4248 crit
1179 4202 1243 4247 tanc
1270 4194 1354 4249 etiam
1377 4195 1407 4247 in
1431 4195 1594 4264 corporibus
1617 4197 1829 4263 damnatorum,
1855 4197 1939 4266 quod

239 4277 359 4341 diremtio,
380 4277 435 4330 alii
453 4280 614 4334 ardentium
632 4281 740 4346 faciem
759 4284 920 4351 ostendunt,
944 4289 975 4335 ut
985 4283 1073 4351 juata
1099 4297 1171 4334 nunc
1196 4297 1254 4333 cese
1270 4281 1372 4333 ecimue
1390 4281 1420 4332 in
1438 4281 1540 4333 animis
1559 4283 1680 4335 omnium
1697 4290 1749 4337 etc.
1778 4281 1813 4336 Si
1830 4297 1896 4349 erqo
1915 4298 1937 4334 a

238 4361 395 4430 qumaeos
414 4372 439 4417 ct
457 4383 548 4435 prope
564 4368 701 4436 Sybrataa
720 4368 749 4420 in
761 4367 878 4436 Africa.
916 4369 942 4434 ³)
962 4369 988 4422 A
1000 4369 1072 4436 son·
1099 4368 1198 4422 dolore
1216 4375 1409 4437 arqumentum
1427 4375 1500 4421 reete
1519 4376 1674 4422 tundetur
1693 4370 1735 4421 ad
1751 4376 1879 4435 mortem,
1903 4376 1936 4421 ut

238 4448 310 4502 tibus
334 4449 468 4515 sulfureis
495 4471 550 4506 non
580 4455 780 4524 deficientibus.
831 4453 971 4508 Parianus
996 4456 1023 4512 d.
1044 4455 1073 4510 l.:
1099 4455 1163 4508 ideo
1188 4471 1263 4509 mors
1276 4456 1368 4523 possit
1388 4454 1533 4523 accidere,
1557 4455 1625 4523 quic
1642 4454 1737 4523 potuit
1760 4454 1891 4508 accidere
1908 4461 1936 4508 et

238 4534 302 4603 lpai
319 4536 375 4588 sibi
393 4539 539 4591 materiam
559 4541 771 4594 recreeoentium
791 4558 939 4610 corporum
955 4551 1072 4611 reparat
1100 4540 1192 4609 dolor,
1211 4541 1301 4608 maqis
1321 4542 1363 4594 ad
1380 4541 1501 4593 animam
1514 4540 1666 4609 pertineret
1683 4540 1769 4608 mori,
1792 4541 1936 4608 adquam

238 4620 313 4688 iqnis
333 4629 471 4679 aeternus.
500 4623 650 4693 Attendite,
667 4627 695 4679 ei
716 4643 770 4681 non
790 4627 915 4696 creditit,
934 4645 1072 4696 aquarum
1099 4629 1190 4695 maqir
1199 4629 1320 4697 pertinet
1337 4636 1363 4681 et
1373 4627 1478 4680 dolere.
1510 4624 1579 4679 Oum
1592 4642 1657 4680 uero
1671 4625 1733 4688 ulla,
1753 4641 1825 4695 quae
1842 4625 1936 4694 mapie

238 4707 364 4775 impetus,
382 4709 432 4777 qai
447 4710 558 4779 iqnibus
574 4712 657 4781 furit,
675 4712 817 4781 supplicio
837 4714 975 4769 nutriente
989 4729 1072 4783 repa·
1100 4714 1196 4767 dolere
1212 4721 1313 4782 potest,
1331 4732 1386 4768 non
1400 4713 1492 4782 poerit
1505 4711 1585 4780 mori,
1606 4712 1676 4782 quid
1695 4713 1827 4766 momenti
1842 4714 1937 4784 affert,

238 4793 355 4850 rabitur.
395 4799 421 4863 4)
438 4795 484 4849 Ab
501 4799 670 4853 animalibus
688 4801 718 4853 in
736 4801 799 4867 iqne
817 4801 977 4856 uiuentibus.
1015 4802 1072 4854 Au·
1100 4816 1151 4853 eur
1169 4797 1222 4854 illa
1241 4818 1378 4870 corpora,
1404 4801 1537 4868 quoniam
1557 4801 1665 4871 sutura
1690 4806 1753 4852 sunt
1777 4799 1809 4852 in
1830 4799 1940 4853 dolori·

238 4879 366 4949 wtiuua
383 4881 430 4935 lib.
451 4888 493 4939 21.
510 4885 546 4938 de
563 4885 639 4946 civit.
658 4885 712 4940 Dei
728 4903 789 4957 cap.
808 4890 843 4940 2:
875 4886 945 4941 Sunt
965 4889 1072 4941 anima·
1100 4887 1162 4954 bus,
1186 4888 1271 4940 etiam
1294 4886 1432 4939 moritura
1455 4887 1626 4940 credamus!
1663 4883 1765 4940 Confer
1791 4901 1851 4957 eap.
1869 4893 1894 4945 «1.
1915 4891 1939 4942 5.

238 4966 421 5036 liaprofecto
435 4971 642 5040 corruptibilia,
657 4973 724 5041 quia
738 4973 880 5043 mortalia,
893 4990 964 5044 quae
980 4982 1072 5027 tamen
1100 4977 1125 5027 6.
1153 4978 1181 5027 et
1208 4978 1232 5031 t.
1259 4972 1286 5025 in
1313 4970 1414 5043 quibua
1437 4972 1524 5026 multa
1552 4977 1669 5028 naturae
1700 4972 1836 5027 miracula
1863 4989 1939 5029 eom·

239 5051 268 5105 in
296 5054 397 5107 caeditis
421 5056 531 5124 iqnibue
548 5054 658 5127 uiuunt,
679 5058 845 5113 nonnullum
876 5061 962 5114 etiam
986 5079 1073 5131 qenua
1100 5064 1241 5123 memorat,
1260 5075 1375 5129 quorum
1385 5058 1525 5114 sufficiens
1535 5060 1605 5113 ratio
1614 5057 1670 5113 elia
1681 5058 1760 5115 reddi
1773 5077 1829 5114 non
1842 5065 1939 5130 potest

238 5141 370 5193 vermium
392 5141 422 5195 in
446 5161 584 5212 aquarum
607 5145 768 5198 calidarum
794 5147 970 5216 sectariqine
995 5164 1072 5216 repe·
1100 5144 1153 5199 nisi
1176 5145 1301 5199 voluntas
1319 5145 1493 5217 omnipotens
1518 5145 1658 5200 creatoris.
1695 5145 1816 5201 Habebit
1835 5146 1938 5218 (iuquit

237 5225 320 5288 riter,
333 5243 453 5295 quarum
465 5229 607 5293 feruorem
621 5230 734 5300 impune
748 5249 826 5287 nemo
845 5240 1007 5299 contrectat,
1027 5234 1074 5287 illi
1100 5248 1161 5302 cap.
1182 5233 1217 5296 t.)
1242 5240 1307 5285 tune
1332 5231 1388 5286 ieta
1411 5233 1507 5287 carnia
1532 5232 1691 5286 subatantia
1719 5231 1885 5302 qualitatem
1902 5234 1936 5287 ab

238 5319 330 5364 autem
348 5332 403 5366 non
420 5316 511 5369 solum
528 5316 588 5372 eine
606 5316 669 5371 ulla
681 5318 728 5370 sui
740 5317 865 5373 laeeione
881 5319 922 5372 ibi
931 5327 1003 5388 eunt,
1022 5321 1073 5373 ssd
1099 5319 1150 5374 illo
1172 5319 1300 5383 inditam,
1321 5319 1371 5388 qui
1387 5328 1445 5373 tam
1463 5320 1552 5375 miras
1569 5327 1593 5375 et
1615 5320 1712 5374 uarius
1735 5326 1775 5373 tot
1793 5321 1877 5375 rebus
1895 5321 1934 5374 in·

239 5408 318 5454 extra
332 5419 390 5455 cese
403 5412 584 5472 nonpossunt
597 5409 649 5460 etc.
683 5404 717 5458 Si
730 5407 834 5471 dicant,
852 5406 920 5459 haee
933 5405 1072 5460 animalia
1100 5406 1183 5473 didit,
1203 5423 1272 5475 qstas
1291 5406 1423 5474 uidemus,
1442 5413 1473 5459 ut
1492 5423 1549 5471 eas,
1574 5407 1641 5474 quia
1660 5404 1764 5459 multae
1782 5413 1862 5476 eunt,
1881 5422 1936 5459 non
