4050 6014
147 258 223 327 ,330
821 244 1048 304 mauranus
1065 246 1213 305 SEXTUS

160 418 256 458 maru
277 402 426 472 peruenire
439 418 526 470 posse
542 402 757 470 beatitudiuem,
779 401 839 456 uisi
857 402 922 457 Deo
935 401 1000 470 pla·
1028 417 1055 456 r.
1077 405 1119 458 Ι1ι
1144 401 1212 457 Viuo
1228 401 1495 470 momolenus-test
1502 401 1674 470 peccatoris,
1691 400 1744 454 sed
1753 405 1864 477 utam·

161 497 232 554 esst,
251 497 279 543 st
296 490 362 543 Deo
377 489 513 542 nemiuem
527 489 646 558 placem
658 503 745 558 posse
760 487 820 541 uisi
833 503 890 559 per
906 488 999 550 iidem.
1027 494 1156 542 uertatur
1174 494 1200 544 et
1216 489 1293 543 amat
1310 489 1436 558 (aeterna
1453 486 1561 542 scilicet
1577 501 1611 543 sc
1627 485 1713 542 besta
1729 483 1760 539 in
1777 485 1864 540 coelis

162 574 335 645 smaragdus
351 574 382 629 in
398 590 459 644 cap.
472 578 496 630 8.
515 573 644 628 Roman:
662 573 823 628 &menn
839 575 917 642 quart
931 589 999 641 pro·
1026 572 1100 642 vita,
1123 573 1191 644 quis
1213 575 1249 629 de
1268 573 1319 630 tali
1336 574 1395 628 rita
1413 573 1521 645 agitur,
1537 576 1619 645 {quae
1637 571 1703 628 solis
1722 569 1864 626 conversis

159 662 255 732 posuit
275 678 332 715 sou
351 677 385 715 eu
404 661 535 730 operibus
545 660 618 729 lepis
629 675 681 714 uec
692 658 999 728 ispalibussaeririeiis,
1026 659 1179 729 competit).
1197 658 1263 716 loli
1284 666 1309 728 6,
1326 675 1352 713 r.
1367 664 1407 714 24.
1425 665 1514 712 Arses
1531 674 1613 713 amsa
1626 657 1796 720 ‹ties-sodis,
1815 655 1866 725 qui

160 749 213 802 ssd
230 748 295 802 sola
313 750 372 813 ride
387 755 415 801 st
434 748 583 815 saupuirris
602 748 648 801 sui
666 748 801 816 effusione
815 746 929 800 salvaro
946 762 999 798 uos
1025 760 1182 813 maaser
1204 760 1294 800 meum
1314 746 1398 798 audit
1415 753 1444 799 st
1467 746 1561 799 eredit
1579 746 1618 811 ei,
1645 745 1696 815 qui
1719 744 1797 798 misit
1813 758 1865 811 me,

156 833 701 903 pandunt,multomapisplorifioat
712 831 999 904 macerante
1025 829 1109 884 lrabet
1130 831 1218 886 uitam
1241 839 1387 886 actm
1410 836 1465 886 eto.
1496 830 1561 886 Joh.
1589 836 1613 900 6,
1640 847 1667 884 r.
1690 835 1737 887 st:
1772 830 1865 884 Arses

161 926 272 976 tractat.
297 920 331 976 de
352 919 444 991 justif.
467 920 491 991 5.
520 924 576 975 166.
602 917 651 973 ubi
672 919 756 989 plura
778 917 862 988 hujus
887 916 998 988 generis
1025 917 1333 986 caesarasunitis·
1347 917 1412 986 quis
1429 933 1587 971 emmonem
1597 934 1690 971 msam
1700 914 1864 978 remissit,

160 1004 238 1061 diota
263 1022 297 1061 ex
326 1005 468 1061 veteribus
496 1003 732 1072 enumeravimus,
758 1003 787 1058 in
816 1004 918 1076 quihus
946 1004 998 1059 soli
1025 1001 1140 1055 morters
1158 1020 1215 1057 uos
1233 1003 1340 1057 uidebit
1359 1003 1391 1056 in
1408 1011 1553 1056 wewam
1570 1000 1652 1067 (liber
1669 1002 1761 1057 erite
1775 1007 1864 1058 morte

160 1091 227 1147 fidei
245 1092 275 1146 in
289 1091 429 1146 Christum
445 1091 583 1163 justitiam
600 1097 628 1145 et
645 1090 731 1146 ritem
743 1096 885 1145 aeternam
900 1089 997 1144 asseri·
1024 1092 1184 1143 aeternare
1201 1087 1319 1160 proinde
1331 1094 1463 1144 aeternae
1476 1088 1574 1144 edatis
1586 1087 1746 1159 particeps).
1775 1088 1864 1160 Atqui

160 1177 239 1233 bunt
267 1177 369 1232 Refero
378 1177 433 1232 huc
444 1176 555 1248 insigne
565 1175 671 1231 dictum
679 1175 797 1230 Lutheri
808 1175 838 1230 in
849 1182 996 1233 comment.
1024 1171 1076 1227 hoc
1098 1176 1288 1244 juramentum
1314 1173 1438 1228 divinum
1460 1173 1668 1244 promissionem
1686 1173 1802 1230 immota
1819 1186 1862 1227 rs-

160 1281 185 1319 ο.
202 1269 245 1320 48.
266 1263 381 1320 Genu:
409 1265 503 1317 Teuta
523 1264 566 1317 uis
593 1271 635 1316 eet
653 1262 738 1329 fidei,
764 1278 836 1332 quas
854 1279 906 1316 eos
919 1261 997 1316 υἰυοι
1023 1257 1101 1313 tione
1121 1259 1268 1314 confirmat
1293 1264 1322 1315 et
1343 1258 1453 1314 ffimum
1468 1258 1535 1314 fidei
1556 1258 1676 1314 fulcrum
1691 1261 1862 1330 suppeditet,

159 1351 236 1413 fucit
260 1366 293 1404 ss
310 1352 436 1404 mortuis.
469 1350 514 1403 Ae
532 1365 600 1402 saue
618 1349 732 1417 sarpta
759 1349 845 1415 bora,
870 1362 928 1417 qua
955 1349 997 1401 iu·
1024 1342 1110 1399 Hehr.
1132 1350 1156 1415 6,
1174 1363 1198 1399 r.
1221 1351 1261 1402 11.
1297 1350 1322 1401 6.
1353 1348 1381 1399 A
1399 1354 1640 1400 sacramentorum
1656 1348 1787 1403 utilitato.
1817 1350 1862 1406 De

161 1437 284 1506 eipimm
293 1435 795 1504 crederestapprelteudcreoerburu,
808 1435 894 1488 etium
904 1435 997 1488 sinere
1024 1429 1168 1500 bsptismo
1184 1430 1286 1486 dieitur
1302 1431 1390 1486 Mare.
1412 1437 1452 1496 16,
1470 1450 1495 1486 v.
1517 1438 1561 1488 16:
1585 1433 1642 1495 Qui
1657 1435 1816 1490 crediderit
1836 1443 1862 1490 et

159 1522 310 1592 incipimus
327 1523 385 1575 os‘ta
405 1528 528 1588 werna,
547 1521 616 1589 quia
632 1521 744 1574 cubum
764 1521 884 1574 Domini
902 1528 997 1574 manet
1025 1517 1182 1585 baptisatus
1200 1517 1313 1585 fuerit,
1338 1517 1435 1572 salum
1462 1519 1525 1572 erit.
1563 1518 1628 1574 Joh.
1648 1523 1673 1585 t,
1693 1536 1719 1579 r.
1740 1528 1769 1577 ts
1794 1523 1864 1575 Nisi

159 1609 192 1662 iri
210 1615 362 1671 adamum
377 1614 403 1661 et
422 1609 509 1669 Deus,
532 1607 583 1675 qui
597 1606 724 1675 loquitur
738 1606 889 1670 comesum,
906 1612 995 1659 aeter·
1024 1603 1087 1672 quis
1106 1611 1223 1657 renatus
1236 1605 1377 1673 fueriteu
1391 1621 1470 1673 apua
1482 1611 1508 1658 et
1526 1604 1646 1675 Spiritu,
1664 1623 1721 1661 ucri
1740 1607 1861 1662 intrabit

159 1710 212 1746 uus
229 1700 272 1746 est
291 1701 316 1746 et
335 1682 479 1746 uobiscum
492 1692 547 1745 erit
561 1698 710 1761 perpetuo.
802 1729 807 1739 .
1023 1691 1054 1744 is
1078 1705 1194 1759 repuum
1219 1690 1369 1744 coelorum.
1405 1689 1481 1761 Ergo
1505 1691 1678 1746 econtrario
1699 1707 1792 1755 sensu,
1813 1693 1862 1764 qui

193 1782 237 1834 46.
265 1775 425 1835 Notandum
452 1775 599 1844 hocloco,
620 1783 645 1832 1.
668 1777 744 1832 diota
768 1777 941 1848 Scriptum,
967 1777 996 1832 in
1023 1791 1074 1845 per
1102 1774 1272 1845 baptismum
1297 1780 1411 1830 renatus
1428 1775 1526 1843 tuerit,
1551 1776 1668 1832 intrabit
1693 1777 1721 1831 in
1740 1794 1860 1850 regnum

160 1863 263 1934 quibus
280 1862 425 1918 credentes
444 1863 474 1916 in
494 1862 635 1918 Christum
654 1863 784 1918 dicuntur
800 1862 876 1917 besti
896 1879 931 1919 so
947 1863 994 1917 he
1023 1863 1172 1917 coelorum.
1208 1861 1265 1916 Tit
1286 1866 1310 1930 3,
1330 1878 1357 1914 ι.
1378 1869 1407 1917 6ι
1433 1861 1536 1916 &loos
1555 1879 1608 1916 nos
1618 1863 1694 1931 feeit
1707 1879 1763 1934 per
1782 1865 1862 1919 lars·

159 1949 239 2005 redes
250 1950 324 2004 vitae
337 1949 994 2020 aeternus,distinguendaessesbillisSeriptu·
1023 1947 1398 2017 erumrepeueratiosisetc
1429 1947 1539 2003 1.Petr.
1552 1950 1577 2016 6,
1594 1964 1621 2003 r.
1643 1954 1690 2006 21:
1707 1949 1860 2019 Buptr'srrra

159 2050 208 2090 rso
234 2035 329 2099 dictis,
352 2034 382 2090 in
405 2034 507 2106 quibus
529 2034 605 2090 beati
628 2034 772 2100 dicuntur,
792 2036 841 2107 qui
855 2037 993 2106 justitiam
1022 2051 1074 2087 aas
1091 2034 1192 2087 salem.
1226 2032 1260 2086 In
1277 2049 1359 2087 saera
1375 2049 1461 2088 eoens
1478 2033 1605 2089 cibemur
1623 2050 1735 2105 corpore
1754 2043 1861 2092 etssm

43 2144 49 2149 ·
158 2119 276 2188 faciunt,
287 2121 453 2175 miserentur
466 2120 606 2190 pauperis,
619 2122 838 2190 persecutionem
850 2122 995 2176 sustinent,
1022 2119 1108 2190 guina
1136 2117 1247 2183 Christi,
1272 2123 1304 2172 ιιι
1324 2118 1392 2174 certi
1411 2119 1574 2186 reddamur,
1594 2121 1631 2175 sd
1651 2138 1702 2175 nor
1719 2124 1861 2192 pertinere

158 2206 192 2261 ln
220 2205 276 2260 illis
299 2205 374 2262 enim
395 2205 577 2261 beatitudinis
599 2214 627 2261 et
647 2205 749 2260 salutis
770 2224 872 2271 musa,
898 2207 928 2260 in
951 2206 996 2261 his
1023 2203 1174 2273 beneficis,
1199 2220 1272 2276 quse
1297 2203 1424 2260 Christus
1447 2205 1597 2260 traditione
1623 2207 1667 2260 sni
1688 2208 1814 2279 corporis
1832 2215 1862 2266 et

158 2308 224 2348 vero
249 2291 445 2347 salvandorum
463 2292 588 2361 quatita
607 2291 787 2358 describitur,
815 2299 848 2347 nt
871 2293 900 2347 in
914 2299 996 2349 tract.
1023 2288 1157 2344 effusione
1179 2290 1222 2344 sui
1241 2279 1386 2360 sariguinis
1409 2290 1490 2346 nobis
1509 2292 1676 2361 promeruit,
1698 2308 1771 2364 quae
1795 2303 1862 2350 suut

38 2378 82 2423 xx,
97 2378 145 2422 ³⁰⁰·
159 2378 195 2433 ds
225 2377 315 2450 justit.
352 2377 461 2449 plenior
492 2378 645 2433 docuimus.
699 2383 738 2432 2.·
759 2378 857 2433 iidem
888 2379 996 2434 salvare
1023 2384 1200 2446 peecatorum
1222 2376 1354 2445 remissio,
1370 2377 1482 2448 justitia
1502 2384 1530 2432 et
1546 2379 1861 2437 nussum-Confer

159 2482 217 2521 nou
242 2465 401 2527 meritoris,
430 2464 480 2518 sed
506 2464 766 2534 immortaliter,
796 2465 863 2535 quis
888 2465 997 2520 scilieet
1022 2462 1410 2531 mamistanensem.
1449 2469 1474 2519 4.
1502 2465 1549 2517 Ea
1567 2465 1694 2534 Spiritus
1716 2468 1809 2520 saue&
1830 2468 1861 2521 irs

159 2551 301 2607 Christum
325 2557 354 2606 et
381 2551 410 2605 in
424 2550 534 2605 Christo
563 2550 650 2604 vitam
675 2556 817 2605 aeternam
841 2551 995 2622 apprehen·
1023 2548 1155 2601 eor-dibus
1170 2549 1347 2611 testificantis
1367 2549 1491 2605 vedaste.
1524 2550 1650 2618 Spiritus
1668 2553 1766 2605 reddit
1781 2554 1861 2606 testi·

160 2637 211 2705 dit,
230 2654 287 2692 non
303 2637 370 2708 quis
385 2635 457 2690 tenti
472 2636 547 2706 apud
560 2635 651 2690 Deum
665 2635 757 2690 meriti
770 2637 814 2704 eit,
834 2642 867 2690 ut
882 2643 997 2708 propter
1023 2634 1147 2688 morium
1168 2635 1284 2703 spiritui
1304 2642 1414 2704 ιιοιιιο,
1443 2638 1522 2705 quod
1544 2636 1631 2688 simus
1653 2637 1711 2701 filii
1735 2637 1808 2707 Dei,
1834 2639 1863 2692 si

160 2739 221 2778 enm
242 2723 320 2778 Deus
344 2721 470 2778 homines
493 2720 589 2777 salvet.
632 2727 655 2776 3.
685 2721 781 2776 Fidem
807 2721 853 2776 hie
877 2722 995 2794 intelligi
1023 2729 1116 2776 autem
1128 2722 1201 2791 filii,
1227 2722 1323 2791 utiprre
1342 2728 1368 2775 et
1385 2723 1503 2776 herem
1521 2721 1600 2780 Rom.
1619 2726 1644 2792 6,
1663 2736 1697 2779 ἰ.
1712 2728 1750 2780 16.
1769 2729 1799 2779 et
1820 2731 1861 2781 11.

158 2826 270 2877 ceram,
292 2809 398 2871 viram,
425 2809 584 2874 fffieacem,
610 2822 682 2877 quae
707 2821 758 2877 per
774 2806 949 2864 dilectionem
968 2815 997 2865 et
1024 2807 1148 2878 Spiritus
1161 2815 1201 2863 est
1214 2808 1338 2862 arrlrato
1347 2808 1513 2862 hereditatis
1522 2816 1635 2863 uestrae
1650 2809 1721 2881 Eph.
1742 2815 1765 2876 1,
1783 2827 1808 2867 r.
1821 2816 1861 2867 14.

159 2894 234 2951 bons
258 2910 343 2966 opera
368 2911 429 2949 sese
454 2893 570 2962 exserit,
600 2910 656 2948 non
679 2899 772 2948 autem
793 2895 904 2949 inanem
930 2895 995 2951 fidei
1022 2912 1077 2964 pua
1094 2893 1202 2962 sipuati
1219 2911 1313 2947 sumus
1327 2895 1456 2963 usquein
1468 2896 1544 2948 diem
1557 2897 1741 2950 redemtionis
1757 2913 1818 2969 cap.
1834 2904 1860 2963 4,
1874 2905 1918 2949 xx.
1931 2907 1980 2953 sol.

158 2981 374 3052 parmenionem,
391 2978 492 3034 falsam
505 2977 606 3033 deiide
619 2977 812 3049 gioristioueur
829 2979 995 3035 etinsnime
1022 2978 1047 3034 r.
1067 2985 1109 3036 66.
1147 2986 1171 3034 5.
1197 2981 1242 3032 At
1260 2981 1450 3034 mauditicnis
1465 2979 1625 3050 promissas
1642 2981 1858 3049 infallibilitate.

158 3067 224 3124 fidei
242 3067 368 3121 cadaver.
406 3072 431 3122 4.
458 3065 538 3121 Sicut
557 3064 663 3135 absque
682 3064 794 3119 Christo
811 3066 914 3119 nemini
933 3073 996 3137 post
1021 3066 1147 3120 Petimus
1172 3064 1354 3131 intioratione
1382 3064 1544 3131 Dominlcn,
1576 3068 1713 3122 adueniat
1740 3085 1859 3138 repauso

159 3153 269 3224 lapsum
286 3151 424 3222 contingit
440 3151 524 3215 salus,
544 3151 585 3205 ita
603 3167 713 3222 quoque
725 3150 833 3222 ubsque
847 3151 903 3206 fide
915 3151 994 3207 Chri·
1020 3161 1105 3206 tuum.
1133 3150 1197 3206 ,lam
1217 3167 1282 3205 vero
1302 3150 1437 3222 quidquid
1457 3152 1486 3206 iu
1506 3153 1616 3207 nomine
1638 3152 1741 3208 Christi
1760 3171 1858 3211 secun

159 3245 233 3294 stum
263 3236 490 3308 apprehendente
514 3237 651 3291 neminem
675 3236 777 3290 salvari
797 3253 893 3306 posse,
920 3239 994 3309 quod
1021 3240 1086 3292 dum
1104 3237 1158 3292 Dei
1181 3238 1354 3292 voluntatem
1371 3236 1501 3307 petimus,
1519 3237 1633 3292 dubitor
1650 3239 1739 3307 nobie,
1758 3241 1858 3298 histth.

159 3323 356 3395 opponendum
381 3321 450 3389 illis,
475 3322 523 3392 qui
548 3321 705 3377 sanioribus
723 3323 874 3393 gentilibus
892 3322 948 3377 fide
964 3323 994 3378 in
1023 3329 1063 3392 18,
1080 3341 1105 3379 v.
1127 3328 1167 3378 19.
1196 3322 1260 3377 Joh.
1278 3328 1316 3388 16,
1335 3327 1418 3378 uli.
1436 3327 1488 3381 eto.
1519 3329 1544 3378 6.
1563 3325 1590 3378 A
1607 3341 1690 3379 uerae
1704 3328 1776 3390 fidei
1788 3344 1859 3399 pro·

158 3409 298 3465 Christum
311 3409 450 3463 destitutis
460 3407 579 3462 salutem
589 3408 750 3462 asscribunt
766 3424 799 3463 ae
814 3409 861 3478 qui
874 3408 993 3464 infantes
1019 3411 1148 3480 prierato.
1184 3408 1268 3462 Fides
1288 3408 1473 3479 apprehendit
1492 3408 1632 3465 Christum
1651 3418 1680 3465 ιιι
1698 3411 1727 3466 in
1746 3411 1858 3471 Christo

157 3494 314 3565 baptizetur
339 3494 452 3549 credere
479 3498 599 3564 negant,
632 3493 743 3548 eosdem
771 3500 864 3549 tumen
892 3494 994 3549 salvari
1021 3497 1106 3551 eitam
1126 3500 1281 3558 aeternam,
1298 3497 1367 3564 pura
1384 3497 1464 3549 Deus
1489 3497 1570 3549 dedit
1591 3497 1673 3551 uotis
1693 3500 1784 3552 citam
1812 3517 1858 3554 ae·

158 3580 322 3635 concedunt
355 3585 379 3635 6.
398 3578 432 3632 ln
452 3579 548 3634 ordine
560 3595 659 3634 causse
673 3579 892 3635 instrumentalis
909 3581 994 3637 iidem
1020 3591 1136 3648 ternam,
1163 3590 1189 3636 et
1206 3581 1274 3635 iaec
1293 3581 1353 3634 uita
1371 3587 1413 3634 est
1436 3582 1466 3633 iu
1483 3583 1546 3650 ejus
1562 3583 1658 3647 Fato,
1682 3585 1733 3653 qui
1749 3585 1859 3640 Ρίιίιιιιι

159 3682 215 3721 non
234 3665 338 3736 opponi
359 3664 446 3719 verbo
463 3664 602 3735 evangelii
618 3672 648 3720 et
667 3665 861 3731 moramentis,
879 3667 929 3720 sed
946 3684 993 3737 po-
1020 3669 1116 3734 iatet,
1139 3668 1165 3720 is
1182 3667 1269 3720 eitam
1286 3666 1369 3720 iudet
1389 3671 1412 3721 1.
1433 3665 1496 3721 Joh.
1516 3674 1545 3733 5,
1570 3684 1597 3720 ι.
1617 3673 1655 3724 11.
1674 3673 1702 3723 et
1721 3674 1761 3725 12.
1782 3671 1859 3741 Scio,

157 3753 214 3806 tius
226 3752 361 3807 eorrelste
372 3751 410 3804 ud
425 3751 524 3805 eadem
537 3750 642 3807 referri.
670 3751 743 3807 Nam
761 3751 891 3808 incerto
911 3769 993 3807 evan·
1019 3753 1111 3825 inquit
1126 3752 1217 3808 lobus
1236 3768 1261 3806 c.
1284 3756 1322 3819 16,
1340 3769 1366 3811 r.
1387 3756 1428 3807 26.
1456 3755 1533 3821 quod
1550 3753 1664 3807 oisrerm
1680 3755 1733 3808 sim
1753 3757 1856 3813 Deum.

158 3838 226 3909 getii
243 3834 327 3892 offert
350 3837 429 3891 nohis
449 3836 526 3891 Dens
551 3837 782 3892 inaestimabilem
800 3836 878 3893 iilum
896 3839 993 3894 salutis
1022 3841 1122 3897 Certus
1145 3856 1218 3902 sum,
1249 3838 1292 3892 ait
1323 3837 1467 3907 spostolus
1497 3837 1576 3895 Rom.
1598 3844 1621 3906 6,
1657 3858 1682 3895 v.
1707 3844 1750 3898 66.
1779 3847 1858 3914 quod

158 3924 320 3980 thesaurum
338 3939 372 3977 ue
390 3939 441 3993 per
458 3923 526 3977 illud
546 3923 637 3993 ipsum
658 3922 773 3978 verbum
794 3924 929 3996 evangelii
948 3943 993 3981 ac·
1019 3941 1166 3980 mamers
1185 3925 1326 3986 occuito,
1348 3940 1399 3977 aee
1424 3925 1525 3987 fultura
1547 3941 1598 3978 use
1614 3928 1780 3995 praesentia
1801 3935 1854 3987 oto,

158 4011 276 4067 cedente
288 4008 408 4080 Spiritus
426 4009 516 4064 saneti
535 4010 696 4079 operatione
713 4009 796 4063 iidem
814 4009 843 4064 in
865 4011 993 4066 cordibus
1018 4027 1155 4081 separare
1184 4027 1237 4064 soe
1260 4010 1371 4078 possint
1394 4026 1416 4061 a
1439 4009 1590 4063 dilectiores
1615 4013 1686 4081 Dei,
1719 4030 1793 4082 quas
1817 4024 1858 4070 est

160 4096 262 4152 nothis
290 4101 435 4167 operatur,
471 4110 556 4166 quem
576 4110 627 4163 per
652 4111 733 4148 usum
759 4101 992 4151 sacramentorum
1020 4098 1050 4150 iu
1078 4096 1198 4150 Christo.
1241 4101 1265 4150 2.
1291 4094 1365 4150 'lina
1398 4099 1420 4160 1,
1444 4111 1470 4147 v.
1495 4099 1541 4150 12:
1567 4095 1643 4161 Seio,
1667 4098 1715 4150 esi
1735 4102 1858 4157 credidi.

158 4188 252 4252 suget,
269 4180 414 4237 confirmat
432 4187 460 4236 ct
477 4181 616 4251 obsignat,
636 4196 708 4249 quae
727 4181 819 4234 omnis
835 4181 864 4235 in
882 4182 993 4251 negotio
1023 4189 1043 4239 1.
1059 4182 1123 4238 Joh.
1140 4186 1163 4248 3,
1183 4198 1209 4236 r.
1229 4187 1274 4236 tt:
1311 4179 1431 4250 Scimus,
1455 4183 1533 4250 quod
1554 4183 1693 4237 translati
1707 4201 1804 4239 sumus
1820 4189 1858 4241 de

158 4267 255 4323 edatis
274 4274 385 4324 nostrae
404 4266 571 4322 amicissime
591 4266 759 4336 conspirant.
785 4271 811 4322 6.
830 4266 930 4322 Fidem
948 4267 993 4321 hie
1019 4275 1108 4323 marte
1127 4269 1159 4321 iu
1170 4266 1266 4321 edam
1300 4274 1321 4322 1.
1332 4267 1398 4322 doh.
1413 4274 1438 4335 6,
1454 4284 1480 4320 ι.
1496 4272 1542 4324 13:
1563 4269 1643 4321 Haec
1653 4270 1760 4338 scripsi
1770 4273 1858 4340 uotis,

157 4353 277 4424 intelligi
294 4361 532 4425 perseuerantem,
562 4352 592 4407 in
615 4369 673 4424 qua
697 4359 726 4407 et
750 4369 816 4406 cum
838 4370 896 4424 qua
912 4354 993 4408 homo
1019 4363 1050 4408 ut
1068 4355 1174 4420 emath,
1193 4371 1243 4407 uos
1260 4354 1347 4406 uitam
1364 4354 1480 4422 tabere,
1504 4356 1553 4423 qui
1570 4354 1689 4410 creditis
1707 4356 1737 4410 iu
1757 4373 1857 4412 aarum

157 4455 192 4494 ex
217 4438 271 4492 hso
297 4439 356 4493 rita
382 4438 510 4494 dimedit.
554 4439 609 4503 Qui
636 4439 711 4492 enim
738 4437 823 4493 iidem
850 4454 884 4494 ex
909 4438 993 4494 rerba
1019 4440 1094 4494 lilii
1112 4441 1177 4494 Dei.
1211 4438 1277 4494 ,Iam
1302 4456 1367 4494 vero
1386 4439 1458 4493 seire
1477 4454 1511 4493 sc
1535 4445 1642 4494 certum
1661 4455 1721 4510 esse
1736 4457 1794 4497 non
1814 4446 1858 4498 est

158 4523 297 4595 evangelii
315 4542 365 4594 per
381 4525 501 4594 Spiritus
518 4525 608 4580 sancti
625 4526 815 4596 operationem
831 4530 993 4596 conceptam
1020 4525 1169 4597 ambigere,
1189 4525 1327 4592 dubitare,
1344 4525 1480 4580 fluctuare
1499 4533 1550 4581 ete.
1582 4527 1638 4589 Qui
1657 4527 1687 4581 iu
1702 4530 1857 4584 Demiuruu

157 4610 278 4679 emittit,
300 4610 322 4664 is
347 4611 440 4679 grstia
459 4611 512 4665 Dei
536 4617 564 4665 et
584 4626 634 4681 spe
653 4611 729 4666 ritae
747 4619 877 4668 aeternae
894 4612 994 4668 iterum
1019 4621 1144 4681 φοι-(ιιι,
1167 4630 1223 4666 uon
1246 4613 1461 4678 confunduntur
1485 4610 1587 4665 Pselm.
1606 4616 1648 4680 22,
1666 4630 1693 4667 r.
1710 4620 1736 4669 6.
1754 4614 1858 4672 Psslm.

157 4695 268 4762 excidit,
289 4695 511 4750 utintract.de
530 4695 741 4767 bonoperibus
761 4702 993 4770 6114686611·
1018 4703 1062 4762 25,
1089 4703 1158 4754 ι.2
1190 4697 1294 4752 Psalm.
1313 4703 1356 4764 62,
1377 4712 1405 4750 ιι
1425 4700 1448 4752 6.
1482 4696 1562 4752 Rom.
1584 4704 1610 4766 6,
1628 4715 1655 4753 ι.
1676 4705 1699 4754 6.
1738 4706 1760 4756 1.
1782 4702 1858 4759 l'etr.

157 4782 253 4837 multis
269 4780 446 4837 ostendimus.
1020 4788 1045 4847 2,
1064 4800 1090 4836 r.
1111 4789 1134 4839 6.
1155 4789 1207 4838 ιιι.
1231 4798 1298 4854 ergo
1317 4780 1425 4835 nullam
1444 4779 1549 4837 habeut
1568 4783 1715 4839 dubitandi
1732 4800 1855 4842 esuum.
1911 4831 1914 4836 .

24 4878 129 4919 roam·
192 4874 235 4924 41.
271 4868 405 4922 Por-ieme
432 4865 514 4936 hujus
539 4867 699 4922 assertionis
722 4874 796 4934 esto,
828 4870 904 4940 quod
929 4887 993 4926 vers
1021 4876 1044 4926 1.
1069 4870 1097 4925 A
1113 4870 1172 4923 Dei
1190 4869 1325 4935 6666616,
1349 4867 1487 4934 fidelitate
1510 4885 1544 4923 ue
1560 4878 1707 4939 potestas.
1741 4871 1797 4927 Hic
1814 4879 1858 4929 est

20 4940 144 5023 „⁸,¹,„,⁰,‡,¹2{,³
157 4955 336 5008 credentibus
358 4952 389 5005 iu
415 4951 557 5005 Christum
590 4971 646 5007 uon
671 4955 709 5007 ιιι
736 4957 772 5009 de
794 4955 853 5008 rita
876 4964 993 5011 estana
1018 4954 1160 5010 tuniculas
1177 4954 1226 5009 ille
1245 4954 1355 5024 triplex,
1373 4954 1423 5024 qui
1440 4970 1582 5023 nunquam
1598 4955 1743 5027 rumpitur.
1769 4957 1857 5023 Deus,

20 5033 142 5127 fflffl·
156 5039 354 5093 duddandum.
396 5035 552 5092 Prohsmus
577 5036 631 5091 hoc
652 5045 674 5094 1.
698 5056 718 5091 a
735 5039 852 5094 &athas
867 5044 992 5110 promis-
1019 5041 1068 5111 qui
1085 5039 1203 5096 salutem
1222 5039 1302 5095 nobis
1316 5039 1457 5110 promisit,
1475 5040 1579 5104 bouus,
1596 5040 1687 5096 tidelis
1705 5058 1739 5098 ue
1756 5051 1857 5114 potens

51 5113 83 5204 ,'
154 5126 248 5179 simis
269 5125 411 5189 firmitate.
458 5129 480 5178 1.
504 5121 567 5179 doh.
592 5128 617 5189 2,
638 5140 665 5178 ι.
689 5129 736 5180 25:
761 5127 842 5180 Haec
862 5135 903 5181 set
922 5143 993 5195 pro·
1019 5132 1070 5194 est,
1092 5141 1158 5196 ergo
1178 5125 1314 5196 promissa
1328 5143 1380 5182 sua
1394 5127 1532 5198 complere
1551 5127 1653 5197 poterit
1670 5133 1724 5184 ets
1745 5134 1768 5185 1.
1781 5129 1857 5186 Pstr.

156 5211 269 5277 mettio,
289 5228 374 5281 quam
392 5209 543 5279 pollicitus
561 5217 604 5262 est
619 5209 714 5279 sodis,
734 5211 821 5264 edam
839 5202 1006 5267 aarum}
1021 5219 1044 5278 1,
1062 5229 1088 5269 ιι.
1108 5218 1138 5268 5:
1162 5212 1272 5266 Virtute
1289 5214 1351 5266 Dei
1366 5230 1423 5283 per
1449 5215 1532 5277 fidem
1555 5215 1733 5267 custodimur
1750 5216 1792 5268 asi
1808 5231 1856 5271 ta·

157 5297 224 5352 dum
248 5313 329 5365 vero,
355 5296 404 5368 qui
425 5295 480 5352 hoc
500 5293 639 5366 promisit,
662 5294 757 5350 fidelis
776 5301 820 5353 est
843 5314 876 5353 ac
899 5314 992 5353 rerer.
1018 5299 1111 5353 tatem.
1147 5297 1306 5368 Cyprianus
1325 5316 1404 5355 serm.
1423 5299 1459 5354 de
1475 5300 1585 5354 morial.
1603 5304 1671 5355 seat.
1690 5303 1721 5356 2:
1740 5299 1780 5354 Si
1791 5316 1856 5357 esre

156 5382 233 5454 Ergo
259 5381 433 5453 promissioni
457 5380 524 5436 huic
541 5380 600 5437 lide
619 5381 735 5436 immota
752 5380 879 5439 insirtere
895 5399 993 5455 possu-
1018 5385 1048 5437 iri
1067 5385 1162 5438 Deum
1180 5385 1288 5450 credis,
1313 5402 1363 5439 ear
1391 5402 1447 5438 nen
1470 5401 1532 5438 eum
1556 5383 1669 5438 Christo
1694 5389 1811 5450 trum
1828 5393 1857 5440 et

156 5483 227 5524 mue.
265 5471 289 5523 2.
308 5466 335 5520 A
346 5468 509 5535 juramenti
526 5467 618 5524 diuini
632 5466 800 5522 stabilitate.
833 5469 931 5525 Fssoh.
949 5470 992 5540 66,
1018 5471 1055 5525 dt
1074 5469 1191 5524 Domini
1205 5469 1413 5539 pollicitatione
1428 5477 1550 5538 sumtus,
1568 5471 1646 5540 puori
1662 5471 1855 5528 adcurassis
