4050 6014
220 255 304 313 xxn
681 286 694 340 ¹.
762 253 951 331 so.rn1o.
968 252 1120 310 canusa
1136 252 1371 327 palarmo
1400 290 1409 327 ¹.
1440 286 1460 338 ,¹

220 409 364 498 pietatis,
397 409 484 476 iussu
520 408 714 475 serenissimi
743 408 905 477 Saxoniae
934 408 1036 473 Ducis
1068 407 1236 484 wilhelmi
1279 408 1522 487 concinnatum,
1570 410 1777 496 eiusdemque
1805 412 1922 498 scripta

221 514 408 593 hostiletica,
441 510 611 598 diligenter
631 524 815 578 enumerata
844 535 864 576 a
889 511 1085 594 Fischero*)
1118 510 1245 596 saepius
1274 510 1338 575 iam
1367 511 1457 577 nobis
1484 512 1623 580 laudato.
1674 515 1727 579 Ex
1756 513 1795 579 iis
1824 515 1921 595 enim,

221 637 305 701 quae
327 615 423 680 modo
445 614 594 698 diximus,
615 613 689 681 satis
709 613 908 700 intelligitur,
931 612 1134 680 Gerhardum
1158 635 1231 678 cum
1252 614 1465 700 systematioa,
1486 615 1520 679 in
1542 636 1607 699 qua
1626 615 1747 680 nemini
1762 617 1922 685 scandas

221 729 300 795 erat,
320 717 524 804 theologiam,
546 739 643 802 quam
662 727 785 798 vocant,
806 716 976 781 asceticam
996 715 1082 781 serio
1104 715 1318 784 coniunxisse.

348 852 400 916 Ex
428 851 561 937 reliquis
582 851 742 918 Gerhardi
763 852 891 937 scriptis
915 852 995 915 duos
1014 851 1171 916 duntaxat
1191 850 1244 915 hic
1266 853 1584 918 commemorabimus
1607 852 1749 937 libellos,
1782 875 1921 940 quorum

222 953 301 1019 alter
333 955 488 1020 rationem
516 966 617 1039 atque
649 953 794 1019 ordinem
822 953 1035 1018 addiscendae
1064 953 1246 1040 theologiae
1277 953 1482 1040 praescribit,
1514 954 1594 1021 alter
1623 978 1699 1021 vero
1730 956 1922 1041 scriptorum

222 1056 511 1122 ecclesiasticorum
533 1056 664 1121 notitiae
685 1056 919 1141 comparandae
940 1055 1080 1121 inservit.
1123 1086 1128 1095 ·
1550 1085 1552 1089 ·

348 1193 443 1257 Prior
463 1189 590 1256 libellus
613 1214 653 1256 ex
675 1190 811 1276 publicis
834 1191 903 1255 eius
923 1189 1192 1277 praelectionibus
1208 1191 1241 1256 in
1257 1192 1420 1258 academia
1434 1194 1569 1261 Jenensi
1583 1216 1668 1259 anno
1685 1194 1777 1260 1617.
1801 1193 1922 1259 habitis

222 1307 334 1360 enatus
357 1307 405 1358 est
420 1293 610 1379 titulumque
623 1296 764 1360 Methodi
783 1296 878 1359 stadii
892 1294 1050 1379 theologici
1059 1292 1150 1381 gerit.
1181 1291 1307 1356 Prodiit
1322 1293 1461 1378 primum
1480 1295 1501 1358 J
1504 1316 1582 1358 enae
1606 1319 1634 1360 a.
1649 1297 1742 1361 1620.
1767 1296 1796 1360 8.
1823 1308 1937 1382 atque·

221 1419 351 1463 recusus
374 1394 436 1460 luit
457 1418 541 1461 anno
562 1398 653 1464 1622.
678 1389 819 1480 itemque
845 1397 937 1461 1654.
981 1392 1100 1459 Tribus
1124 1393 1212 1458 hicce
1231 1393 1311 1459 liber
1332 1407 1456 1460 constat
1478 1394 1639 1483 partibus,
1661 1418 1795 1480 quarum
1815 1397 1919 1482 prima

221 1501 368 1587 requisita
379 1497 476 1563 studii
492 1497 664 1586 theologici
680 1500 837 1583 generalia
851 1496 1011 1573 edisserit3
1026 1498 1127 1561 altera
1141 1494 1368 1581 nosnatdciav
1389 1497 1494 1562 studio
1510 1497 1691 1584 theologico
1711 1497 1919 1584 praemitten-

221 1601 295 1665 dam
327 1600 470 1687 exponit,
506 1600 609 1665 tertia*
630 1600 770 1683 denique
801 1599 905 1685 ipsum
933 1599 1027 1663 istius
1056 1597 1154 1663 studii
1176 1620 1304 1662 cursum
1328 1598 1451 1685 dirigit,
1486 1598 1644 1686 quemad
1667 1598 1920 1684 quinquennium

222 1716 359 1769 revocat.
388 1702 594 1788 Postremae,
630 1725 726 1787 quam
755 1703 851 1768 modo
882 1701 1101 1785 indicavimus,
1138 1700 1271 1765 editioni
1296 1696 1457 1788 praefixit
1473 1701 1525 1767 Jo.
1544 1702 1699 1766 Ernestus
1723 1694 1920 1788 Gerhardus,

221 1803 314 1882 filius,
334 1803 575 1892 praefationem,
597 1805 632 1868 in
654 1827 717 1890 qua
739 1804 927 1887 ostenditur,
949 1798 1079 1888 quinam
1100 1803 1131 1869 b.
1155 1804 1295 1889 parentis
1317 1801 1365 1868 sui
1384 1802 1461 1868 libri
1482 1802 1617 1887 singulis
1636 1802 1732 1889 spatii
1747 1802 1921 1868 academici

223 1906 314 1971 annis
326 1931 345 1971 a
355 1906 518 1971 doctrinae
529 1904 695 1971 sanctioris
707 1904 882 1970 cultoribus
893 1907 956 1971 sint
967 1905 1105 1992 legendi.
1120 1905 1233 1970 Multis
1245 1904 1465 1992 theologorum
1479 1917 1658 1970 nostrorum
1670 1904 1841 1991 plurimum
1850 1902 1923 1973 sese'

222 2008 410 2095 approbavit
437 2008 526 2072 hicce
550 2006 694 2088 libellus,
722 2030 765 2073 ex
792 2007 908 2092 quibus
939 2008 1023 2074 viros
1053 2007 1253 2074 doctissimos
1285 2007 1454 2072 Matthiam
1485 2009 1560 2073 Hoc
1601 2008 1642 2072 ab
1672 2007 1921 2095 floheneggtr),

222 2111 438 2178 Abrahamum
462 2108 720 2187 caloninum),
760 2110 812 2176 Jo.
828 2110 1034 2176 Franciscum
1048 2111 1261 2195 Buddeum†)
1291 2096 1387 2195 atque
1408 2111 1459 2175 Jo.
1483 2108 1663 2196 Georgium
1675 2110 1921 2196 Walchiumi-i)

222 2211 274 2276 bic
284 2213 467 2277 nominasse
479 2210 625 2275 sufficiat.
648 2211 693 2276 Et
703 2200 779 2277 sane
794 2211 948 2297 doctrina,
965 2213 1143 2299 prudentia,
1164 2213 1390 2300 perspicuitate
1404 2225 1499 2298 atque
1515 2212 1626 2277 ordine
1649 2235 1718 2277 sese
1747 2210 1920 2298 plurimum

222 2313 423 2379 commendat
453 2313 532 2378 haec
564 2310 731 2377 methodus
760 2337 780 2376 a
801 2311 969 2379 Gerhardo
1000 2312 1193 2401 praescripta
1225 2314 1386 2399 multaque
1417 2315 1600 2401 suppeditat
1628 2313 1763 2380 consilia
1796 2314 1921 2379 theolo-

222 2416 295 2501 giae
316 2415 490 2480 cultoribus
513 2416 632 2501 oppido
653 2414 821 2493 salutaria,
848 2414 920 2480 licet
948 2416 1043 2481 talem
1071 2440 1177 2482 rerum
1198 2437 1403 2503 apparatum,
1436 2418 1491 2502 qui
1517 2417 1551 2481 in
1572 2415 1802 2483 recentioribus
1824 2416 1919 2481 huius

222 2517 350 2603 generis
375 2516 500 2602 scriptis
528 2517 790 2602 deprehenditur,
819 2516 905 2581 haud
935 2521 1093 2604 praeterat
1122 2540 1240 2603 eosque
1264 2532 1425 2601 auctores,
1454 2518 1632 2602 exquibus
1658 2518 1814 2605 prolicere
1836 2517 1920 2602 licet,

223 2619 358 2684 subinde
372 2618 581 2694 commendet,
596 2619 652 2703 qui
667 2633 776 2683 nostra
789 2619 849 2683 hac
859 2631 971 2706 aetate,
985 2620 1267 2706 praestantioribus
1282 2621 1489 2705 scriptoribus
1504 2619 1695 2695 abundante,
1717 2619 1770 2684 vix
1783 2619 1920 2704 amplius

222 2721 256 2784 in
278 2742 410 2786 censum
429 2721 568 2785 veniunt.

353 2855 448 2921 Alter
463 2853 623 2921 Gerhardi
647 2855 785 2934 libellus,
809 2858 865 2943 qui
879 2857 930 2922 hic
948 2857 1186 2922 commemorari
1202 2871 1356 2936 meretur,
1389 2859 1430 2922 ad
1444 2872 1626 2925 accuratam
1644 2870 1770 2945 patrum
1786 2857 1921 2945 scripto·

223 2981 358 3044 rumque
367 2958 407 3022 ab
417 2957 457 3022 iis
470 2957 686 3024 coniectorum
694 2959 840 3024 notitiam
851 2959 1095 3046 comparandam
1107 2959 1190 3024 viam
1202 2960 1444 3047 pandithacque
1457 2961 1626 3049 insignitus
1638 2974 1685 3026 est
1696 2961 1919 3047 inscriptione:

224 3061 416 3145 Patroloqio,
436 3063 498 3125 sive
520 3064 556 3125 de
573 3063 752 3149 primitivae
775 3064 914 3127 ecclesiae
937 3063 1120 3127 christianae
1142 3066 1301 3130 doctorum
1314 3066 1377 3130 cito
1399 3090 1434 3131 ac
1457 3067 1719 3131 lucubrationibus
1743 3065 1923 3150 1111111111

218 3164 428 3250 posthumum.
472 3163 673 3229 Accesserant
691 3166 728 3230 dc
749 3165 935 3231 scholasticis
955 3190 991 3230 ac
1008 3165 1154 3229 historiae
1174 3167 1391 3232 ecclesiasticae
1409 3169 1620 3254 scriptoribus,
1642 3179 1705 3232 tum
1720 3168 1789 3234 aliis
1804 3188 1921 3253 quoquc

224 3265 443 3331 recentioribus
459 3267 613 3331 nonnullis
635 3266 750 3331 iudicio
769 3269 859 3331 coria
880 3279 932 3332 etc.
964 3269 1075 3332 Hooce
1091 3264 1250 3332 Gerhardi
1270 3268 1369 3332 nostri
1394 3267 1583 3354 opusculum
1605 3291 1681 3333 cura
1700 3269 1757 3333 filii
1777 3269 1846 3333 eius
1867 3268 1921 3332 Jo.

223 3366 355 3432 Ernesti
371 3367 532 3434 Gerhardi
549 3391 632 3432 anno
652 3367 744 3434 1653.
762 3369 899 3456 primum
922 3368 1041 3457 prodiit
1060 3370 1093 3433 in
1108 3371 1137 3435 8.
1150 3369 1299 3456 deinceps
1315 3370 1483 3456 aliquoties
1504 3392 1661 3435 recusum.
1707 3369 1809 3453 Ordo,
1825 3390 1921 3454 quem

223 3466 254 3535 b.
278 3481 389 3535 auctor
410 3470 443 3534 in
464 3492 503 3536 eo
527 3469 674 3555 servavit,
695 3469 740 3535 ita
761 3481 807 3535 est
830 3485 1041 3557 comparatus,
1063 3483 1098 3537 ut
1120 3471 1153 3535 in
1175 3493 1212 3536 eo
1234 3471 1314 3537 nihil
1334 3473 1403 3539 iure
1423 3471 1601 3554 ¹desiderari
1621 3485 1727 3556 queat.
1767 3468 1922 3536 Consistit

224 3570 375 3635 nimirum
404 3572 437 3635 in
459 3595 515 3656 eo,
544 3582 579 3636 ut
611 3572 749 3638 cuiusvis
779 3571 931 3638 ecclesiae
957 3573 1095 3638 doctoris
1119 3576 1230 3654 vitam,
1259 3575 1377 3663 scripta
1397 3573 1572 3660 laudesque
1595 3575 1699 3640 tradat
1721 3582 1752 3636 et
1774 3562 1921 3641 maculas.

224 3673 448 3760 imperfectam
469 3659 578 3740 tamen
600 3698 668 3741 esse
689 3675 810 3741 hancce
833 3675 1052 3740 tractationem
1074 3670 1172 3760 inque
1193 3678 1335 3766 privatos
1356 3699 1445 3754 usus,
1479 3675 1744 3742 collectaneorum
1763 3674 1832 3758 ritu,
1853 3699 1872 3738 a
1889 3677 1920 3741 b.

222 3775 296 3839 ‘viro
324 3796 363 3838 ex
399 3774 612 3859 Bellarmino,
651 3776 767 3842 Riveto
800 3791 832 3842 et
864 3776 951 3843 Coeo
988 3776 1192 3863 adornatam,
1226 3781 1413 3865 neutiquam
1447 3802 1521 3845 vero
1555 3802 1628 3844 eum
1662 3777 1697 3841 in
1726 3776 1839 3863 finem,
1886 3792 1921 3841 ut

224 3875 396 3960 aliquando
416 3876 482 3941 luci
504 3877 650 3963 publicae
673 3895 894 3966 exponeretur,
914 3881 1034 3945 dudum
1058 3881 1120 3945 iam
1143 3892 1334 3946 monuerunt
1350 3881 1410 3947 viri
1423 3881 1549 3947 eruditi.
1583 3880 1658 3967 Ipse
1676 3901 1804 3966 quoque
1819 3880 1922 3945 editor

223 3977 319 4042 huius
335 3978 490 4064 opusculi,
504 3980 554 4044 Jo.
566 3980 722 4046 Ernestus
739 3979 943 4058 Gerhardus,
962 3982 995 4046 in
1016 3984 1214 4068 praelatione
1239 3983 1420 4071 profitetur,
1439 4008 1469 4051 se
1486 3987 1656 4049 amicorum
1669 3985 1870 4068 persuasione
1894 3997 1922 4046 ct

224 4095 320 4162 meta,
351 4106 387 4148 ne
408 4085 449 4148 ab
471 4085 573 4170 aliquo
597 4085 659 4149 alio
673 4086 741 4172 fide
767 4109 828 4149 non
851 4087 931 4150 hona
953 4089 985 4151 in
1006 4089 1103 4151 lucem
1125 4090 1340 4172 proferretur,
1369 4085 1448 4151 illud
1478 4085 1566 4175 prelo
1598 4084 1776 4151 tradidisse.
1827 4082 1921 4164 Quae

224 4185 252 4249 si
278 4185 338 4251 rite
370 4182 606 4272 expendantur,
635 4184 729 4251 facile
750 4186 887 4272 patebit,
913 4187 964 4251 Jo.
987 4188 1152 4252 Andream
1175 4187 1323 4264 Bosium,
1353 4189 1455 4253 virum
1485 4187 1718 4264 doctissimum,
1748 4197 1832 4253 recte
1854 4209 1922 4252 mo-

227 4288 353 4374 unisse,
380 4313 442 4353 non
474 4290 549 4353 satis
571 4312 698 4355 caussae
718 4289 858 4354 hobnhse
882 4288 1059 4367 Labicum,
1084 4315 1140 4354 cnr
1167 4293 1253 4356 toties
1279 4287 1477 4365 Gerhardum
1494 4291 1596 4378 plagii
1620 4292 1772 4355 incessant
1800 4302 1921 4374 totaque

227 4391 337 4455 111161
358 4393 431 4466 sale,
453 4392 569 4478 quoties
589 4392 672 4456 illius
692 4393 838 4470 merainit
861 4393 1010 4477 optimum
1032 4394 1133 4457 ciram
1149 4393 1435 4479 perfricaretffi).
1463 4393 1625 4464 Proiecto,
1639 4377 1735 4477 longe
1758 4389 1820 4454 alia
1839 4391 1921 4455 facie

230 4492 263 4554 in
286 4493 391 4556 lucem
407 4491 570 4578 publicam
592 4492 765 4581 prodiisset
795 4493 882 4559 hicce
907 4492 1052 4571 libellus,
1081 4494 1107 4558 si
1138 4494 1206 4560 viro
1238 4495 1332 4560 beato
1361 4493 1504 4559 ultimam
1531 4494 1606 4570 huic
1635 4493 1739 4559 labori
1758 4491 1921 4579 imponere

228 4615 358 4656 manum
388 4591 540 4659 licuisset.
595 4597 784 4663 Auctiorem
819 4594 948 4681 quidem
980 4609 1076 4680 atque
1109 4596 1356 4661 emendatiorem
1386 4596 1472 4661 bunc
1505 4595 1623 4662 librum
1655 4595 1754 4660 altera
1782 4595 1921 4661 editione

328 4848 357 4914 ‘)
377 4849 440 4904 loco
459 4852 579 4904 excitato
594 4869 625 4920 p.
646 4854 701 4905 tto
719 4868 795 4920 seqq.

333 4935 373 5001 ΙΙ”)
391 4935 424 4989 In
445 4937 562 4989 Litteris
579 4940 620 4989 ad
641 4937 822 4990 Gerhardum
840 4938 917 4990 dotis
934 4936 1011 5008 apud
1026 4937 1188 4992 Fischerum
1202 4957 1232 5008 p.
1250 4940 1311 4991 384.

330 5022 389 5090 ⁴¹⁸)
413 5021 447 5076 Iu
466 5022 580 5095 Isoooq.
600 5023 681 5077 theol.
699 5024 763 5078 libr.
783 5026 810 5078 2.
827 5043 857 5093 p.
867 5025 914 5101 10.

335 5109 362 5177 †)
382 5109 416 5164 ln
433 5111 548 5179 lraqoq.
568 5111 609 5163 od
627 5111 711 5164 theol.
728 5111 848 5165 anivers.
863 5128 894 5179 p.
911 5111 934 5166 t.

332 5196 376 5262 ††)
396 5194 429 5248 ln
448 5195 585 5251 Biblioth.
606 5195 686 5251 theol.
703 5197 797 5252 select.
811 5206 874 5252 tom.
893 5199 909 5248 1
934 5216 961 5267 p.
983 5200 1008 5248 5.

334 5282 395 5348 †††)
421 5280 485 5336 Vid.
503 5280 687 5335 laudatissimi
705 5281 780 5336 Bosii
799 5283 1039 5336 Introductioncm
1070 5280 1101 5334 in
1118 5280 1247 5335 notitam
1261 5279 1431 5349 scriptoram
1453 5278 1704 5335 eccluiasticornm
1718 5294 1779 5348 cap.
1797 5281 1824 5330 3.
1839 5283 1861 5342 ξ.
1874 5279 1922 5333 32.

224 5381 256 5435 p.
273 5367 320 5421 90.
340 5366 406 5422 edit.
426 5367 476 5422 cel
496 5366 625 5421 Walchii.
656 5367 731 5421 ado.
748 5366 852 5421 iacobi
870 5366 1004 5421 Friderioi
1021 5365 1196 5422 Reimmanai
1217 5366 1384 5434 Caelanum
1398 5366 1578 5423 &emanas
1597 5365 1770 5433 theologicae
1787 5373 1921 5433 systema·

225 5452 423 5505 tica-criticam
439 5471 469 5522 p.
488 5453 550 5508 124.
