<?xml version="1.0" encoding="UTF-8"?>
<!DOCTYPE html PUBLIC "-//W3C//DTD XHTML 1.0 Transitional//EN"
    "http://www.w3.org/TR/xhtml1/DTD/xhtml1-transitional.dtd">
<html xmlns="http://www.w3.org/1999/xhtml" xml:lang="en" lang="en">
 <head>
  <title>
</title>
<meta http-equiv="Content-Type" content="text/html;charset=utf-8" />
  <meta name='ocr-system' content='tesseract 3.04.00' />
  <meta name='ocr-capabilities' content='ocr_page ocr_carea ocr_par ocr_line ocrx_word'/>
</head>
<body>
  <div class='ocr_page' id='page_1' title='image "./locitheologicic02gerhgoog/locitheologicic02gerhgoog_0335.png"; bbox 0 0 4050 6014; ppageno 0'>
   <div class='ocr_carea' id='block_1_1' title="bbox 232 207 1275 282">
    <p class='ocr_par' dir='ltr' id='par_1_1' title="bbox 232 207 1275 282">
     <span class='ocr_line' id='line_1_1' title="bbox 232 207 1275 282; baseline -0.015 0"><span class='ocrx_word' id='word_1_1' title='bbox 232 222 294 282; x_wconf 80' lang='lat' dir='ltr'><strong><em>eor</em></strong></span> <span class='ocrx_word' id='word_1_2' title='bbox 876 207 1105 266; x_wconf 68' lang='lat' dir='ltr'><strong><em>raimerus</em></strong></span> <span class='ocrx_word' id='word_1_3' title='bbox 1128 207 1275 266; x_wconf 77' lang='lat' dir='ltr'><strong><em>currus</em></strong></span> 
     </span>
    </p>
   </div>
   <div class='ocr_carea' id='block_1_2' title="bbox 71 364 2005 5531">
    <p class='ocr_par' dir='ltr' id='par_1_2' title="bbox 71 364 2005 5531">
     <span class='ocr_line' id='line_1_2' title="bbox 229 364 1930 474; baseline 0.001 -49"><span class='ocrx_word' id='word_1_4' title='bbox 229 370 371 427; x_wconf 80' lang='lat' dir='ltr'><strong><em>advitam</em></strong></span> <span class='ocrx_word' id='word_1_5' title='bbox 388 374 542 436; x_wconf 71' lang='lat' dir='ltr'><strong><em>aetornum,</em></strong></span> <span class='ocrx_word' id='word_1_6' title='bbox 564 365 637 432; x_wconf 74' lang='grc'><strong>5115</strong></span> <span class='ocrx_word' id='word_1_7' title='bbox 656 364 759 437; x_wconf 88' lang='lat' dir='ltr'><strong><em>quibue</em></strong></span> <span class='ocrx_word' id='word_1_8' title='bbox 779 366 814 418; x_wconf 88' lang='lat' dir='ltr'><strong><em>de</em></strong></span> <span class='ocrx_word' id='word_1_9' title='bbox 832 366 1081 474; x_wconf 66' lang='lat' dir='ltr'><strong><em>corunmmationcl</em></strong></span> <span class='ocrx_word' id='word_1_10' title='bbox 1092 366 1190 434; x_wconf 77' lang='lat' dir='ltr'><strong><em>pnabr&#39;t</em></strong></span> <span class='ocrx_word' id='word_1_11' title='bbox 1210 365 1352 419; x_wconf 76' lang='lat' dir='ltr'><strong><em>Daminm</em></strong></span> <span class='ocrx_word' id='word_1_12' title='bbox 1369 365 1487 420; x_wconf 87' lang='lat' dir='ltr'><strong><em>illorum</em></strong></span> <span class='ocrx_word' id='word_1_13' title='bbox 1506 369 1724 438; x_wconf 72' lang='lat' dir='ltr'><strong><em>inperpetuum.</em></strong></span> <span class='ocrx_word' id='word_1_14' title='bbox 1745 385 1807 440; x_wconf 83' lang='lat' dir='ltr'><strong><em>cup.</em></strong></span> <span class='ocrx_word' id='word_1_15' title='bbox 1822 377 1848 438; x_wconf 89' lang='grc'><strong><em>5,</em></strong></span> <span class='ocrx_word' id='word_1_16' title='bbox 1862 385 1888 424; x_wconf 81' lang='lat' dir='ltr'><strong><em>r.</em></strong></span> <span class='ocrx_word' id='word_1_17' title='bbox 1902 375 1930 426; x_wconf 78' lang='lat'><strong><em>2:</em></strong></span> 
     </span>
     <span class='ocr_line' id='line_1_3' title="bbox 230 451 1931 530; baseline 0.001 -20"><span class='ocrx_word' id='word_1_18' title='bbox 230 458 318 510; x_wconf 78' lang='lat' dir='ltr'><strong><em>recedi</em></strong></span> <span class='ocrx_word' id='word_1_19' title='bbox 334 457 440 528; x_wconf 78' lang='lat' dir='ltr'><strong><em>agitur,</em></strong></span> <span class='ocrx_word' id='word_1_20' title='bbox 463 455 504 508; x_wconf 81' lang='lat' dir='ltr'><strong><em>illi</em></strong></span> <span class='ocrx_word' id='word_1_21' title='bbox 530 454 602 508; x_wconf 84' lang='lat' dir='ltr'><strong><em>euim</em></strong></span> <span class='ocrx_word' id='word_1_22' title='bbox 631 451 762 507; x_wconf 77' lang='lat' dir='ltr'><strong><em>succedet</em></strong></span> <span class='ocrx_word' id='word_1_23' title='bbox 785 467 887 506; x_wconf 80' lang='lat' dir='ltr'><strong><em>novum</em></strong></span> <span class='ocrx_word' id='word_1_24' title='bbox 905 451 1011 505; x_wconf 85' lang='lat' dir='ltr'><strong><em>coelum</em></strong></span> <span class='ocrx_word' id='word_1_25' title='bbox 1033 451 1278 505; x_wconf 78' lang='lat' dir='ltr'><strong><em>ac=Mirabunlur</em></strong></span> <span class='ocrx_word' id='word_1_26' title='bbox 1301 453 1384 522; x_wconf 87' lang='lat' dir='ltr'><strong><em>impii</em></strong></span> <span class='ocrx_word' id='word_1_27' title='bbox 1408 457 1455 508; x_wconf 74' lang='grc' dir='ltr'><strong><em>ἐπὶ</em></strong></span> <span class='ocrx_word' id='word_1_28' title='bbox 1485 457 1523 525; x_wconf 79' lang='grc' dir='ltr'><strong><em>τῷ</em></strong></span> <span class='ocrx_word' id='word_1_29' title='bbox 1546 451 1696 530; x_wconf 74' lang='grc' dir='ltr'><strong><em>παραδόξῳ</em></strong></span> <span class='ocrx_word' id='word_1_30' title='bbox 1721 461 1768 524; x_wconf 81' lang='grc' dir='ltr'><strong><em>τῆς</em></strong></span> <span class='ocrx_word' id='word_1_31' title='bbox 1786 465 1931 529; x_wconf 75' lang='grc' dir='ltr'><strong><em>σωτηρίας,</em></strong></span> 
     </span>
     <span class='ocr_line' id='line_1_4' title="bbox 231 538 1933 614; baseline -0.001 -17"><span class='ocrx_word' id='word_1_32' title='bbox 231 550 316 607; x_wconf 66' lang='lat' dir='ltr'><strong><em>terrm</em></strong></span> <span class='ocrx_word' id='word_1_33' title='bbox 338 541 366 612; x_wconf 84' lang='grc'><strong><em>6)</em></strong></span> <span class='ocrx_word' id='word_1_34' title='bbox 386 543 415 596; x_wconf 90' lang='lat' dir='ltr'><strong><em>iu</em></strong></span> <span class='ocrx_word' id='word_1_35' title='bbox 433 540 534 611; x_wconf 77' lang='lat' dir='ltr'><strong><em>quibua</em></strong></span> <span class='ocrx_word' id='word_1_36' title='bbox 555 543 590 593; x_wconf 88' lang='lat' dir='ltr'><strong><em>dc</em></strong></span> <span class='ocrx_word' id='word_1_37' title='bbox 607 539 730 592; x_wconf 89' lang='lat' dir='ltr'><strong><em>aeternie</em></strong></span> <span class='ocrx_word' id='word_1_38' title='bbox 748 538 898 606; x_wconf 90' lang='lat' dir='ltr'><strong><em>impiorum</em></strong></span> <span class='ocrx_word' id='word_1_39' title='bbox 919 538 1067 606; x_wconf 71' lang='lat' dir='ltr'><strong><em>suppliciis</em></strong></span> <span class='ocrx_word' id='word_1_40' title='bbox 1094 556 1118 590; x_wconf 86' lang='lat' dir='ltr'><strong><em>v.</em></strong></span> <span class='ocrx_word' id='word_1_41' title='bbox 1137 546 1160 593; x_wconf 87' lang='lat'><strong><em>5.</em></strong></span> <span class='ocrx_word' id='word_1_42' title='bbox 1183 542 1284 594; x_wconf 89' lang='lat' dir='ltr'><strong><em>docent</em></strong></span> <span class='ocrx_word' id='word_1_43' title='bbox 1311 543 1347 593; x_wconf 89' lang='lat' dir='ltr'><strong><em>de</em></strong></span> <span class='ocrx_word' id='word_1_44' title='bbox 1374 543 1497 597; x_wconf 83' lang='lat' dir='ltr'><strong><em>eanctie:</em></strong></span> <span class='ocrx_word' id='word_1_45' title='bbox 1521 544 1596 596; x_wconf 87' lang='lat' dir='ltr'><strong><em>Ecce</em></strong></span> <span class='ocrx_word' id='word_1_46' title='bbox 1614 545 1753 613; x_wconf 82' lang='lat' dir='ltr'><strong><em>quomodo</em></strong></span> <span class='ocrx_word' id='word_1_47' title='bbox 1778 545 1933 614; x_wconf 85' lang='lat' dir='ltr'><strong><em>computati</em></strong></span> 
     </span>
     <span class='ocr_line' id='line_1_5' title="bbox 232 623 1933 699; baseline 0.001 -18"><span class='ocrx_word' id='word_1_48' title='bbox 232 629 333 699; x_wconf 81' lang='lat' dir='ltr'><strong><em>agitur,</em></strong></span> <span class='ocrx_word' id='word_1_49' title='bbox 351 628 407 682; x_wconf 83' lang='lat' dir='ltr'><strong><em>illis</em></strong></span> <span class='ocrx_word' id='word_1_50' title='bbox 420 628 491 681; x_wconf 89' lang='lat' dir='ltr'><strong><em>cuim</em></strong></span> <span class='ocrx_word' id='word_1_51' title='bbox 504 631 682 696; x_wconf 86' lang='lat' dir='ltr'><strong><em>opponuntur</em></strong></span> <span class='ocrx_word' id='word_1_52' title='bbox 695 623 1067 693; x_wconf 77' lang='lat' dir='ltr'><strong><em>actcmapiorumpraemiu.</em></strong></span> <span class='ocrx_word' id='word_1_53' title='bbox 1092 634 1156 678; x_wconf 83' lang='lat' dir='ltr'><strong><em>eant</em></strong></span> <span class='ocrx_word' id='word_1_54' title='bbox 1175 626 1249 679; x_wconf 88' lang='lat' dir='ltr'><strong><em>inter</em></strong></span> <span class='ocrx_word' id='word_1_55' title='bbox 1267 626 1343 690; x_wconf 77' lang='lat' dir='ltr'><strong><em>filiae</em></strong></span> <span class='ocrx_word' id='word_1_56' title='bbox 1362 628 1420 680; x_wconf 89' lang='lat' dir='ltr'><strong><em>Dei</em></strong></span> <span class='ocrx_word' id='word_1_57' title='bbox 1446 636 1472 680; x_wconf 93' lang='lat' dir='ltr'><strong><em>et</em></strong></span> <span class='ocrx_word' id='word_1_58' title='bbox 1498 629 1570 682; x_wconf 87' lang='lat' dir='ltr'><strong><em>inter</em></strong></span> <span class='ocrx_word' id='word_1_59' title='bbox 1593 638 1706 684; x_wconf 88' lang='lat' dir='ltr'><strong><em>eanctoe</em></strong></span> <span class='ocrx_word' id='word_1_60' title='bbox 1734 648 1797 684; x_wconf 82' lang='lat' dir='ltr'><strong><em>core</em></strong></span> <span class='ocrx_word' id='word_1_61' title='bbox 1815 631 1933 684; x_wconf 86' lang='lat' dir='ltr'><strong><em>illoram</em></strong></span> 
     </span>
     <span class='ocr_line' id='line_1_6' title="bbox 73 710 1932 787; baseline 0 -18"><span class='ocrx_word' id='word_1_62' title='bbox 73 713 216 759; x_wconf 65' lang='lat' dir='ltr'><strong>⁴·ss¹¹¹b¹¹¹</strong></span> <span class='ocrx_word' id='word_1_63' title='bbox 267 722 305 771; x_wconf 81' lang='grc'><strong><em>11.</em></strong></span> <span class='ocrx_word' id='word_1_64' title='bbox 341 721 365 772; x_wconf 92' lang='grc'><strong><em>1.</em></strong></span> <span class='ocrx_word' id='word_1_65' title='bbox 398 716 439 769; x_wconf 85' lang='lat' dir='ltr'><strong><em>Ex</em></strong></span> <span class='ocrx_word' id='word_1_66' title='bbox 462 714 540 768; x_wconf 85' lang='lat' dir='ltr'><strong><em>librie</em></strong></span> <span class='ocrx_word' id='word_1_67' title='bbox 562 711 741 783; x_wconf 76' lang='lat' dir='ltr'><strong>apocryphis.</strong></span> <span class='ocrx_word' id='word_1_68' title='bbox 775 717 800 765; x_wconf 90' lang='grc'><strong><em>1.</em></strong></span> <span class='ocrx_word' id='word_1_69' title='bbox 820 710 898 764; x_wconf 85' lang='lat' dir='ltr'><strong><em>Eedr.</em></strong></span> <span class='ocrx_word' id='word_1_70' title='bbox 928 715 951 775; x_wconf 91' lang='grc'><strong><em>2,</em></strong></span> <span class='ocrx_word' id='word_1_71' title='bbox 973 728 999 764; x_wconf 89' lang='lat' dir='ltr'><strong><em>v.</em></strong></span> <span class='ocrx_word' id='word_1_72' title='bbox 1020 714 1066 764; x_wconf 82' lang='lat'><strong><em>11:</em></strong></span> <span class='ocrx_word' id='word_1_73' title='bbox 1095 721 1144 768; x_wconf 86' lang='lat' dir='ltr'><strong><em>eet.</em></strong></span> <span class='ocrx_word' id='word_1_74' title='bbox 1164 731 1189 767; x_wconf 90' lang='lat' dir='ltr'><strong><em>v.</em></strong></span> <span class='ocrx_word' id='word_1_75' title='bbox 1209 718 1249 768; x_wconf 89' lang='grc'><strong><em>16.</em></strong></span> <span class='ocrx_word' id='word_1_76' title='bbox 1270 714 1391 766; x_wconf 89' lang='lat' dir='ltr'><strong><em>Juetiin</em></strong></span> <span class='ocrx_word' id='word_1_77' title='bbox 1407 722 1574 783; x_wconf 81' lang='lat' dir='ltr'><strong><em>perpetuam</em></strong></span> <span class='ocrx_word' id='word_1_78' title='bbox 1586 717 1685 786; x_wconf 85' lang='lat' dir='ltr'><strong><em>vivent,</em></strong></span> <span class='ocrx_word' id='word_1_79' title='bbox 1703 719 1825 787; x_wconf 87' lang='lat' dir='ltr'><strong><em>etapud</em></strong></span> <span class='ocrx_word' id='word_1_80' title='bbox 1834 718 1932 771; x_wconf 91' lang='lat' dir='ltr'><strong><em>Domi·</em></strong></span> 
     </span>
     <span class='ocr_line' id='line_1_7' title="bbox 71 768 1934 872; baseline 0.001 -17"><span class='ocrx_word' id='word_1_81' title='bbox 71 768 575 855; x_wconf 71' lang='lat' dir='ltr'><strong><em>⁸⁹⁰⁰‘’¹&#39;¹¹¹&#39;‘1)at0cieraoernacata</em></strong></span> <span class='ocrx_word' id='word_1_82' title='bbox 595 809 718 859; x_wconf 89' lang='lat' dir='ltr'><strong><em>aeterna,</em></strong></span> <span class='ocrx_word' id='word_1_83' title='bbox 739 813 811 866; x_wconf 82' lang='lat' dir='ltr'><strong><em>quae</em></strong></span> <span class='ocrx_word' id='word_1_84' title='bbox 824 813 1068 865; x_wconf 76' lang='lat' dir='ltr'><strong><em>praeparaveram</em></strong></span> <span class='ocrx_word' id='word_1_85' title='bbox 1094 818 1159 851; x_wconf 84' lang='lat' dir='ltr'><strong><em>nam</em></strong></span> <span class='ocrx_word' id='word_1_86' title='bbox 1186 807 1228 853; x_wconf 90' lang='lat' dir='ltr'><strong><em>ert</em></strong></span> <span class='ocrx_word' id='word_1_87' title='bbox 1249 817 1353 853; x_wconf 81' lang='lat' dir='ltr'><strong><em>mercer</em></strong></span> <span class='ocrx_word' id='word_1_88' title='bbox 1375 818 1470 853; x_wconf 85' lang='lat' dir='ltr'><strong><em>eorum</em></strong></span> <span class='ocrx_word' id='word_1_89' title='bbox 1501 811 1528 854; x_wconf 91' lang='lat' dir='ltr'><strong><em>et</em></strong></span> <span class='ocrx_word' id='word_1_90' title='bbox 1555 804 1687 870; x_wconf 83' lang='lat' dir='ltr'><strong><em>capitatio</em></strong></span> <span class='ocrx_word' id='word_1_91' title='bbox 1713 804 1830 857; x_wconf 81' lang='lat' dir='ltr'><strong><em>illoram</em></strong></span> <span class='ocrx_word' id='word_1_92' title='bbox 1854 806 1934 872; x_wconf 84' lang='lat' dir='ltr'><strong><em>apad</em></strong></span> 
     </span>
     <span class='ocr_line' id='line_1_8' title="bbox 230 883 1934 958; baseline 0.002 -18"><span class='ocrx_word' id='word_1_93' title='bbox 230 888 309 955; x_wconf 77' lang='lat' dir='ltr'><strong><em>illle,-</em></strong></span> <span class='ocrx_word' id='word_1_94' title='bbox 340 905 364 943; x_wconf 75' lang='grc' dir='ltr'><strong><em>ν.</em></strong></span> <span class='ocrx_word' id='word_1_95' title='bbox 390 892 426 943; x_wconf 98' lang='grc'><strong><em>12.</em></strong></span> <span class='ocrx_word' id='word_1_96' title='bbox 454 889 562 956; x_wconf 71' lang='lat' dir='ltr'><strong><em>bianum</em></strong></span> <span class='ocrx_word' id='word_1_97' title='bbox 585 886 658 939; x_wconf 86' lang='lat' dir='ltr'><strong><em>vitae</em></strong></span> <span class='ocrx_word' id='word_1_98' title='bbox 683 883 736 937; x_wconf 84' lang='lat' dir='ltr'><strong><em>erit</em></strong></span> <span class='ocrx_word' id='word_1_99' title='bbox 764 883 825 937; x_wconf 85' lang='lat' dir='ltr'><strong><em>illie</em></strong></span> <span class='ocrx_word' id='word_1_100' title='bbox 851 884 881 934; x_wconf 88' lang='lat' dir='ltr'><strong><em>in</em></strong></span> <span class='ocrx_word' id='word_1_101' title='bbox 905 885 991 935; x_wconf 90' lang='lat' dir='ltr'><strong><em>odore</em></strong></span> <span class='ocrx_word' id='word_1_102' title='bbox 1018 899 1068 933; x_wconf 89' lang='lat' dir='ltr'><strong><em>un·</em></strong></span> <span class='ocrx_word' id='word_1_103' title='bbox 1095 885 1290 954; x_wconf 82' lang='lat' dir='ltr'><strong><em>Aitireimum;</em></strong></span> <span class='ocrx_word' id='word_1_104' title='bbox 1318 904 1343 940; x_wconf 81' lang='lat' dir='ltr'><strong><em>r.</em></strong></span> <span class='ocrx_word' id='word_1_105' title='bbox 1365 893 1403 942; x_wconf 81' lang='lat' dir='ltr'><strong><em>lt.</em></strong></span> <span class='ocrx_word' id='word_1_106' title='bbox 1429 888 1494 939; x_wconf 86' lang='lat' dir='ltr'><strong><em>ideo</em></strong></span> <span class='ocrx_word' id='word_1_107' title='bbox 1517 890 1656 958; x_wconf 78' lang='lat' dir='ltr'><strong><em>accipient</em></strong></span> <span class='ocrx_word' id='word_1_108' title='bbox 1680 907 1794 957; x_wconf 74' lang='lat' dir='ltr'><strong><em>reanum</em></strong></span> <span class='ocrx_word' id='word_1_109' title='bbox 1821 891 1934 945; x_wconf 88' lang='lat' dir='ltr'><strong><em>decorie</em></strong></span> 
     </span>
     <span class='ocr_line' id='line_1_9' title="bbox 231 971 1933 1044; baseline 0.001 -16"><span class='ocrx_word' id='word_1_110' title='bbox 231 975 335 1044; x_wconf 73' lang='lat' dir='ltr'><strong><em>quenti,</em></strong></span> <span class='ocrx_word' id='word_1_111' title='bbox 354 983 381 1028; x_wconf 90' lang='lat' dir='ltr'><strong><em>et</em></strong></span> <span class='ocrx_word' id='word_1_112' title='bbox 398 991 456 1026; x_wconf 91' lang='lat' dir='ltr'><strong><em>non</em></strong></span> <span class='ocrx_word' id='word_1_113' title='bbox 473 973 641 1027; x_wconf 78' lang='lat' dir='ltr'><strong><em>laborabimt</em></strong></span> <span class='ocrx_word' id='word_1_114' title='bbox 658 986 746 1038; x_wconf 78' lang='lat' dir='ltr'><strong><em>neque</em></strong></span> <span class='ocrx_word' id='word_1_115' title='bbox 763 971 970 1038; x_wconf 73' lang='lat' dir='ltr'><strong><em>tatipabantur.</em></strong></span> <span class='ocrx_word' id='word_1_116' title='bbox 990 986 1015 1021; x_wconf 86' lang='lat' dir='ltr'><strong><em>v.</em></strong></span> <span class='ocrx_word' id='word_1_117' title='bbox 1031 971 1068 1023; x_wconf 88' lang='grc'><strong><em>13.</em></strong></span> <span class='ocrx_word' id='word_1_118' title='bbox 1096 979 1120 1024; x_wconf 91' lang='lat' dir='ltr'><strong><em>et</em></strong></span> <span class='ocrx_word' id='word_1_119' title='bbox 1139 973 1276 1026; x_wconf 89' lang='lat' dir='ltr'><strong><em>diadema</em></strong></span> <span class='ocrx_word' id='word_1_120' title='bbox 1293 973 1399 1041; x_wconf 87' lang='lat' dir='ltr'><strong><em>epeciei</em></strong></span> <span class='ocrx_word' id='word_1_121' title='bbox 1418 974 1454 1026; x_wconf 87' lang='lat' dir='ltr'><strong><em>de</em></strong></span> <span class='ocrx_word' id='word_1_122' title='bbox 1470 991 1556 1026; x_wconf 88' lang='lat' dir='ltr'><strong><em>mana</em></strong></span> <span class='ocrx_word' id='word_1_123' title='bbox 1574 976 1702 1041; x_wconf 77' lang='lat' dir='ltr'><strong><em>Domini,</em></strong></span> <span class='ocrx_word' id='word_1_124' title='bbox 1722 977 1855 1044; x_wconf 79' lang='lat' dir='ltr'><strong><em>quoniam</em></strong></span> <span class='ocrx_word' id='word_1_125' title='bbox 1868 978 1933 1029; x_wconf 79' lang='lat' dir='ltr'><strong><em>dea-</em></strong></span> 
     </span>
     <span class='ocr_line' id='line_1_10' title="bbox 232 1055 1933 1126; baseline 0.001 -12"><span class='ocrx_word' id='word_1_126' title='bbox 232 1062 370 1114; x_wconf 86' lang='lat' dir='ltr'><strong><em>Paratam</em></strong></span> <span class='ocrx_word' id='word_1_127' title='bbox 389 1069 429 1114; x_wconf 84' lang='lat' dir='ltr'><strong><em>eet</em></strong></span> <span class='ocrx_word' id='word_1_128' title='bbox 440 1060 518 1112; x_wconf 88' lang='lat' dir='ltr'><strong><em>oobie</em></strong></span> <span class='ocrx_word' id='word_1_129' title='bbox 537 1076 660 1126; x_wconf 76' lang='lat' dir='ltr'><strong><em>reanum,</em></strong></span> <span class='ocrx_word' id='word_1_130' title='bbox 678 1075 704 1110; x_wconf 79' lang='lat' dir='ltr'><strong><em>v.</em></strong></span> <span class='ocrx_word' id='word_1_131' title='bbox 720 1062 757 1111; x_wconf 91' lang='grc'><strong><em>18.</em></strong></span> <span class='ocrx_word' id='word_1_132' title='bbox 774 1057 881 1125; x_wconf 81' lang='lat' dir='ltr'><strong><em>paraui</em></strong></span> <span class='ocrx_word' id='word_1_133' title='bbox 892 1056 945 1107; x_wconf 80' lang='lat' dir='ltr'><strong><em>tibi</em></strong></span> <span class='ocrx_word' id='word_1_134' title='bbox 954 1055 1069 1106; x_wconf 75' lang='lat' dir='ltr'><strong><em>arberte</em></strong></span> <span class='ocrx_word' id='word_1_135' title='bbox 1095 1067 1156 1110; x_wconf 92' lang='lat' dir='ltr'><strong><em>tera</em></strong></span> <span class='ocrx_word' id='word_1_136' title='bbox 1176 1076 1229 1110; x_wconf 79' lang='lat' dir='ltr'><strong><em>aaa</em></strong></span> <span class='ocrx_word' id='word_1_137' title='bbox 1245 1066 1317 1125; x_wconf 81' lang='lat' dir='ltr'><strong><em>tepet</em></strong></span> <span class='ocrx_word' id='word_1_138' title='bbox 1335 1076 1381 1112; x_wconf 90' lang='lat' dir='ltr'><strong><em>eoe</em></strong></span> <span class='ocrx_word' id='word_1_139' title='bbox 1401 1061 1471 1111; x_wconf 88' lang='lat' dir='ltr'><strong><em>etin</em></strong></span> <span class='ocrx_word' id='word_1_140' title='bbox 1491 1060 1606 1114; x_wconf 86' lang='lat' dir='ltr'><strong><em>bracbio</em></strong></span> <span class='ocrx_word' id='word_1_141' title='bbox 1619 1069 1717 1114; x_wconf 78' lang='lat' dir='ltr'><strong><em>canoto</em></strong></span> <span class='ocrx_word' id='word_1_142' title='bbox 1729 1079 1779 1114; x_wconf 90' lang='lat' dir='ltr'><strong><em>euo</em></strong></span> <span class='ocrx_word' id='word_1_143' title='bbox 1794 1063 1933 1126; x_wconf 80' lang='lat' dir='ltr'><strong><em>desendet</em></strong></span> 
     </span>
     <span class='ocr_line' id='line_1_11' title="bbox 233 1141 1933 1214; baseline 0.001 -14"><span class='ocrx_word' id='word_1_144' title='bbox 233 1149 381 1200; x_wconf 77' lang='lat' dir='ltr'><strong><em>duodecim</em></strong></span> <span class='ocrx_word' id='word_1_145' title='bbox 391 1153 525 1214; x_wconf 75' lang='lat' dir='ltr'><strong><em>precatae</em></strong></span> <span class='ocrx_word' id='word_1_146' title='bbox 539 1145 629 1198; x_wconf 87' lang='lat' dir='ltr'><strong><em>uariie</em></strong></span> <span class='ocrx_word' id='word_1_147' title='bbox 647 1143 796 1209; x_wconf 78' lang='lat' dir='ltr'><strong><em>fructibue,</em></strong></span> <span class='ocrx_word' id='word_1_148' title='bbox 815 1160 838 1197; x_wconf 82' lang='lat' dir='ltr'><strong><em>v.</em></strong></span> <span class='ocrx_word' id='word_1_149' title='bbox 856 1147 892 1196; x_wconf 94' lang='grc'><strong><em>19.</em></strong></span> <span class='ocrx_word' id='word_1_150' title='bbox 911 1149 937 1193; x_wconf 90' lang='lat' dir='ltr'><strong><em>et</em></strong></span> <span class='ocrx_word' id='word_1_151' title='bbox 955 1141 1070 1193; x_wconf 86' lang='lat' dir='ltr'><strong><em>totidem</em></strong></span> <span class='ocrx_word' id='word_1_152' title='bbox 1095 1144 1169 1198; x_wconf 88' lang='lat' dir='ltr'><strong><em>illae.</em></strong></span> <span class='ocrx_word' id='word_1_153' title='bbox 1206 1160 1266 1214; x_wconf 83' lang='lat' dir='ltr'><strong><em>cap.</em></strong></span> <span class='ocrx_word' id='word_1_154' title='bbox 1290 1151 1329 1212; x_wconf 83' lang='lat'><strong><em>15,</em></strong></span> <span class='ocrx_word' id='word_1_155' title='bbox 1347 1163 1373 1200; x_wconf 80' lang='lat' dir='ltr'><strong><em>r.</em></strong></span> <span class='ocrx_word' id='word_1_156' title='bbox 1392 1150 1421 1198; x_wconf 86' lang='lat'><strong><em>3:</em></strong></span> <span class='ocrx_word' id='word_1_157' title='bbox 1446 1146 1526 1199; x_wconf 77' lang='lat' dir='ltr'><strong><em>Scire</em></strong></span> <span class='ocrx_word' id='word_1_158' title='bbox 1543 1147 1671 1200; x_wconf 86' lang='lat' dir='ltr'><strong><em>uirtutem</em></strong></span> <span class='ocrx_word' id='word_1_159' title='bbox 1690 1156 1766 1201; x_wconf 85' lang='lat' dir='ltr'><strong><em>tuam</em></strong></span> <span class='ocrx_word' id='word_1_160' title='bbox 1786 1150 1874 1201; x_wconf 80' lang='lat' dir='ltr'><strong><em>radic</em></strong></span> <span class='ocrx_word' id='word_1_161' title='bbox 1892 1157 1933 1202; x_wconf 85' lang='lat' dir='ltr'><strong><em>en</em></strong></span> 
     </span>
     <span class='ocr_line' id='line_1_12' title="bbox 230 1227 1934 1304; baseline -0.001 -17"><span class='ocrx_word' id='word_1_162' title='bbox 230 1235 326 1296; x_wconf 81' lang='lat' dir='ltr'><strong><em>fontee</em></strong></span> <span class='ocrx_word' id='word_1_163' title='bbox 339 1234 460 1302; x_wconf 78' lang='lat' dir='ltr'><strong><em>fluenter</em></strong></span> <span class='ocrx_word' id='word_1_164' title='bbox 479 1231 525 1285; x_wconf 87' lang='lat' dir='ltr'><strong><em>lac</em></strong></span> <span class='ocrx_word' id='word_1_165' title='bbox 544 1238 569 1283; x_wconf 91' lang='lat' dir='ltr'><strong><em>et</em></strong></span> <span class='ocrx_word' id='word_1_166' title='bbox 578 1229 632 1283; x_wconf 89' lang='lat' dir='ltr'><strong><em>mel</em></strong></span> <span class='ocrx_word' id='word_1_167' title='bbox 651 1237 675 1282; x_wconf 91' lang='lat' dir='ltr'><strong><em>et</em></strong></span> <span class='ocrx_word' id='word_1_168' title='bbox 689 1235 794 1282; x_wconf 85' lang='lat' dir='ltr'><strong><em>montee</em></strong></span> <span class='ocrx_word' id='word_1_169' title='bbox 807 1227 955 1280; x_wconf 76' lang='lat' dir='ltr'><strong><em>immensae</em></strong></span> <span class='ocrx_word' id='word_1_170' title='bbox 964 1233 1069 1293; x_wconf 83' lang='lat' dir='ltr'><strong><em>reptem</em></strong></span> <span class='ocrx_word' id='word_1_171' title='bbox 1096 1231 1325 1282; x_wconf 69' lang='lat' dir='ltr'><strong><em>immortalitatis,</em></strong></span> <span class='ocrx_word' id='word_1_172' title='bbox 1361 1230 1412 1286; x_wconf 85' lang='lat' dir='ltr'><strong><em>sir.</em></strong></span> <span class='ocrx_word' id='word_1_173' title='bbox 1436 1236 1475 1300; x_wconf 87' lang='grc'><strong><em>11,</em></strong></span> <span class='ocrx_word' id='word_1_174' title='bbox 1495 1247 1521 1286; x_wconf 83' lang='lat' dir='ltr'><strong><em>v.</em></strong></span> <span class='ocrx_word' id='word_1_175' title='bbox 1542 1237 1571 1287; x_wconf 85' lang='lat'><strong><em>1:</em></strong></span> <span class='ocrx_word' id='word_1_176' title='bbox 1600 1233 1716 1300; x_wconf 84' lang='lat' dir='ltr'><strong><em>Beatne,</em></strong></span> <span class='ocrx_word' id='word_1_177' title='bbox 1743 1236 1792 1304; x_wconf 76' lang='lat' dir='ltr'><strong><em>qui</em></strong></span> <span class='ocrx_word' id='word_1_178' title='bbox 1816 1253 1874 1288; x_wconf 89' lang='lat' dir='ltr'><strong><em>non</em></strong></span> <span class='ocrx_word' id='word_1_179' title='bbox 1894 1241 1934 1287; x_wconf 92' lang='lat' dir='ltr'><strong><em>eet</em></strong></span> 
     </span>
     <span class='ocr_line' id='line_1_13' title="bbox 231 1311 1933 1391; baseline 0.003 -19"><span class='ocrx_word' id='word_1_180' title='bbox 231 1319 363 1372; x_wconf 80' lang='lat' dir='ltr'><strong><em>liabentce</em></strong></span> <span class='ocrx_word' id='word_1_181' title='bbox 381 1335 477 1370; x_wconf 87' lang='lat' dir='ltr'><strong><em>roeam</em></strong></span> <span class='ocrx_word' id='word_1_182' title='bbox 496 1325 522 1369; x_wconf 87' lang='lat' dir='ltr'><strong><em>ct</em></strong></span> <span class='ocrx_word' id='word_1_183' title='bbox 541 1316 644 1384; x_wconf 87' lang='lat' dir='ltr'><strong><em>liliam,</em></strong></span> <span class='ocrx_word' id='word_1_184' title='bbox 665 1315 695 1366; x_wconf 91' lang='lat' dir='ltr'><strong><em>in</em></strong></span> <span class='ocrx_word' id='word_1_185' title='bbox 713 1314 812 1382; x_wconf 78' lang='lat' dir='ltr'><strong><em>quibne</em></strong></span> <span class='ocrx_word' id='word_1_186' title='bbox 829 1313 936 1381; x_wconf 79' lang='lat' dir='ltr'><strong><em>paudio</em></strong></span> <span class='ocrx_word' id='word_1_187' title='bbox 950 1311 1069 1381; x_wconf 83' lang='lat' dir='ltr'><strong><em>implebo</em></strong></span> <span class='ocrx_word' id='word_1_188' title='bbox 1096 1316 1258 1369; x_wconf 71' lang='lat' dir='ltr'><strong><em>stimulatae</em></strong></span> <span class='ocrx_word' id='word_1_189' title='bbox 1277 1318 1305 1369; x_wconf 88' lang='lat' dir='ltr'><strong><em>in</em></strong></span> <span class='ocrx_word' id='word_1_190' title='bbox 1324 1316 1440 1370; x_wconf 73' lang='lat' dir='ltr'><strong><em>tristitia</em></strong></span> <span class='ocrx_word' id='word_1_191' title='bbox 1460 1319 1560 1371; x_wconf 80' lang='lat' dir='ltr'><strong><em>delicti</em></strong></span> <span class='ocrx_word' id='word_1_192' title='bbox 1577 1319 1636 1389; x_wconf 88' lang='lat' dir='ltr'><strong><em>(qui</em></strong></span> <span class='ocrx_word' id='word_1_193' title='bbox 1656 1319 1849 1374; x_wconf 82' lang='lat' dir='ltr'><strong><em>avolanteriis</em></strong></span> <span class='ocrx_word' id='word_1_194' title='bbox 1868 1338 1933 1391; x_wconf 80' lang='lat' dir='ltr'><strong><em>pec·</em></strong></span> 
     </span>
     <span class='ocr_line' id='line_1_14' title="bbox 231 1398 1933 1478; baseline 0.001 -20"><span class='ocrx_word' id='word_1_195' title='bbox 231 1405 309 1469; x_wconf 79' lang='lat' dir='ltr'><strong><em>filiae</em></strong></span> <span class='ocrx_word' id='word_1_196' title='bbox 328 1413 397 1458; x_wconf 81' lang='lat' dir='ltr'><strong><em>taor.</em></strong></span> <span class='ocrx_word' id='word_1_197' title='bbox 418 1423 443 1456; x_wconf 87' lang='lat' dir='ltr'><strong><em>v.</em></strong></span> <span class='ocrx_word' id='word_1_198' title='bbox 466 1407 507 1458; x_wconf 86' lang='grc'><strong><em>31.</em></strong></span> <span class='ocrx_word' id='word_1_199' title='bbox 529 1403 660 1471; x_wconf 78' lang='lat' dir='ltr'><strong><em>Requiem</em></strong></span> <span class='ocrx_word' id='word_1_200' title='bbox 683 1399 859 1454; x_wconf 85' lang='lat' dir='ltr'><strong><em>aeternitatie</em></strong></span> <span class='ocrx_word' id='word_1_201' title='bbox 877 1398 957 1452; x_wconf 86' lang='lat' dir='ltr'><strong><em>dabit</em></strong></span> <span class='ocrx_word' id='word_1_202' title='bbox 977 1399 1069 1464; x_wconf 86' lang='lat' dir='ltr'><strong><em>robie,·</em></strong></span> <span class='ocrx_word' id='word_1_203' title='bbox 1098 1402 1167 1457; x_wconf 77' lang='lat' dir='ltr'><strong><em>catis</em></strong></span> <span class='ocrx_word' id='word_1_204' title='bbox 1186 1401 1315 1466; x_wconf 76' lang='lat' dir='ltr'><strong><em>abstinet,</em></strong></span> <span class='ocrx_word' id='word_1_205' title='bbox 1334 1420 1369 1457; x_wconf 85' lang='lat' dir='ltr'><strong><em>ne</em></strong></span> <span class='ocrx_word' id='word_1_206' title='bbox 1387 1403 1571 1460; x_wconf 82' lang='lat' dir='ltr'><strong><em>conscientiae</em></strong></span> <span class='ocrx_word' id='word_1_207' title='bbox 1590 1421 1695 1460; x_wconf 82' lang='lat' dir='ltr'><strong><em>moreue</em></strong></span> <span class='ocrx_word' id='word_1_208' title='bbox 1712 1407 1853 1474; x_wconf 78' lang='lat' dir='ltr'><strong><em>incurrat).</em></strong></span> <span class='ocrx_word' id='word_1_209' title='bbox 1872 1424 1933 1478; x_wconf 82' lang='lat' dir='ltr'><strong><em>cup.</em></strong></span> 
     </span>
     <span class='ocr_line' id='line_1_15' title="bbox 232 1484 1936 1563; baseline 0.001 -17"><span class='ocrx_word' id='word_1_210' title='bbox 232 1509 258 1546; x_wconf 84' lang='lat' dir='ltr'><strong><em>v.</em></strong></span> <span class='ocrx_word' id='word_1_211' title='bbox 279 1497 320 1548; x_wconf 79' lang='lat'><strong><em>35.</em></strong></span> <span class='ocrx_word' id='word_1_212' title='bbox 337 1492 441 1560; x_wconf 89' lang='lat' dir='ltr'><strong><em>parati</em></strong></span> <span class='ocrx_word' id='word_1_213' title='bbox 466 1497 552 1543; x_wconf 90' lang='lat' dir='ltr'><strong><em>eetote</em></strong></span> <span class='ocrx_word' id='word_1_214' title='bbox 581 1491 623 1541; x_wconf 87' lang='lat' dir='ltr'><strong><em>ad</em></strong></span> <span class='ocrx_word' id='word_1_215' title='bbox 648 1488 782 1555; x_wconf 87' lang='lat' dir='ltr'><strong><em>praemia</em></strong></span> <span class='ocrx_word' id='word_1_216' title='bbox 808 1486 899 1554; x_wconf 80' lang='lat' dir='ltr'><strong><em>repni,</em></strong></span> <span class='ocrx_word' id='word_1_217' title='bbox 929 1487 997 1552; x_wconf 77' lang='lat' dir='ltr'><strong><em>quia</em></strong></span> <span class='ocrx_word' id='word_1_218' title='bbox 1023 1484 1071 1538; x_wconf 74' lang='lat' dir='ltr'><strong><em>lux</em></strong></span> <span class='ocrx_word' id='word_1_219' title='bbox 1099 1492 1141 1557; x_wconf 82' lang='grc'><strong><em>31,</em></strong></span> <span class='ocrx_word' id='word_1_220' title='bbox 1158 1493 1240 1543; x_wconf 71' lang='lat' dir='ltr'><strong><em>ult:</em></strong></span> <span class='ocrx_word' id='word_1_221' title='bbox 1262 1489 1566 1557; x_wconf 81' lang='lat' dir='ltr'><strong><em>TimentieDominam,</em></strong></span> <span class='ocrx_word' id='word_1_222' title='bbox 1589 1492 1671 1546; x_wconf 88' lang='lat' dir='ltr'><strong><em>beata</em></strong></span> <span class='ocrx_word' id='word_1_223' title='bbox 1689 1501 1729 1545; x_wconf 85' lang='lat' dir='ltr'><strong><em>eet</em></strong></span> <span class='ocrx_word' id='word_1_224' title='bbox 1746 1495 1842 1546; x_wconf 89' lang='lat' dir='ltr'><strong><em>anima</em></strong></span> <span class='ocrx_word' id='word_1_225' title='bbox 1864 1495 1936 1563; x_wconf 84' lang='lat' dir='ltr'><strong><em>cjue.</em></strong></span> 
     </span>
     <span class='ocr_line' id='line_1_16' title="bbox 230 1571 1937 1648; baseline 0.001 -17"><span class='ocrx_word' id='word_1_226' title='bbox 230 1586 370 1648; x_wconf 86' lang='lat' dir='ltr'><strong><em>perpetuu</em></strong></span> <span class='ocrx_word' id='word_1_227' title='bbox 399 1577 499 1629; x_wconf 86' lang='lat' dir='ltr'><strong><em>lucebit</em></strong></span> <span class='ocrx_word' id='word_1_228' title='bbox 523 1576 600 1629; x_wconf 79' lang='lat' dir='ltr'><strong><em>nobie</em></strong></span> <span class='ocrx_word' id='word_1_229' title='bbox 623 1593 678 1646; x_wconf 88' lang='lat' dir='ltr'><strong><em>pcr</em></strong></span> <span class='ocrx_word' id='word_1_230' title='bbox 707 1573 899 1628; x_wconf 86' lang='lat' dir='ltr'><strong><em>aeternitatem</em></strong></span> <span class='ocrx_word' id='word_1_231' title='bbox 929 1571 1070 1640; x_wconf 81' lang='lat' dir='ltr'><strong><em>temporie.</em></strong></span> <span class='ocrx_word' id='word_1_232' title='bbox 1098 1591 1158 1644; x_wconf 82' lang='lat' dir='ltr'><strong><em>cup.</em></strong></span> <span class='ocrx_word' id='word_1_233' title='bbox 1179 1581 1220 1642; x_wconf 88' lang='grc'><strong><em>59,</em></strong></span> <span class='ocrx_word' id='word_1_234' title='bbox 1240 1592 1267 1632; x_wconf 86' lang='lat' dir='ltr'><strong><em>v.</em></strong></span> <span class='ocrx_word' id='word_1_235' title='bbox 1288 1581 1334 1632; x_wconf 83' lang='lat'><strong><em>30:</em></strong></span> <span class='ocrx_word' id='word_1_236' title='bbox 1358 1576 1478 1643; x_wconf 78' lang='lat' dir='ltr'><strong><em>Bootae,</em></strong></span> <span class='ocrx_word' id='word_1_237' title='bbox 1502 1578 1600 1646; x_wconf 78' lang='lat' dir='ltr'><strong><em>quiin</em></strong></span> <span class='ocrx_word' id='word_1_238' title='bbox 1625 1579 1688 1631; x_wconf 85' lang='lat' dir='ltr'><strong><em>ietie</em></strong></span> <span class='ocrx_word' id='word_1_239' title='bbox 1707 1580 1785 1633; x_wconf 84' lang='lat' dir='ltr'><strong><em>bonir</em></strong></span> <span class='ocrx_word' id='word_1_240' title='bbox 1804 1589 1937 1633; x_wconf 67' lang='lat' dir='ltr'><strong><em>aeream</em></strong></span> 
     </span>
     <span class='ocr_line' id='line_1_17' title="bbox 233 1660 1936 1730; baseline 0.001 -10"><span class='ocrx_word' id='word_1_241' title='bbox 233 1682 259 1718; x_wconf 88' lang='lat' dir='ltr'><strong><em>v.</em></strong></span> <span class='ocrx_word' id='word_1_242' title='bbox 277 1667 318 1721; x_wconf 83' lang='grc'><strong><em>12.</em></strong></span> <span class='ocrx_word' id='word_1_243' title='bbox 348 1664 417 1718; x_wconf 88' lang='lat' dir='ltr'><strong><em>Vidi</em></strong></span> <span class='ocrx_word' id='word_1_244' title='bbox 433 1665 463 1715; x_wconf 90' lang='lat' dir='ltr'><strong><em>in</em></strong></span> <span class='ocrx_word' id='word_1_245' title='bbox 482 1671 572 1716; x_wconf 91' lang='lat' dir='ltr'><strong><em>monte</em></strong></span> <span class='ocrx_word' id='word_1_246' title='bbox 592 1661 663 1715; x_wconf 81' lang='lat' dir='ltr'><strong><em>Sion</em></strong></span> <span class='ocrx_word' id='word_1_247' title='bbox 681 1661 791 1714; x_wconf 87' lang='lat' dir='ltr'><strong><em>turbam</em></strong></span> <span class='ocrx_word' id='word_1_248' title='bbox 815 1677 961 1728; x_wconf 78' lang='lat' dir='ltr'><strong><em>mapnam,</em></strong></span> <span class='ocrx_word' id='word_1_249' title='bbox 988 1675 1071 1726; x_wconf 73' lang='lat' dir='ltr'><strong><em>arcam</em></strong></span> <span class='ocrx_word' id='word_1_250' title='bbox 1098 1669 1149 1718; x_wconf 87' lang='lat' dir='ltr'><strong><em>etc.</em></strong></span> <span class='ocrx_word' id='word_1_251' title='bbox 1188 1666 1212 1718; x_wconf 95' lang='grc'><strong><em>2.</em></strong></span> <span class='ocrx_word' id='word_1_252' title='bbox 1231 1660 1356 1716; x_wconf 84' lang='lat' dir='ltr'><strong><em>Macceb.</em></strong></span> <span class='ocrx_word' id='word_1_253' title='bbox 1378 1668 1402 1730; x_wconf 80' lang='lat'><strong><em>7,</em></strong></span> <span class='ocrx_word' id='word_1_254' title='bbox 1422 1680 1449 1718; x_wconf 84' lang='lat' dir='ltr'><strong><em>r.</em></strong></span> <span class='ocrx_word' id='word_1_255' title='bbox 1468 1669 1500 1718; x_wconf 86' lang='lat'><strong><em>8:</em></strong></span> <span class='ocrx_word' id='word_1_256' title='bbox 1519 1665 1580 1717; x_wconf 84' lang='lat' dir='ltr'><strong><em>Ren</em></strong></span> <span class='ocrx_word' id='word_1_257' title='bbox 1596 1665 1766 1720; x_wconf 86' lang='lat' dir='ltr'><strong><em>mundinae</em></strong></span> <span class='ocrx_word' id='word_1_258' title='bbox 1784 1667 1936 1726; x_wconf 64' lang='lat' dir='ltr'><strong><em>damnatae</em></strong></span> 
     </span>
     <span class='ocr_line' id='line_1_18' title="bbox 232 1745 1933 1818; baseline 0.001 -14"><span class='ocrx_word' id='word_1_259' title='bbox 232 1768 382 1804; x_wconf 87' lang='lat' dir='ltr'><strong><em>numerare</em></strong></span> <span class='ocrx_word' id='word_1_260' title='bbox 401 1767 457 1802; x_wconf 91' lang='lat' dir='ltr'><strong><em>non</em></strong></span> <span class='ocrx_word' id='word_1_261' title='bbox 472 1749 560 1817; x_wconf 87' lang='lat' dir='ltr'><strong><em>potui,</em></strong></span> <span class='ocrx_word' id='word_1_262' title='bbox 582 1757 607 1800; x_wconf 89' lang='lat' dir='ltr'><strong><em>ct</em></strong></span> <span class='ocrx_word' id='word_1_263' title='bbox 629 1764 721 1800; x_wconf 89' lang='lat' dir='ltr'><strong><em>omnee</em></strong></span> <span class='ocrx_word' id='word_1_264' title='bbox 736 1746 853 1799; x_wconf 87' lang='lat' dir='ltr'><strong><em>canticie</em></strong></span> <span class='ocrx_word' id='word_1_265' title='bbox 867 1745 1071 1797; x_wconf 70' lang='lat' dir='ltr'><strong><em>collaudabant</em></strong></span> <span class='ocrx_word' id='word_1_266' title='bbox 1095 1765 1151 1818; x_wconf 87' lang='lat' dir='ltr'><strong><em>pro</em></strong></span> <span class='ocrx_word' id='word_1_267' title='bbox 1164 1748 1223 1801; x_wconf 86' lang='lat' dir='ltr'><strong><em>eaie</em></strong></span> <span class='ocrx_word' id='word_1_268' title='bbox 1244 1748 1352 1815; x_wconf 81' lang='lat' dir='ltr'><strong><em>lepibae</em></strong></span> <span class='ocrx_word' id='word_1_269' title='bbox 1371 1749 1401 1801; x_wconf 91' lang='lat' dir='ltr'><strong><em>in</em></strong></span> <span class='ocrx_word' id='word_1_270' title='bbox 1422 1757 1552 1802; x_wconf 74' lang='lat' dir='ltr'><strong><em>aeternae</em></strong></span> <span class='ocrx_word' id='word_1_271' title='bbox 1565 1751 1640 1804; x_wconf 87' lang='lat' dir='ltr'><strong><em>uitae</em></strong></span> <span class='ocrx_word' id='word_1_272' title='bbox 1651 1752 1857 1805; x_wconf 75' lang='lat' dir='ltr'><strong><em>romarectione</em></strong></span> <span class='ocrx_word' id='word_1_273' title='bbox 1872 1771 1933 1806; x_wconf 87' lang='lat' dir='ltr'><strong><em>eue-</em></strong></span> 
     </span>
     <span class='ocr_line' id='line_1_19' title="bbox 235 1831 1935 1899; baseline 0.001 -9"><span class='ocrx_word' id='word_1_274' title='bbox 235 1837 396 1890; x_wconf 88' lang='lat' dir='ltr'><strong><em>Dominum.</em></strong></span> <span class='ocrx_word' id='word_1_275' title='bbox 428 1851 455 1894; x_wconf 81' lang='lat' dir='ltr'><strong><em>v.</em></strong></span> <span class='ocrx_word' id='word_1_276' title='bbox 474 1841 515 1891; x_wconf 86' lang='grc'><strong><em>13,</em></strong></span> <span class='ocrx_word' id='word_1_277' title='bbox 549 1837 588 1888; x_wconf 84' lang='lat' dir='ltr'><strong><em>Et</em></strong></span> <span class='ocrx_word' id='word_1_278' title='bbox 607 1836 637 1887; x_wconf 92' lang='lat' dir='ltr'><strong><em>in</em></strong></span> <span class='ocrx_word' id='word_1_279' title='bbox 655 1833 748 1886; x_wconf 83' lang='lat' dir='ltr'><strong><em>medio</em></strong></span> <span class='ocrx_word' id='word_1_280' title='bbox 767 1849 862 1886; x_wconf 84' lang='lat' dir='ltr'><strong><em>eorum</em></strong></span> <span class='ocrx_word' id='word_1_281' title='bbox 881 1839 943 1885; x_wconf 87' lang='lat' dir='ltr'><strong><em>erat</em></strong></span> <span class='ocrx_word' id='word_1_282' title='bbox 956 1831 1071 1899; x_wconf 74' lang='lat' dir='ltr'><strong><em>juvenis</em></strong></span> <span class='ocrx_word' id='word_1_283' title='bbox 1098 1833 1202 1892; x_wconf 82' lang='lat' dir='ltr'><strong><em>citabit.</em></strong></span> <span class='ocrx_word' id='word_1_284' title='bbox 1244 1852 1270 1888; x_wconf 81' lang='lat' dir='ltr'><strong><em>r.</em></strong></span> <span class='ocrx_word' id='word_1_285' title='bbox 1284 1839 1326 1892; x_wconf 88' lang='grc'><strong><em>36.</em></strong></span> <span class='ocrx_word' id='word_1_286' title='bbox 1349 1835 1471 1888; x_wconf 68' lang='lat' dir='ltr'><strong><em>Fratree</em></strong></span> <span class='ocrx_word' id='word_1_287' title='bbox 1494 1837 1549 1888; x_wconf 90' lang='lat' dir='ltr'><strong><em>mei</em></strong></span> <span class='ocrx_word' id='word_1_288' title='bbox 1572 1837 1683 1890; x_wconf 89' lang='lat' dir='ltr'><strong><em>modico</em></strong></span> <span class='ocrx_word' id='word_1_289' title='bbox 1710 1837 1811 1890; x_wconf 89' lang='lat' dir='ltr'><strong><em>dolore</em></strong></span> <span class='ocrx_word' id='word_1_290' title='bbox 1829 1847 1935 1892; x_wconf 78' lang='lat' dir='ltr'><strong><em>meren·</em></strong></span> 
     </span>
     <span class='ocr_line' id='line_1_20' title="bbox 233 1916 1856 1992; baseline 0.001 -17"><span class='ocrx_word' id='word_1_291' title='bbox 233 1930 343 1975; x_wconf 76' lang='lat' dir='ltr'><strong><em>natura</em></strong></span> <span class='ocrx_word' id='word_1_292' title='bbox 362 1922 462 1986; x_wconf 73' lang='lat' dir='ltr'><strong><em>colmie,</em></strong></span> <span class='ocrx_word' id='word_1_293' title='bbox 480 1920 644 1974; x_wconf 83' lang='lat' dir='ltr'><strong><em>eminentior</em></strong></span> <span class='ocrx_word' id='word_1_294' title='bbox 663 1919 789 1973; x_wconf 88' lang='lat' dir='ltr'><strong><em>omnibue</em></strong></span> <span class='ocrx_word' id='word_1_295' title='bbox 807 1918 877 1981; x_wconf 88' lang='lat' dir='ltr'><strong><em>illie,</em></strong></span> <span class='ocrx_word' id='word_1_296' title='bbox 906 1924 931 1969; x_wconf 92' lang='lat' dir='ltr'><strong><em>et</em></strong></span> <span class='ocrx_word' id='word_1_297' title='bbox 950 1916 1071 1984; x_wconf 79' lang='lat' dir='ltr'><strong><em>einpalie</em></strong></span> <span class='ocrx_word' id='word_1_298' title='bbox 1098 1928 1166 1988; x_wconf 90' lang='lat' dir='ltr'><strong><em>tato,</em></strong></span> <span class='ocrx_word' id='word_1_299' title='bbox 1184 1920 1234 1972; x_wconf 91' lang='lat' dir='ltr'><strong><em>eub</em></strong></span> <span class='ocrx_word' id='word_1_300' title='bbox 1253 1926 1415 1974; x_wconf 74' lang='lat' dir='ltr'><strong><em>tentamento</em></strong></span> <span class='ocrx_word' id='word_1_301' title='bbox 1432 1929 1561 1974; x_wconf 85' lang='lat' dir='ltr'><strong><em>aeternae</em></strong></span> <span class='ocrx_word' id='word_1_302' title='bbox 1577 1923 1652 1975; x_wconf 75' lang='lat' dir='ltr'><strong><em>udae</em></strong></span> <span class='ocrx_word' id='word_1_303' title='bbox 1669 1924 1764 1992; x_wconf 79' lang='lat' dir='ltr'><strong><em>effecti</em></strong></span> <span class='ocrx_word' id='word_1_304' title='bbox 1783 1931 1856 1982; x_wconf 89' lang='lat' dir='ltr'><strong><em>eunt.</em></strong></span> 
     </span>
     <span class='ocr_line' id='line_1_21' title="bbox 233 2002 2005 2098; baseline 0.001 -36"><span class='ocrx_word' id='word_1_305' title='bbox 233 2025 329 2062; x_wconf 85' lang='lat' dir='ltr'><strong><em>eornm</em></strong></span> <span class='ocrx_word' id='word_1_306' title='bbox 346 2008 485 2078; x_wconf 87' lang='lat' dir='ltr'><strong><em>capitibae</em></strong></span> <span class='ocrx_word' id='word_1_307' title='bbox 502 2006 660 2078; x_wconf 84' lang='lat' dir='ltr'><strong><em>imponebat</em></strong></span> <span class='ocrx_word' id='word_1_308' title='bbox 673 2022 794 2060; x_wconf 89' lang='lat' dir='ltr'><strong><em>coronae</em></strong></span> <span class='ocrx_word' id='word_1_309' title='bbox 810 2012 835 2056; x_wconf 90' lang='lat' dir='ltr'><strong><em>ct</em></strong></span> <span class='ocrx_word' id='word_1_310' title='bbox 853 2003 942 2070; x_wconf 79' lang='lat' dir='ltr'><strong><em>mapie</em></strong></span> <span class='ocrx_word' id='word_1_311' title='bbox 963 2002 1070 2056; x_wconf 77' lang='lat' dir='ltr'><strong><em>realta·</em></strong></span> <span class='ocrx_word' id='word_1_312' title='bbox 1135 2009 1172 2059; x_wconf 86' lang='grc'><strong><em>18,</em></strong></span> <span class='ocrx_word' id='word_1_313' title='bbox 1209 2010 1234 2060; x_wconf 95' lang='grc'><strong><em>2.</em></strong></span> <span class='ocrx_word' id='word_1_314' title='bbox 1260 2004 1293 2059; x_wconf 88' lang='lat' dir='ltr'><strong><em>In</em></strong></span> <span class='ocrx_word' id='word_1_315' title='bbox 1312 2004 1392 2060; x_wconf 86' lang='lat' dir='ltr'><strong><em>Novo</em></strong></span> <span class='ocrx_word' id='word_1_316' title='bbox 1407 2005 1587 2061; x_wconf 77' lang='lat' dir='ltr'><strong><em>&#39;fcemmcnto</em></strong></span> <span class='ocrx_word' id='word_1_317' title='bbox 1608 2008 1767 2063; x_wconf 78' lang='lat' dir='ltr'><strong><em>testimonie</em></strong></span> <span class='ocrx_word' id='word_1_318' title='bbox 1786 2007 2005 2098; x_wconf 50' lang='lat' dir='ltr'><strong><em>occumumffi</em></strong></span> 
     </span>
     <span class='ocr_line' id='line_1_22' title="bbox 234 2086 2005 2166; baseline 0.002 -20"><span class='ocrx_word' id='word_1_319' title='bbox 234 2095 317 2148; x_wconf 86' lang='lat' dir='ltr'><strong><em>batur</em></strong></span> <span class='ocrx_word' id='word_1_320' title='bbox 332 2099 385 2150; x_wconf 79' lang='lat' dir='ltr'><strong><em>cta.</em></strong></span> <span class='ocrx_word' id='word_1_321' title='bbox 404 2110 430 2147; x_wconf 83' lang='lat' dir='ltr'><strong><em>v.</em></strong></span> <span class='ocrx_word' id='word_1_322' title='bbox 450 2098 492 2150; x_wconf 88' lang='grc'><strong><em>14.</em></strong></span> <span class='ocrx_word' id='word_1_323' title='bbox 515 2093 593 2144; x_wconf 83' lang='lat' dir='ltr'><strong><em>Tunc</em></strong></span> <span class='ocrx_word' id='word_1_324' title='bbox 614 2090 788 2157; x_wconf 68' lang='lat' dir='ltr'><strong><em>itaer-rapaci</em></strong></span> <span class='ocrx_word' id='word_1_325' title='bbox 801 2090 933 2157; x_wconf 80' lang='lat' dir='ltr'><strong><em>anpelum</em></strong></span> <span class='ocrx_word' id='word_1_326' title='bbox 952 2088 1069 2143; x_wconf 83' lang='lat' dir='ltr'><strong><em>ctdiri:</em></strong></span> <span class='ocrx_word' id='word_1_327' title='bbox 1096 2092 1178 2160; x_wconf 88' lang='lat' dir='ltr'><strong><em>longe</em></strong></span> <span class='ocrx_word' id='word_1_328' title='bbox 1196 2090 1323 2161; x_wconf 84' lang='lat' dir='ltr'><strong><em>plurime,</em></strong></span> <span class='ocrx_word' id='word_1_329' title='bbox 1348 2108 1409 2144; x_wconf 92' lang='lat' dir='ltr'><strong><em>cum</em></strong></span> <span class='ocrx_word' id='word_1_330' title='bbox 1428 2092 1458 2145; x_wconf 90' lang='lat' dir='ltr'><strong><em>in</em></strong></span> <span class='ocrx_word' id='word_1_331' title='bbox 1477 2092 1593 2162; x_wconf 77' lang='lat' dir='ltr'><strong><em>singulis</em></strong></span> <span class='ocrx_word' id='word_1_332' title='bbox 1612 2091 1669 2148; x_wconf 88' lang='lat' dir='ltr'><strong><em>iere</em></strong></span> <span class='ocrx_word' id='word_1_333' title='bbox 1689 2094 1828 2164; x_wconf 72' lang='lat' dir='ltr'><strong><em>capitibus</em></strong></span> <span class='ocrx_word' id='word_1_334' title='bbox 1848 2113 1933 2166; x_wconf 83' lang='lat' dir='ltr'><strong><em>quac-</em></strong></span> <span class='ocrx_word' id='word_1_335' title='bbox 1967 2089 1972 2100; x_wconf 83' lang='lat'>&#39;</span> <span class='ocrx_word' id='word_1_336' title='bbox 2000 2086 2005 2097; x_wconf 61' lang='lat'><strong><em>⁹</em></strong></span> 
     </span>
     <span class='ocr_line' id='line_1_23' title="bbox 236 2175 1934 2250; baseline 0.001 -16"><span class='ocrx_word' id='word_1_337' title='bbox 236 2180 291 2243; x_wconf 74' lang='lat' dir='ltr'><strong><em>aa</em></strong></span> <span class='ocrx_word' id='word_1_338' title='bbox 308 2188 374 2234; x_wconf 85' lang='lat' dir='ltr'><strong><em>eunt</em></strong></span> <span class='ocrx_word' id='word_1_339' title='bbox 391 2179 429 2246; x_wconf 86' lang='lat' dir='ltr'><strong><em>bi,</em></strong></span> <span class='ocrx_word' id='word_1_340' title='bbox 447 2179 590 2233; x_wconf 73' lang='lat' dir='ltr'><strong><em>Domine!</em></strong></span> <span class='ocrx_word' id='word_1_341' title='bbox 617 2193 640 2232; x_wconf 85' lang='lat' dir='ltr'><strong><em>r.</em></strong></span> <span class='ocrx_word' id='word_1_342' title='bbox 659 2182 701 2232; x_wconf 87' lang='grc'><strong><em>15.</em></strong></span> <span class='ocrx_word' id='word_1_343' title='bbox 731 2177 786 2239; x_wconf 84' lang='lat' dir='ltr'><strong><em>Qui</em></strong></span> <span class='ocrx_word' id='word_1_344' title='bbox 802 2178 975 2244; x_wconf 77' lang='lat' dir='ltr'><strong><em>reapondene</em></strong></span> <span class='ocrx_word' id='word_1_345' title='bbox 996 2175 1070 2228; x_wconf 81' lang='lat' dir='ltr'><strong><em>dicit</em></strong></span> <span class='ocrx_word' id='word_1_346' title='bbox 1097 2177 1161 2230; x_wconf 85' lang='lat' dir='ltr'><strong><em>dam</em></strong></span> <span class='ocrx_word' id='word_1_347' title='bbox 1180 2177 1245 2232; x_wconf 79' lang='lat' dir='ltr'><strong><em>solie</em></strong></span> <span class='ocrx_word' id='word_1_348' title='bbox 1264 2175 1351 2232; x_wconf 79' lang='lat' dir='ltr'><strong><em>radiis</em></strong></span> <span class='ocrx_word' id='word_1_349' title='bbox 1375 2178 1479 2247; x_wconf 82' lang='lat' dir='ltr'><strong><em>scripta</em></strong></span> <span class='ocrx_word' id='word_1_350' title='bbox 1504 2183 1618 2232; x_wconf 77' lang='lat' dir='ltr'><strong><em>erotem.</em></strong></span> <span class='ocrx_word' id='word_1_351' title='bbox 1655 2180 1739 2250; x_wconf 79' lang='lat' dir='ltr'><strong><em>Apud</em></strong></span> <span class='ocrx_word' id='word_1_352' title='bbox 1762 2181 1934 2237; x_wconf 80' lang='lat' dir='ltr'><strong><em>Matthecum</em></strong></span> 
     </span>
     <span class='ocr_line' id='line_1_24' title="bbox 234 2263 1933 2336; baseline 0.001 -16"><span class='ocrx_word' id='word_1_353' title='bbox 234 2267 318 2320; x_wconf 79' lang='lat' dir='ltr'><strong><em>milii:</em></strong></span> <span class='ocrx_word' id='word_1_354' title='bbox 342 2268 384 2319; x_wconf 88' lang='lat' dir='ltr'><strong><em>Hi</em></strong></span> <span class='ocrx_word' id='word_1_355' title='bbox 400 2274 479 2332; x_wconf 86' lang='lat' dir='ltr'><strong><em>eant,</em></strong></span> <span class='ocrx_word' id='word_1_356' title='bbox 505 2266 556 2334; x_wconf 81' lang='lat' dir='ltr'><strong><em>qni</em></strong></span> <span class='ocrx_word' id='word_1_357' title='bbox 574 2264 720 2318; x_wconf 80' lang='lat' dir='ltr'><strong><em>mortalem</em></strong></span> <span class='ocrx_word' id='word_1_358' title='bbox 739 2263 863 2314; x_wconf 91' lang='lat' dir='ltr'><strong><em>tunicam</em></strong></span> <span class='ocrx_word' id='word_1_359' title='bbox 882 2263 1070 2330; x_wconf 72' lang='lat' dir='ltr'><strong><em>deportarunt</em></strong></span> <span class='ocrx_word' id='word_1_360' title='bbox 1096 2263 1204 2332; x_wconf 82' lang='lat' dir='ltr'><strong><em>potiore.</em></strong></span> <span class='ocrx_word' id='word_1_361' title='bbox 1231 2263 1301 2318; x_wconf 82' lang='lat' dir='ltr'><strong><em>heac</em></strong></span> <span class='ocrx_word' id='word_1_362' title='bbox 1328 2271 1406 2326; x_wconf 84' lang='lat' dir='ltr'><strong><em>eunt,</em></strong></span> <span class='ocrx_word' id='word_1_363' title='bbox 1436 2263 1533 2319; x_wconf 85' lang='lat' dir='ltr'><strong><em>Metth.</em></strong></span> <span class='ocrx_word' id='word_1_364' title='bbox 1553 2268 1579 2330; x_wconf 84' lang='grc'><strong><em>3,</em></strong></span> <span class='ocrx_word' id='word_1_365' title='bbox 1605 2283 1631 2320; x_wconf 77' lang='lat' dir='ltr'><strong><em>r.</em></strong></span> <span class='ocrx_word' id='word_1_366' title='bbox 1660 2271 1705 2320; x_wconf 84' lang='lat'><strong><em>12:</em></strong></span> <span class='ocrx_word' id='word_1_367' title='bbox 1740 2266 1933 2336; x_wconf 78' lang='lat' dir='ltr'><strong><em>Conprepabit</em></strong></span> 
     </span>
     <span class='ocr_line' id='line_1_25' title="bbox 234 2349 1933 2422; baseline -0.001 -15"><span class='ocrx_word' id='word_1_368' title='bbox 234 2362 261 2407; x_wconf 86' lang='lat' dir='ltr'><strong><em>et</em></strong></span> <span class='ocrx_word' id='word_1_369' title='bbox 287 2353 472 2406; x_wconf 86' lang='lat' dir='ltr'><strong><em>immortalem</em></strong></span> <span class='ocrx_word' id='word_1_370' title='bbox 498 2359 655 2404; x_wconf 85' lang='lat' dir='ltr'><strong><em>eameerant</em></strong></span> <span class='ocrx_word' id='word_1_371' title='bbox 681 2357 708 2402; x_wconf 90' lang='lat' dir='ltr'><strong><em>et</em></strong></span> <span class='ocrx_word' id='word_1_372' title='bbox 732 2349 858 2413; x_wconf 75' lang='lat' dir='ltr'><strong><em>conferri</em></strong></span> <span class='ocrx_word' id='word_1_373' title='bbox 882 2356 947 2401; x_wconf 88' lang='lat' dir='ltr'><strong><em>eunt</em></strong></span> <span class='ocrx_word' id='word_1_374' title='bbox 971 2364 1070 2402; x_wconf 87' lang='lat' dir='ltr'><strong><em>nomen</em></strong></span> <span class='ocrx_word' id='word_1_375' title='bbox 1099 2349 1225 2403; x_wconf 62' lang='lat' dir='ltr'><strong><em>Obruitur</em></strong></span> <span class='ocrx_word' id='word_1_376' title='bbox 1249 2351 1373 2404; x_wconf 76' lang='lat' dir='ltr'><strong><em>triticam</em></strong></span> <span class='ocrx_word' id='word_1_377' title='bbox 1396 2351 1426 2404; x_wconf 92' lang='lat' dir='ltr'><strong><em>in</em></strong></span> <span class='ocrx_word' id='word_1_378' title='bbox 1446 2351 1577 2404; x_wconf 74' lang='lat' dir='ltr'><strong><em>barrama</em></strong></span> <span class='ocrx_word' id='word_1_379' title='bbox 1603 2368 1694 2406; x_wconf 86' lang='lat' dir='ltr'><strong><em>eaam.</em></strong></span> <span class='ocrx_word' id='word_1_380' title='bbox 1731 2368 1791 2422; x_wconf 84' lang='lat' dir='ltr'><strong><em>cap.</em></strong></span> <span class='ocrx_word' id='word_1_381' title='bbox 1813 2361 1837 2414; x_wconf 84' lang='lat'><strong><em>5,</em></strong></span> <span class='ocrx_word' id='word_1_382' title='bbox 1858 2371 1884 2406; x_wconf 83' lang='lat' dir='ltr'><strong><em>r.</em></strong></span> <span class='ocrx_word' id='word_1_383' title='bbox 1905 2361 1933 2409; x_wconf 73' lang='grc' dir='ltr'><strong><em>δι</em></strong></span> 
     </span>
     <span class='ocr_line' id='line_1_26' title="bbox 235 2436 1934 2509; baseline -0.001 -15"><span class='ocrx_word' id='word_1_384' title='bbox 235 2441 302 2499; x_wconf 84' lang='lat' dir='ltr'><strong><em>Dei.</em></strong></span> <span class='ocrx_word' id='word_1_385' title='bbox 333 2440 426 2493; x_wconf 92' lang='lat' dir='ltr'><strong><em>Modo</em></strong></span> <span class='ocrx_word' id='word_1_386' title='bbox 445 2445 617 2492; x_wconf 85' lang='lat' dir='ltr'><strong><em>coronantur</em></strong></span> <span class='ocrx_word' id='word_1_387' title='bbox 635 2445 661 2490; x_wconf 88' lang='lat' dir='ltr'><strong><em>ct</em></strong></span> <span class='ocrx_word' id='word_1_388' title='bbox 679 2436 821 2504; x_wconf 88' lang='lat' dir='ltr'><strong><em>accipiant</em></strong></span> <span class='ocrx_word' id='word_1_389' title='bbox 834 2436 958 2504; x_wconf 87' lang='lat' dir='ltr'><strong><em>palmae.</em></strong></span> <span class='ocrx_word' id='word_1_390' title='bbox 984 2453 1009 2489; x_wconf 84' lang='lat' dir='ltr'><strong><em>v.</em></strong></span> <span class='ocrx_word' id='word_1_391' title='bbox 1028 2440 1069 2492; x_wconf 88' lang='grc'><strong><em>16.</em></strong></span> <span class='ocrx_word' id='word_1_392' title='bbox 1097 2437 1184 2490; x_wconf 87' lang='lat' dir='ltr'><strong><em>Beati</em></strong></span> <span class='ocrx_word' id='word_1_393' title='bbox 1195 2439 1464 2508; x_wconf 83' lang='lat' dir='ltr'><strong><em>paupereeepirita,</em></strong></span> <span class='ocrx_word' id='word_1_394' title='bbox 1483 2439 1755 2509; x_wconf 77' lang='lat' dir='ltr'><strong><em>quoniamipeorum</em></strong></span> <span class='ocrx_word' id='word_1_395' title='bbox 1768 2448 1934 2509; x_wconf 78' lang='lat' dir='ltr'><strong><em>eetrepnum</em></strong></span> 
     </span>
     <span class='ocr_line' id='line_1_27' title="bbox 234 2521 1934 2595; baseline 0.001 -16"><span class='ocrx_word' id='word_1_396' title='bbox 234 2527 274 2580; x_wconf 80' lang='lat' dir='ltr'><strong><em>Et</em></strong></span> <span class='ocrx_word' id='word_1_397' title='bbox 295 2526 362 2579; x_wconf 80' lang='lat' dir='ltr'><strong><em>dici</em></strong></span> <span class='ocrx_word' id='word_1_398' title='bbox 382 2525 497 2594; x_wconf 66' lang='lat' dir='ltr'><strong><em>ampelo:</em></strong></span> <span class='ocrx_word' id='word_1_399' title='bbox 514 2523 571 2577; x_wconf 90' lang='lat' dir='ltr'><strong><em>Ille</em></strong></span> <span class='ocrx_word' id='word_1_400' title='bbox 590 2523 705 2592; x_wconf 79' lang='lat' dir='ltr'><strong><em>juvenii</em></strong></span> <span class='ocrx_word' id='word_1_401' title='bbox 723 2523 785 2592; x_wconf 79' lang='lat' dir='ltr'><strong><em>quie</em></strong></span> <span class='ocrx_word' id='word_1_402' title='bbox 804 2530 851 2589; x_wconf 85' lang='lat' dir='ltr'><strong><em>eet,</em></strong></span> <span class='ocrx_word' id='word_1_403' title='bbox 872 2523 923 2592; x_wconf 74' lang='lat' dir='ltr'><strong><em>qui</em></strong></span> <span class='ocrx_word' id='word_1_404' title='bbox 939 2521 979 2575; x_wconf 88' lang='lat' dir='ltr'><strong><em>cie</em></strong></span> <span class='ocrx_word' id='word_1_405' title='bbox 992 2539 1069 2576; x_wconf 93' lang='lat' dir='ltr'><strong><em>coro·</em></strong></span> <span class='ocrx_word' id='word_1_406' title='bbox 1098 2523 1255 2587; x_wconf 86' lang='lat' dir='ltr'><strong><em>coelorum;</em></strong></span> <span class='ocrx_word' id='word_1_407' title='bbox 1273 2542 1298 2576; x_wconf 89' lang='lat' dir='ltr'><strong><em>v.</em></strong></span> <span class='ocrx_word' id='word_1_408' title='bbox 1312 2531 1335 2580; x_wconf 94' lang='grc'><strong><em>1.</em></strong></span> <span class='ocrx_word' id='word_1_409' title='bbox 1354 2525 1438 2589; x_wconf 88' lang='lat' dir='ltr'><strong><em>beati,</em></strong></span> <span class='ocrx_word' id='word_1_410' title='bbox 1456 2525 1507 2593; x_wconf 77' lang='lat' dir='ltr'><strong><em>qui</em></strong></span> <span class='ocrx_word' id='word_1_411' title='bbox 1523 2524 1628 2592; x_wconf 67' lang='lat' dir='ltr'><strong><em>lacent,</em></strong></span> <span class='ocrx_word' id='word_1_412' title='bbox 1647 2527 1780 2593; x_wconf 75' lang='lat' dir='ltr'><strong><em>quoniam</em></strong></span> <span class='ocrx_word' id='word_1_413' title='bbox 1797 2527 1854 2595; x_wconf 88' lang='lat' dir='ltr'><strong><em>ipei</em></strong></span> <span class='ocrx_word' id='word_1_414' title='bbox 1869 2537 1934 2580; x_wconf 86' lang='lat' dir='ltr'><strong><em>con-</em></strong></span> 
     </span>
     <span class='ocr_line' id='line_1_28' title="bbox 235 2607 1935 2683; baseline 0 -17"><span class='ocrx_word' id='word_1_415' title='bbox 235 2626 288 2666; x_wconf 86' lang='lat' dir='ltr'><strong><em>nae</em></strong></span> <span class='ocrx_word' id='word_1_416' title='bbox 308 2612 425 2681; x_wconf 86' lang='lat' dir='ltr'><strong><em>imponit</em></strong></span> <span class='ocrx_word' id='word_1_417' title='bbox 443 2617 468 2664; x_wconf 85' lang='lat' dir='ltr'><strong><em>et</em></strong></span> <span class='ocrx_word' id='word_1_418' title='bbox 480 2610 598 2678; x_wconf 86' lang='lat' dir='ltr'><strong><em>palmae</em></strong></span> <span class='ocrx_word' id='word_1_419' title='bbox 617 2611 647 2663; x_wconf 90' lang='lat' dir='ltr'><strong><em>in</em></strong></span> <span class='ocrx_word' id='word_1_420' title='bbox 666 2626 766 2662; x_wconf 86' lang='lat' dir='ltr'><strong><em>manue</em></strong></span> <span class='ocrx_word' id='word_1_421' title='bbox 783 2608 896 2660; x_wconf 73' lang='lat' dir='ltr'><strong><em>tradit!</em></strong></span> <span class='ocrx_word' id='word_1_422' title='bbox 922 2625 948 2660; x_wconf 78' lang='lat' dir='ltr'><strong><em>v.</em></strong></span> <span class='ocrx_word' id='word_1_423' title='bbox 968 2612 1007 2662; x_wconf 81' lang='grc'><strong><em>17.</em></strong></span> <span class='ocrx_word' id='word_1_424' title='bbox 1031 2607 1070 2660; x_wconf 85' lang='lat' dir='ltr'><strong><em>Et</em></strong></span> <span class='ocrx_word' id='word_1_425' title='bbox 1097 2610 1277 2679; x_wconf 83' lang='lat' dir='ltr'><strong><em>eolabuntar;</em></strong></span> <span class='ocrx_word' id='word_1_426' title='bbox 1304 2628 1328 2665; x_wconf 85' lang='lat' dir='ltr'><strong><em>r.</em></strong></span> <span class='ocrx_word' id='word_1_427' title='bbox 1349 2618 1372 2666; x_wconf 92' lang='grc'><strong><em>5.</em></strong></span> <span class='ocrx_word' id='word_1_428' title='bbox 1399 2611 1473 2664; x_wconf 87' lang='lat' dir='ltr'><strong><em>beati</em></strong></span> <span class='ocrx_word' id='word_1_429' title='bbox 1489 2611 1583 2680; x_wconf 88' lang='lat' dir='ltr'><strong><em>mitee,</em></strong></span> <span class='ocrx_word' id='word_1_430' title='bbox 1610 2612 1742 2681; x_wconf 77' lang='lat' dir='ltr'><strong><em>qnoniam</em></strong></span> <span class='ocrx_word' id='word_1_431' title='bbox 1768 2611 1827 2680; x_wconf 85' lang='lat' dir='ltr'><strong><em>ipei</em></strong></span> <span class='ocrx_word' id='word_1_432' title='bbox 1844 2614 1935 2683; x_wconf 79' lang='lat' dir='ltr'><strong><em>paeri·</em></strong></span> 
     </span>
     <span class='ocr_line' id='line_1_29' title="bbox 233 2694 1934 2767; baseline 0.001 -15"><span class='ocrx_word' id='word_1_433' title='bbox 233 2700 407 2767; x_wconf 84' lang='lat' dir='ltr'><strong><em>reepondene</em></strong></span> <span class='ocrx_word' id='word_1_434' title='bbox 426 2695 498 2750; x_wconf 76' lang='lat' dir='ltr'><strong><em>aira</em></strong></span> <span class='ocrx_word' id='word_1_435' title='bbox 522 2696 605 2750; x_wconf 83' lang='lat' dir='ltr'><strong><em>mibi:</em></strong></span> <span class='ocrx_word' id='word_1_436' title='bbox 630 2696 696 2766; x_wconf 87' lang='lat' dir='ltr'><strong><em>Ipee</em></strong></span> <span class='ocrx_word' id='word_1_437' title='bbox 721 2701 760 2748; x_wconf 90' lang='lat' dir='ltr'><strong><em>cet</em></strong></span> <span class='ocrx_word' id='word_1_438' title='bbox 778 2694 873 2748; x_wconf 80' lang='lat' dir='ltr'><strong><em>Filiae</em></strong></span> <span class='ocrx_word' id='word_1_439' title='bbox 893 2694 965 2762; x_wconf 91' lang='lat' dir='ltr'><strong><em>Dei,</em></strong></span> <span class='ocrx_word' id='word_1_440' title='bbox 991 2709 1070 2761; x_wconf 77' lang='lat' dir='ltr'><strong><em>quem</em></strong></span> <span class='ocrx_word' id='word_1_441' title='bbox 1097 2698 1198 2750; x_wconf 79' lang='lat' dir='ltr'><strong><em>dabam</em></strong></span> <span class='ocrx_word' id='word_1_442' title='bbox 1216 2704 1322 2750; x_wconf 81' lang='lat' dir='ltr'><strong><em>terram</em></strong></span> <span class='ocrx_word' id='word_1_443' title='bbox 1349 2696 1468 2767; x_wconf 85' lang='lat' dir='ltr'><strong><em>(noram,</em></strong></span> <span class='ocrx_word' id='word_1_444' title='bbox 1493 2697 1523 2750; x_wconf 91' lang='lat' dir='ltr'><strong><em>iu</em></strong></span> <span class='ocrx_word' id='word_1_445' title='bbox 1547 2715 1604 2766; x_wconf 87' lang='lat' dir='ltr'><strong><em>qua</em></strong></span> <span class='ocrx_word' id='word_1_446' title='bbox 1617 2698 1727 2767; x_wconf 76' lang='lat' dir='ltr'><strong><em>justitia</em></strong></span> <span class='ocrx_word' id='word_1_447' title='bbox 1745 2697 1879 2767; x_wconf 71' lang='lat' dir='ltr'><strong><em>habitet),</em></strong></span> <span class='ocrx_word' id='word_1_448' title='bbox 1909 2717 1934 2755; x_wconf 86' lang='lat' dir='ltr'><strong><em>v.</em></strong></span> 
     </span>
     <span class='ocr_line' id='line_1_30' title="bbox 235 2780 1935 2853; baseline 0.001 -16"><span class='ocrx_word' id='word_1_449' title='bbox 235 2784 266 2837; x_wconf 88' lang='lat' dir='ltr'><strong><em>in</em></strong></span> <span class='ocrx_word' id='word_1_450' title='bbox 282 2785 376 2838; x_wconf 88' lang='lat' dir='ltr'><strong><em>eecnlo</em></strong></span> <span class='ocrx_word' id='word_1_451' title='bbox 396 2783 520 2850; x_wconf 77' lang='lat' dir='ltr'><strong><em>conferri</em></strong></span> <span class='ocrx_word' id='word_1_452' title='bbox 534 2789 608 2836; x_wconf 87' lang='lat' dir='ltr'><strong><em>eant.</em></strong></span> <span class='ocrx_word' id='word_1_453' title='bbox 636 2798 698 2851; x_wconf 84' lang='lat' dir='ltr'><strong><em>cap.</em></strong></span> <span class='ocrx_word' id='word_1_454' title='bbox 717 2787 741 2845; x_wconf 80' lang='grc'><strong><em>1,</em></strong></span> <span class='ocrx_word' id='word_1_455' title='bbox 759 2799 785 2836; x_wconf 85' lang='lat' dir='ltr'><strong><em>r.</em></strong></span> <span class='ocrx_word' id='word_1_456' title='bbox 804 2785 851 2836; x_wconf 80' lang='lat'><strong><em>43:</em></strong></span> <span class='ocrx_word' id='word_1_457' title='bbox 878 2782 948 2834; x_wconf 85' lang='lat' dir='ltr'><strong><em>Dice</em></strong></span> <span class='ocrx_word' id='word_1_458' title='bbox 967 2780 1072 2847; x_wconf 79' lang='lat' dir='ltr'><strong><em>judicii</em></strong></span> <span class='ocrx_word' id='word_1_459' title='bbox 1098 2787 1122 2837; x_wconf 95' lang='grc'><strong><em>6.</em></strong></span> <span class='ocrx_word' id='word_1_460' title='bbox 1143 2784 1226 2849; x_wconf 88' lang='lat' dir='ltr'><strong><em>beati,</em></strong></span> <span class='ocrx_word' id='word_1_461' title='bbox 1245 2783 1295 2852; x_wconf 80' lang='lat' dir='ltr'><strong><em>qai</em></strong></span> <span class='ocrx_word' id='word_1_462' title='bbox 1311 2785 1439 2837; x_wconf 76' lang='lat' dir='ltr'><strong><em>esuriant</em></strong></span> <span class='ocrx_word' id='word_1_463' title='bbox 1461 2791 1486 2835; x_wconf 90' lang='lat' dir='ltr'><strong><em>ct</em></strong></span> <span class='ocrx_word' id='word_1_464' title='bbox 1504 2784 1602 2838; x_wconf 86' lang='lat' dir='ltr'><strong><em>eitiunt</em></strong></span> <span class='ocrx_word' id='word_1_465' title='bbox 1621 2786 1773 2851; x_wconf 77' lang='lat' dir='ltr'><strong><em>juetitiam,</em></strong></span> <span class='ocrx_word' id='word_1_466' title='bbox 1800 2787 1935 2853; x_wconf 69' lang='lat' dir='ltr'><strong><em>ciconiam</em></strong></span> 
     </span>
     <span class='ocr_line' id='line_1_31' title="bbox 235 2868 1934 2939; baseline -0.001 -14"><span class='ocrx_word' id='word_1_467' title='bbox 235 2871 290 2925; x_wconf 85' lang='lat' dir='ltr'><strong><em>erit</em></strong></span> <span class='ocrx_word' id='word_1_468' title='bbox 308 2871 374 2935; x_wconf 79' lang='lat' dir='ltr'><strong><em>finie</em></strong></span> <span class='ocrx_word' id='word_1_469' title='bbox 383 2870 515 2938; x_wconf 88' lang='lat' dir='ltr'><strong><em>temporie</em></strong></span> <span class='ocrx_word' id='word_1_470' title='bbox 535 2869 620 2938; x_wconf 85' lang='lat' dir='ltr'><strong><em>bujue</em></strong></span> <span class='ocrx_word' id='word_1_471' title='bbox 636 2874 661 2923; x_wconf 86' lang='lat' dir='ltr'><strong><em>et</em></strong></span> <span class='ocrx_word' id='word_1_472' title='bbox 679 2868 789 2921; x_wconf 90' lang='lat' dir='ltr'><strong><em>initium</em></strong></span> <span class='ocrx_word' id='word_1_473' title='bbox 808 2869 942 2936; x_wconf 85' lang='lat' dir='ltr'><strong><em>temporie</em></strong></span> <span class='ocrx_word' id='word_1_474' title='bbox 952 2869 1071 2932; x_wconf 79' lang='lat' dir='ltr'><strong><em>futrerao</em></strong></span> <span class='ocrx_word' id='word_1_475' title='bbox 1097 2869 1156 2939; x_wconf 90' lang='lat' dir='ltr'><strong><em>ipei</em></strong></span> <span class='ocrx_word' id='word_1_476' title='bbox 1171 2870 1373 2923; x_wconf 87' lang='lat' dir='ltr'><strong><em>eaturabnntar</em></strong></span> <span class='ocrx_word' id='word_1_477' title='bbox 1398 2869 1574 2938; x_wconf 71' lang='lat' dir='ltr'><strong><em>(molaribus</em></strong></span> <span class='ocrx_word' id='word_1_478' title='bbox 1589 2876 1618 2924; x_wconf 81' lang='lat' dir='ltr'><strong><em>ot</em></strong></span> <span class='ocrx_word' id='word_1_479' title='bbox 1638 2870 1757 2924; x_wconf 81' lang='lat' dir='ltr'><strong><em>aeternio</em></strong></span> <span class='ocrx_word' id='word_1_480' title='bbox 1777 2869 1884 2938; x_wconf 88' lang='lat' dir='ltr'><strong><em>bonie);</em></strong></span> <span class='ocrx_word' id='word_1_481' title='bbox 1908 2888 1934 2924; x_wconf 86' lang='lat' dir='ltr'><strong><em>v.</em></strong></span> 
     </span>
     <span class='ocr_line' id='line_1_32' title="bbox 234 2953 1967 3025; baseline -0.001 -15"><span class='ocrx_word' id='word_1_482' title='bbox 234 2956 466 3022; x_wconf 87' lang='lat' dir='ltr'><strong><em>immortalitatie,</em></strong></span> <span class='ocrx_word' id='word_1_483' title='bbox 492 2956 524 3008; x_wconf 87' lang='lat' dir='ltr'><strong><em>in</em></strong></span> <span class='ocrx_word' id='word_1_484' title='bbox 542 2971 597 3023; x_wconf 75' lang='lat' dir='ltr'><strong><em>aaa</em></strong></span> <span class='ocrx_word' id='word_1_485' title='bbox 624 2954 756 3006; x_wconf 86' lang='lat' dir='ltr'><strong><em>traneicit</em></strong></span> <span class='ocrx_word' id='word_1_486' title='bbox 782 2953 953 3022; x_wconf 86' lang='lat' dir='ltr'><strong><em>corruptela,</em></strong></span> <span class='ocrx_word' id='word_1_487' title='bbox 981 2971 1006 3007; x_wconf 81' lang='lat' dir='ltr'><strong><em>v.</em></strong></span> <span class='ocrx_word' id='word_1_488' title='bbox 1028 2958 1069 3007; x_wconf 90' lang='grc'><strong><em>11.</em></strong></span> <span class='ocrx_word' id='word_1_489' title='bbox 1098 2962 1121 3010; x_wconf 80' lang='grc'><strong><em>’1.</em></strong></span> <span class='ocrx_word' id='word_1_490' title='bbox 1138 2956 1213 3008; x_wconf 91' lang='lat' dir='ltr'><strong><em>beati</em></strong></span> <span class='ocrx_word' id='word_1_491' title='bbox 1232 2956 1442 3022; x_wconf 69' lang='lat' dir='ltr'><strong><em>misericordes,</em></strong></span> <span class='ocrx_word' id='word_1_492' title='bbox 1470 2956 1603 3025; x_wconf 81' lang='lat' dir='ltr'><strong><em>quoniam</em></strong></span> <span class='ocrx_word' id='word_1_493' title='bbox 1626 2956 1686 3025; x_wconf 75' lang='lat' dir='ltr'><strong><em>ipra</em></strong></span> <span class='ocrx_word' id='word_1_494' title='bbox 1706 2957 1935 3010; x_wconf 78' lang='lat' dir='ltr'><strong><em>mirericordiam</em></strong></span> <span class='ocrx_word' id='word_1_495' title='bbox 1965 2956 1967 2960; x_wconf 63' lang='grc'><strong>“</strong></span> 
     </span>
     <span class='ocr_line' id='line_1_33' title="bbox 235 3038 1936 3113; baseline -0.001 -16"><span class='ocrx_word' id='word_1_496' title='bbox 235 3043 329 3097; x_wconf 88' lang='lat' dir='ltr'><strong><em>eolnta</em></strong></span> <span class='ocrx_word' id='word_1_497' title='bbox 353 3050 393 3096; x_wconf 91' lang='lat' dir='ltr'><strong><em>eet</em></strong></span> <span class='ocrx_word' id='word_1_498' title='bbox 418 3040 652 3110; x_wconf 86' lang='lat' dir='ltr'><strong><em>intemperantia,</em></strong></span> <span class='ocrx_word' id='word_1_499' title='bbox 672 3039 797 3092; x_wconf 74' lang='lat' dir='ltr'><strong><em>abaciaco</em></strong></span> <span class='ocrx_word' id='word_1_500' title='bbox 816 3047 856 3092; x_wconf 90' lang='lat' dir='ltr'><strong><em>eet</em></strong></span> <span class='ocrx_word' id='word_1_501' title='bbox 874 3038 1072 3108; x_wconf 87' lang='lat' dir='ltr'><strong><em>incredulitae,</em></strong></span> <span class='ocrx_word' id='word_1_502' title='bbox 1097 3050 1312 3109; x_wconf 81' lang='lat' dir='ltr'><strong><em>coneeqaentur,·</em></strong></span> <span class='ocrx_word' id='word_1_503' title='bbox 1329 3059 1355 3096; x_wconf 90' lang='lat' dir='ltr'><strong><em>v.</em></strong></span> <span class='ocrx_word' id='word_1_504' title='bbox 1369 3046 1393 3100; x_wconf 82' lang='lat'><strong><em>8.</em></strong></span> <span class='ocrx_word' id='word_1_505' title='bbox 1412 3042 1600 3096; x_wconf 86' lang='lat' dir='ltr'><strong><em>beatimundo</em></strong></span> <span class='ocrx_word' id='word_1_506' title='bbox 1617 3045 1711 3108; x_wconf 91' lang='lat' dir='ltr'><strong><em>corde,</em></strong></span> <span class='ocrx_word' id='word_1_507' title='bbox 1728 3042 1863 3111; x_wconf 78' lang='lat' dir='ltr'><strong><em>quoniam</em></strong></span> <span class='ocrx_word' id='word_1_508' title='bbox 1877 3045 1936 3113; x_wconf 75' lang='lat' dir='ltr'><strong><em>ipd</em></strong></span> 
     </span>
     <span class='ocr_line' id='line_1_34' title="bbox 236 3125 1935 3199; baseline 0 -15"><span class='ocrx_word' id='word_1_509' title='bbox 236 3130 322 3184; x_wconf 70' lang='lat' dir='ltr'><strong><em>bremt</em></strong></span> <span class='ocrx_word' id='word_1_510' title='bbox 330 3135 423 3184; x_wconf 86' lang='lat' dir='ltr'><strong><em>autem</em></strong></span> <span class='ocrx_word' id='word_1_511' title='bbox 434 3128 556 3196; x_wconf 72' lang='lat' dir='ltr'><strong><em>inutilia,</em></strong></span> <span class='ocrx_word' id='word_1_512' title='bbox 572 3134 637 3179; x_wconf 90' lang='lat' dir='ltr'><strong><em>orta</em></strong></span> <span class='ocrx_word' id='word_1_513' title='bbox 646 3132 686 3179; x_wconf 90' lang='lat' dir='ltr'><strong><em>eet</em></strong></span> <span class='ocrx_word' id='word_1_514' title='bbox 700 3125 811 3179; x_wconf 80' lang='lat' dir='ltr'><strong><em>veritae.</em></strong></span> <span class='ocrx_word' id='word_1_515' title='bbox 821 3142 847 3178; x_wconf 91' lang='lat' dir='ltr'><strong><em>v.</em></strong></span> <span class='ocrx_word' id='word_1_516' title='bbox 859 3130 899 3180; x_wconf 85' lang='grc'><strong><em>15.</em></strong></span> <span class='ocrx_word' id='word_1_517' title='bbox 912 3125 990 3178; x_wconf 82' lang='lat' dir='ltr'><strong><em>Tunc</em></strong></span> <span class='ocrx_word' id='word_1_518' title='bbox 999 3127 1072 3179; x_wconf 91' lang='lat' dir='ltr'><strong><em>enim</em></strong></span> <span class='ocrx_word' id='word_1_519' title='bbox 1099 3129 1191 3181; x_wconf 87' lang='lat' dir='ltr'><strong><em>Deam</em></strong></span> <span class='ocrx_word' id='word_1_520' title='bbox 1210 3129 1357 3197; x_wconf 87' lang='lat' dir='ltr'><strong><em>uidebunt,·</em></strong></span> <span class='ocrx_word' id='word_1_521' title='bbox 1384 3146 1410 3183; x_wconf 82' lang='lat' dir='ltr'><strong><em>v.</em></strong></span> <span class='ocrx_word' id='word_1_522' title='bbox 1429 3135 1453 3184; x_wconf 86' lang='lat'><strong><em>8.</em></strong></span> <span class='ocrx_word' id='word_1_523' title='bbox 1482 3129 1556 3183; x_wconf 87' lang='lat' dir='ltr'><strong><em>beati</em></strong></span> <span class='ocrx_word' id='word_1_524' title='bbox 1571 3129 1700 3198; x_wconf 71' lang='lat' dir='ltr'><strong><em>pacifici,</em></strong></span> <span class='ocrx_word' id='word_1_525' title='bbox 1726 3130 1859 3198; x_wconf 80' lang='lat' dir='ltr'><strong><em>quoniam</em></strong></span> <span class='ocrx_word' id='word_1_526' title='bbox 1874 3131 1935 3199; x_wconf 85' lang='lat' dir='ltr'><strong><em>filii</em></strong></span> 
     </span>
     <span class='ocr_line' id='line_1_35' title="bbox 235 3211 1933 3285; baseline 0.001 -16"><span class='ocrx_word' id='word_1_527' title='bbox 235 3231 315 3269; x_wconf 89' lang='lat' dir='ltr'><strong><em>nemo</em></strong></span> <span class='ocrx_word' id='word_1_528' title='bbox 328 3216 435 3283; x_wconf 84' lang='lat' dir='ltr'><strong><em>poterit</em></strong></span> <span class='ocrx_word' id='word_1_529' title='bbox 451 3213 566 3267; x_wconf 82' lang='lat' dir='ltr'><strong><em>calcare</em></strong></span> <span class='ocrx_word' id='word_1_530' title='bbox 582 3228 651 3279; x_wconf 89' lang='lat' dir='ltr'><strong><em>eum,</em></strong></span> <span class='ocrx_word' id='word_1_531' title='bbox 673 3213 722 3281; x_wconf 78' lang='lat' dir='ltr'><strong><em>qui</em></strong></span> <span class='ocrx_word' id='word_1_532' title='bbox 738 3211 833 3279; x_wconf 85' lang='lat' dir='ltr'><strong><em>periit,</em></strong></span> <span class='ocrx_word' id='word_1_533' title='bbox 858 3228 945 3280; x_wconf 76' lang='lat' dir='ltr'><strong><em>neque</em></strong></span> <span class='ocrx_word' id='word_1_534' title='bbox 964 3213 1071 3265; x_wconf 89' lang='lat' dir='ltr'><strong><em>demer-</em></strong></span> <span class='ocrx_word' id='word_1_535' title='bbox 1100 3213 1159 3268; x_wconf 87' lang='lat' dir='ltr'><strong><em>Dei</em></strong></span> <span class='ocrx_word' id='word_1_536' title='bbox 1170 3216 1340 3269; x_wconf 83' lang='lat' dir='ltr'><strong><em>vocabuntur</em></strong></span> <span class='ocrx_word' id='word_1_537' title='bbox 1360 3222 1415 3270; x_wconf 82' lang='lat' dir='ltr'><strong><em>ctc.</em></strong></span> <span class='ocrx_word' id='word_1_538' title='bbox 1451 3233 1475 3270; x_wconf 84' lang='lat' dir='ltr'><strong><em>r.</em></strong></span> <span class='ocrx_word' id='word_1_539' title='bbox 1499 3220 1538 3270; x_wconf 93' lang='grc'><strong><em>12.</em></strong></span> <span class='ocrx_word' id='word_1_540' title='bbox 1571 3216 1684 3268; x_wconf 74' lang='lat' dir='ltr'><strong><em>Merces</em></strong></span> <span class='ocrx_word' id='word_1_541' title='bbox 1703 3223 1799 3268; x_wconf 88' lang='lat' dir='ltr'><strong><em>ueetra</em></strong></span> <span class='ocrx_word' id='word_1_542' title='bbox 1815 3217 1933 3285; x_wconf 89' lang='lat' dir='ltr'><strong><em>copioea</em></strong></span> 
     </span>
     <span class='ocr_line' id='line_1_36' title="bbox 236 3298 1934 3369; baseline 0.001 -15"><span class='ocrx_word' id='word_1_543' title='bbox 236 3317 309 3369; x_wconf 72' lang='lat' dir='ltr'><strong><em>aare,</em></strong></span> <span class='ocrx_word' id='word_1_544' title='bbox 328 3303 377 3369; x_wconf 81' lang='lat' dir='ltr'><strong><em>qui</em></strong></span> <span class='ocrx_word' id='word_1_545' title='bbox 394 3300 468 3354; x_wconf 85' lang='lat' dir='ltr'><strong><em>aicit.</em></strong></span> <span class='ocrx_word' id='word_1_546' title='bbox 496 3317 520 3353; x_wconf 86' lang='lat' dir='ltr'><strong><em>v.</em></strong></span> <span class='ocrx_word' id='word_1_547' title='bbox 542 3304 583 3353; x_wconf 88' lang='grc'><strong>19.</strong></span> <span class='ocrx_word' id='word_1_548' title='bbox 609 3298 784 3351; x_wconf 85' lang='lat' dir='ltr'><strong><em>Promieeum</em></strong></span> <span class='ocrx_word' id='word_1_549' title='bbox 805 3305 844 3350; x_wconf 87' lang='lat' dir='ltr'><strong><em>eet</em></strong></span> <span class='ocrx_word' id='word_1_550' title='bbox 862 3299 943 3351; x_wconf 89' lang='lat' dir='ltr'><strong><em>nobie</em></strong></span> <span class='ocrx_word' id='word_1_551' title='bbox 962 3299 1071 3352; x_wconf 88' lang='lat' dir='ltr'><strong><em>immor·</em></strong></span> <span class='ocrx_word' id='word_1_552' title='bbox 1099 3310 1138 3353; x_wconf 87' lang='lat' dir='ltr'><strong><em>eet</em></strong></span> <span class='ocrx_word' id='word_1_553' title='bbox 1165 3302 1194 3354; x_wconf 89' lang='lat' dir='ltr'><strong><em>in</em></strong></span> <span class='ocrx_word' id='word_1_554' title='bbox 1218 3303 1312 3356; x_wconf 89' lang='lat' dir='ltr'><strong><em>coelie.</em></strong></span> <span class='ocrx_word' id='word_1_555' title='bbox 1346 3320 1371 3356; x_wconf 85' lang='lat' dir='ltr'><strong><em>v.</em></strong></span> <span class='ocrx_word' id='word_1_556' title='bbox 1393 3307 1432 3357; x_wconf 86' lang='lat'><strong><em>19.</em></strong></span> <span class='ocrx_word' id='word_1_557' title='bbox 1466 3301 1521 3364; x_wconf 84' lang='lat' dir='ltr'><strong><em>Qui</em></strong></span> <span class='ocrx_word' id='word_1_558' title='bbox 1547 3302 1631 3354; x_wconf 90' lang='lat' dir='ltr'><strong><em>etiam</em></strong></span> <span class='ocrx_word' id='word_1_559' title='bbox 1660 3301 1777 3354; x_wconf 89' lang='lat' dir='ltr'><strong><em>minima</em></strong></span> <span class='ocrx_word' id='word_1_560' title='bbox 1795 3305 1934 3356; x_wconf 86' lang='lat' dir='ltr'><strong><em>mandata</em></strong></span> 
     </span>
     <span class='ocr_line' id='line_1_37' title="bbox 238 3385 1933 3456; baseline 0.001 -17"><span class='ocrx_word' id='word_1_561' title='bbox 238 3387 294 3439; x_wconf 87' lang='lat' dir='ltr'><strong><em>tale</em></strong></span> <span class='ocrx_word' id='word_1_562' title='bbox 308 3395 425 3455; x_wconf 79' lang='lat' dir='ltr'><strong><em>tempere,</em></strong></span> <span class='ocrx_word' id='word_1_563' title='bbox 443 3404 468 3439; x_wconf 86' lang='lat' dir='ltr'><strong><em>v.</em></strong></span> <span class='ocrx_word' id='word_1_564' title='bbox 487 3391 529 3441; x_wconf 87' lang='grc'><strong>511.</strong></span> <span class='ocrx_word' id='word_1_565' title='bbox 544 3386 696 3455; x_wconf 82' lang='lat' dir='ltr'><strong><em>praedicta</em></strong></span> <span class='ocrx_word' id='word_1_566' title='bbox 710 3393 751 3437; x_wconf 87' lang='lat' dir='ltr'><strong><em>eet</em></strong></span> <span class='ocrx_word' id='word_1_567' title='bbox 763 3385 843 3438; x_wconf 83' lang='lat' dir='ltr'><strong><em>nobie</em></strong></span> <span class='ocrx_word' id='word_1_568' title='bbox 852 3388 987 3456; x_wconf 77' lang='lat' dir='ltr'><strong><em>perennia</em></strong></span> <span class='ocrx_word' id='word_1_569' title='bbox 1000 3402 1073 3454; x_wconf 85' lang='lat' dir='ltr'><strong><em>epee,</em></strong></span> <span class='ocrx_word' id='word_1_570' title='bbox 1092 3388 1197 3455; x_wconf 87' lang='lat' dir='ltr'><strong><em>fecerit</em></strong></span> <span class='ocrx_word' id='word_1_571' title='bbox 1215 3395 1240 3440; x_wconf 87' lang='lat' dir='ltr'><strong><em>et</em></strong></span> <span class='ocrx_word' id='word_1_572' title='bbox 1259 3387 1399 3452; x_wconf 84' lang='lat' dir='ltr'><strong><em>docuerit,</em></strong></span> <span class='ocrx_word' id='word_1_573' title='bbox 1419 3404 1536 3453; x_wconf 80' lang='lat' dir='ltr'><strong><em>mapnae</em></strong></span> <span class='ocrx_word' id='word_1_574' title='bbox 1553 3387 1698 3440; x_wconf 86' lang='lat' dir='ltr'><strong><em>uocabitur</em></strong></span> <span class='ocrx_word' id='word_1_575' title='bbox 1716 3389 1746 3440; x_wconf 91' lang='lat' dir='ltr'><strong><em>in</em></strong></span> <span class='ocrx_word' id='word_1_576' title='bbox 1765 3405 1852 3453; x_wconf 79' lang='lat' dir='ltr'><strong><em>repno</em></strong></span> <span class='ocrx_word' id='word_1_577' title='bbox 1873 3406 1933 3442; x_wconf 90' lang='lat' dir='ltr'><strong><em>coe·</em></strong></span> 
     </span>
     <span class='ocr_line' id='line_1_38' title="bbox 237 3465 1934 3543; baseline 0.002 -18"><span class='ocrx_word' id='word_1_578' title='bbox 237 3488 263 3526; x_wconf 85' lang='lat' dir='ltr'><strong><em>v.</em></strong></span> <span class='ocrx_word' id='word_1_579' title='bbox 283 3479 324 3530; x_wconf 88' lang='grc'><strong><em>51.</em></strong></span> <span class='ocrx_word' id='word_1_580' title='bbox 353 3473 479 3541; x_wconf 87' lang='lat' dir='ltr'><strong><em>repoeita</em></strong></span> <span class='ocrx_word' id='word_1_581' title='bbox 498 3479 562 3524; x_wconf 90' lang='lat' dir='ltr'><strong><em>eunt</em></strong></span> <span class='ocrx_word' id='word_1_582' title='bbox 585 3471 665 3523; x_wconf 83' lang='lat' dir='ltr'><strong><em>nobie</em></strong></span> <span class='ocrx_word' id='word_1_583' title='bbox 696 3471 858 3525; x_wconf 76' lang='lat' dir='ltr'><strong><em>habitacula</em></strong></span> <span class='ocrx_word' id='word_1_584' title='bbox 888 3472 1020 3526; x_wconf 87' lang='lat' dir='ltr'><strong><em>eunitatie</em></strong></span> <span class='ocrx_word' id='word_1_585' title='bbox 1042 3465 1073 3525; x_wconf 72' lang='lat' dir='ltr'><strong><em>vet</em></strong></span> <span class='ocrx_word' id='word_1_586' title='bbox 1098 3475 1207 3541; x_wconf 88' lang='lat' dir='ltr'><strong><em>lorum,·</em></strong></span> <span class='ocrx_word' id='word_1_587' title='bbox 1238 3492 1263 3529; x_wconf 85' lang='lat' dir='ltr'><strong><em>v.</em></strong></span> <span class='ocrx_word' id='word_1_588' title='bbox 1284 3480 1325 3530; x_wconf 85' lang='grc'><strong><em>29.</em></strong></span> <span class='ocrx_word' id='word_1_589' title='bbox 1348 3474 1406 3542; x_wconf 85' lang='lat' dir='ltr'><strong><em>niei</em></strong></span> <span class='ocrx_word' id='word_1_590' title='bbox 1421 3474 1606 3526; x_wconf 85' lang='lat' dir='ltr'><strong><em>abundaverit</em></strong></span> <span class='ocrx_word' id='word_1_591' title='bbox 1625 3474 1738 3540; x_wconf 76' lang='lat' dir='ltr'><strong><em>irretitia</em></strong></span> <span class='ocrx_word' id='word_1_592' title='bbox 1759 3481 1851 3526; x_wconf 84' lang='lat' dir='ltr'><strong><em>ueetra</em></strong></span> <span class='ocrx_word' id='word_1_593' title='bbox 1865 3476 1934 3543; x_wconf 88' lang='lat' dir='ltr'><strong><em>plue</em></strong></span> 
     </span>
     <span class='ocr_line' id='line_1_39' title="bbox 236 3557 1934 3629; baseline 0.001 -17"><span class='ocrx_word' id='word_1_594' title='bbox 236 3559 404 3626; x_wconf 85' lang='lat' dir='ltr'><strong><em>eecnritatie,</em></strong></span> <span class='ocrx_word' id='word_1_595' title='bbox 428 3575 455 3614; x_wconf 85' lang='lat' dir='ltr'><strong><em>v.</em></strong></span> <span class='ocrx_word' id='word_1_596' title='bbox 474 3562 516 3614; x_wconf 87' lang='grc'><strong><em>52.</em></strong></span> <span class='ocrx_word' id='word_1_597' title='bbox 540 3559 667 3629; x_wconf 84' lang='lat' dir='ltr'><strong><em>repoeita</em></strong></span> <span class='ocrx_word' id='word_1_598' title='bbox 695 3566 734 3610; x_wconf 88' lang='lat' dir='ltr'><strong><em>cet</em></strong></span> <span class='ocrx_word' id='word_1_599' title='bbox 756 3558 851 3626; x_wconf 76' lang='lat' dir='ltr'><strong><em>yloria</em></strong></span> <span class='ocrx_word' id='word_1_600' title='bbox 869 3557 1019 3623; x_wconf 82' lang='lat' dir='ltr'><strong><em>Altieeimi,</em></strong></span> <span class='ocrx_word' id='word_1_601' title='bbox 1044 3574 1071 3613; x_wconf 82' lang='lat' dir='ltr'><strong><em>v.</em></strong></span> <span class='ocrx_word' id='word_1_602' title='bbox 1099 3578 1183 3629; x_wconf 76' lang='lat' dir='ltr'><strong><em>quam</em></strong></span> <span class='ocrx_word' id='word_1_603' title='bbox 1200 3560 1423 3613; x_wconf 81' lang='lat' dir='ltr'><strong><em>Pbarieaoornm</em></strong></span> <span class='ocrx_word' id='word_1_604' title='bbox 1446 3567 1496 3615; x_wconf 81' lang='lat' dir='ltr'><strong><em>eta.</em></strong></span> <span class='ocrx_word' id='word_1_605' title='bbox 1520 3578 1576 3613; x_wconf 91' lang='lat' dir='ltr'><strong><em>non</em></strong></span> <span class='ocrx_word' id='word_1_606' title='bbox 1600 3560 1742 3613; x_wconf 88' lang='lat' dir='ltr'><strong><em>intrabitie</em></strong></span> <span class='ocrx_word' id='word_1_607' title='bbox 1764 3561 1794 3613; x_wconf 86' lang='lat' dir='ltr'><strong><em>in</em></strong></span> <span class='ocrx_word' id='word_1_608' title='bbox 1818 3579 1934 3629; x_wconf 79' lang='lat' dir='ltr'><strong><em>repnum</em></strong></span> 
     </span>
     <span class='ocr_line' id='line_1_40' title="bbox 237 3644 1935 3715; baseline -0.002 -13"><span class='ocrx_word' id='word_1_609' title='bbox 237 3650 278 3702; x_wconf 80' lang='grc'><strong><em>53.</em></strong></span> <span class='ocrx_word' id='word_1_610' title='bbox 299 3648 457 3700; x_wconf 87' lang='lat' dir='ltr'><strong><em>oetendetur</em></strong></span> <span class='ocrx_word' id='word_1_611' title='bbox 472 3645 641 3714; x_wconf 84' lang='lat' dir='ltr'><strong><em>paradieue,</em></strong></span> <span class='ocrx_word' id='word_1_612' title='bbox 659 3644 746 3712; x_wconf 75' lang='lat' dir='ltr'><strong><em>cuiae</em></strong></span> <span class='ocrx_word' id='word_1_613' title='bbox 761 3645 873 3708; x_wconf 67' lang='lat' dir='ltr'><strong><em>fricatu</em></strong></span> <span class='ocrx_word' id='word_1_614' title='bbox 893 3646 1072 3713; x_wconf 82' lang='lat' dir='ltr'><strong><em>incorruptae</em></strong></span> <span class='ocrx_word' id='word_1_615' title='bbox 1098 3646 1245 3701; x_wconf 86' lang='lat' dir='ltr'><strong><em>coelorum.</em></strong></span> <span class='ocrx_word' id='word_1_616' title='bbox 1264 3663 1325 3715; x_wconf 80' lang='lat' dir='ltr'><strong><em>cep.</em></strong></span> <span class='ocrx_word' id='word_1_617' title='bbox 1338 3651 1364 3714; x_wconf 93' lang='grc'><strong><em>6,</em></strong></span> <span class='ocrx_word' id='word_1_618' title='bbox 1380 3665 1406 3702; x_wconf 86' lang='lat' dir='ltr'><strong><em>v.</em></strong></span> <span class='ocrx_word' id='word_1_619' title='bbox 1422 3650 1468 3700; x_wconf 80' lang='lat'><strong><em>20:</em></strong></span> <span class='ocrx_word' id='word_1_620' title='bbox 1490 3647 1688 3700; x_wconf 77' lang='lat' dir='ltr'><strong><em>Ticeourieate</em></strong></span> <span class='ocrx_word' id='word_1_621' title='bbox 1702 3647 1935 3701; x_wconf 82' lang='lat' dir='ltr'><strong><em>cobietbeeauroe</em></strong></span> 
     </span>
     <span class='ocr_line' id='line_1_41' title="bbox 232 3731 1934 3804; baseline -0.001 -17"><span class='ocrx_word' id='word_1_622' title='bbox 232 3741 412 3804; x_wconf 63' lang='lat' dir='ltr'><strong><em>pacauerat,</em></strong></span> <span class='ocrx_word' id='word_1_623' title='bbox 440 3734 470 3785; x_wconf 91' lang='lat' dir='ltr'><strong><em>in</em></strong></span> <span class='ocrx_word' id='word_1_624' title='bbox 497 3747 552 3801; x_wconf 72' lang='lat' dir='ltr'><strong><em>quo</em></strong></span> <span class='ocrx_word' id='word_1_625' title='bbox 577 3740 617 3786; x_wconf 89' lang='lat' dir='ltr'><strong><em>eet</em></strong></span> <span class='ocrx_word' id='word_1_626' title='bbox 639 3731 777 3786; x_wconf 73' lang='lat' dir='ltr'><strong><em>securiter</em></strong></span> <span class='ocrx_word' id='word_1_627' title='bbox 796 3739 823 3785; x_wconf 89' lang='lat' dir='ltr'><strong><em>et</em></strong></span> <span class='ocrx_word' id='word_1_628' title='bbox 840 3732 957 3788; x_wconf 89' lang='lat' dir='ltr'><strong><em>medela.</em></strong></span> <span class='ocrx_word' id='word_1_629' title='bbox 989 3750 1012 3786; x_wconf 84' lang='lat' dir='ltr'><strong><em>v.</em></strong></span> <span class='ocrx_word' id='word_1_630' title='bbox 1031 3738 1071 3787; x_wconf 90' lang='grc'><strong><em>55.</em></strong></span> <span class='ocrx_word' id='word_1_631' title='bbox 1099 3733 1128 3785; x_wconf 92' lang='lat' dir='ltr'><strong><em>in</em></strong></span> <span class='ocrx_word' id='word_1_632' title='bbox 1150 3731 1236 3797; x_wconf 91' lang='lat' dir='ltr'><strong><em>coelo,</em></strong></span> <span class='ocrx_word' id='word_1_633' title='bbox 1258 3731 1403 3799; x_wconf 77' lang='lat' dir='ltr'><strong><em>abireque</em></strong></span> <span class='ocrx_word' id='word_1_634' title='bbox 1419 3748 1631 3801; x_wconf 80' lang='lat' dir='ltr'><strong><em>aerupo,neque</em></strong></span> <span class='ocrx_word' id='word_1_635' title='bbox 1644 3732 1719 3785; x_wconf 87' lang='lat' dir='ltr'><strong><em>tinea</em></strong></span> <span class='ocrx_word' id='word_1_636' title='bbox 1729 3733 1888 3799; x_wconf 87' lang='lat' dir='ltr'><strong><em>demolitur,</em></strong></span> <span class='ocrx_word' id='word_1_637' title='bbox 1908 3739 1934 3786; x_wconf 88' lang='lat' dir='ltr'><strong><em>et</em></strong></span> 
     </span>
     <span class='ocr_line' id='line_1_42' title="bbox 239 3818 1935 3889; baseline -0.001 -15"><span class='ocrx_word' id='word_1_638' title='bbox 239 3819 332 3889; x_wconf 76' lang='lat' dir='ltr'><strong><em>Super</em></strong></span> <span class='ocrx_word' id='word_1_639' title='bbox 356 3819 455 3873; x_wconf 80' lang='lat' dir='ltr'><strong><em>atellae</em></strong></span> <span class='ocrx_word' id='word_1_640' title='bbox 477 3819 629 3887; x_wconf 82' lang='lat' dir='ltr'><strong><em>falpcbnnt</em></strong></span> <span class='ocrx_word' id='word_1_641' title='bbox 650 3819 749 3884; x_wconf 80' lang='lat' dir='ltr'><strong><em>socier</em></strong></span> <span class='ocrx_word' id='word_1_642' title='bbox 778 3835 887 3885; x_wconf 86' lang='lat' dir='ltr'><strong><em>eoram,</em></strong></span> <span class='ocrx_word' id='word_1_643' title='bbox 915 3819 965 3887; x_wconf 78' lang='lat' dir='ltr'><strong><em>qui</em></strong></span> <span class='ocrx_word' id='word_1_644' title='bbox 989 3818 1072 3871; x_wconf 82' lang='lat' dir='ltr'><strong><em>abeti-</em></strong></span> <span class='ocrx_word' id='word_1_645' title='bbox 1097 3818 1146 3871; x_wconf 85' lang='lat' dir='ltr'><strong><em>abi</em></strong></span> <span class='ocrx_word' id='word_1_646' title='bbox 1165 3818 1246 3881; x_wconf 73' lang='lat' dir='ltr'><strong><em>force</em></strong></span> <span class='ocrx_word' id='word_1_647' title='bbox 1259 3818 1460 3885; x_wconf 84' lang='lat' dir='ltr'><strong><em>noneffodiunt</em></strong></span> <span class='ocrx_word' id='word_1_648' title='bbox 1475 3833 1526 3869; x_wconf 89' lang='lat' dir='ltr'><strong><em>nec</em></strong></span> <span class='ocrx_word' id='word_1_649' title='bbox 1541 3818 1684 3879; x_wconf 76' lang='lat' dir='ltr'><strong><em>furantur.</em></strong></span> <span class='ocrx_word' id='word_1_650' title='bbox 1703 3834 1729 3873; x_wconf 87' lang='lat' dir='ltr'><strong><em>v.</em></strong></span> <span class='ocrx_word' id='word_1_651' title='bbox 1741 3823 1782 3872; x_wconf 87' lang='grc'><strong><em>33.</em></strong></span> <span class='ocrx_word' id='word_1_652' title='bbox 1803 3818 1935 3880; x_wconf 83' lang='lat' dir='ltr'><strong><em>Quaerite</em></strong></span> 
     </span>
     <span class='ocr_line' id='line_1_43' title="bbox 237 3903 1933 3974; baseline -0.001 -14"><span class='ocrx_word' id='word_1_653' title='bbox 237 3908 360 3961; x_wconf 82' lang='lat' dir='ltr'><strong><em>nentium</em></strong></span> <span class='ocrx_word' id='word_1_654' title='bbox 391 3906 562 3973; x_wconf 81' lang='lat' dir='ltr'><strong><em>babuerunt,-</em></strong></span> <span class='ocrx_word' id='word_1_655' title='bbox 594 3923 620 3960; x_wconf 79' lang='lat' dir='ltr'><strong><em>v.</em></strong></span> <span class='ocrx_word' id='word_1_656' title='bbox 640 3910 680 3961; x_wconf 91' lang='grc'><strong><em>61.</em></strong></span> <span class='ocrx_word' id='word_1_657' title='bbox 706 3909 838 3972; x_wconf 78' lang='lat' dir='ltr'><strong><em>scaurum</em></strong></span> <span class='ocrx_word' id='word_1_658' title='bbox 865 3912 906 3958; x_wconf 86' lang='lat' dir='ltr'><strong><em>eet</em></strong></span> <span class='ocrx_word' id='word_1_659' title='bbox 936 3906 1072 3972; x_wconf 80' lang='lat' dir='ltr'><strong><em>pendium</em></strong></span> <span class='ocrx_word' id='word_1_660' title='bbox 1096 3904 1219 3972; x_wconf 83' lang='lat' dir='ltr'><strong><em>primam</em></strong></span> <span class='ocrx_word' id='word_1_661' title='bbox 1235 3919 1352 3970; x_wconf 79' lang='lat' dir='ltr'><strong><em>repnum</em></strong></span> <span class='ocrx_word' id='word_1_662' title='bbox 1372 3903 1438 3956; x_wconf 87' lang='lat' dir='ltr'><strong><em>Dei.</em></strong></span> <span class='ocrx_word' id='word_1_663' title='bbox 1464 3910 1610 3973; x_wconf 81' lang='lat' dir='ltr'><strong><em>cap.&#39;1,v.</em></strong></span> <span class='ocrx_word' id='word_1_664' title='bbox 1635 3910 1680 3960; x_wconf 82' lang='lat'><strong><em>14:</em></strong></span> <span class='ocrx_word' id='word_1_665' title='bbox 1696 3907 1827 3972; x_wconf 78' lang='lat' dir='ltr'><strong><em>Ampueta</em></strong></span> <span class='ocrx_word' id='word_1_666' title='bbox 1848 3913 1933 3974; x_wconf 86' lang='lat' dir='ltr'><strong><em>porta</em></strong></span> 
     </span>
     <span class='ocr_line' id='line_1_44' title="bbox 237 3989 1935 4062; baseline -0.002 -15"><span class='ocrx_word' id='word_1_667' title='bbox 237 4010 323 4062; x_wconf 84' lang='lat' dir='ltr'><strong><em>euper</em></strong></span> <span class='ocrx_word' id='word_1_668' title='bbox 353 4009 414 4058; x_wconf 85' lang='lat' dir='ltr'><strong><em>eoe,</em></strong></span> <span class='ocrx_word' id='word_1_669' title='bbox 440 3992 540 4060; x_wconf 75' lang='lat' dir='ltr'><strong><em>quibem</em></strong></span> <span class='ocrx_word' id='word_1_670' title='bbox 560 4005 701 4060; x_wconf 84' lang='lat' dir='ltr'><strong><em>peronaeo</em></strong></span> <span class='ocrx_word' id='word_1_671' title='bbox 726 3998 765 4043; x_wconf 87' lang='lat' dir='ltr'><strong><em>eet</em></strong></span> <span class='ocrx_word' id='word_1_672' title='bbox 788 3991 867 4043; x_wconf 75' lang='lat' dir='ltr'><strong><em>calae</em></strong></span> <span class='ocrx_word' id='word_1_673' title='bbox 889 3996 941 4047; x_wconf 84' lang='lat' dir='ltr'><strong><em>etc.</em></strong></span> <span class='ocrx_word' id='word_1_674' title='bbox 969 4006 1029 4061; x_wconf 81' lang='lat' dir='ltr'><strong><em>cup.</em></strong></span> <span class='ocrx_word' id='word_1_675' title='bbox 1047 3996 1071 4057; x_wconf 90' lang='lat'><strong><em>8,</em></strong></span> <span class='ocrx_word' id='word_1_676' title='bbox 1099 3999 1124 4043; x_wconf 91' lang='lat' dir='ltr'><strong><em>et</em></strong></span> <span class='ocrx_word' id='word_1_677' title='bbox 1141 3997 1223 4043; x_wconf 89' lang='lat' dir='ltr'><strong><em>arcta</em></strong></span> <span class='ocrx_word' id='word_1_678' title='bbox 1242 3997 1281 4042; x_wconf 90' lang='lat' dir='ltr'><strong><em>cet</em></strong></span> <span class='ocrx_word' id='word_1_679' title='bbox 1300 3989 1355 4055; x_wconf 85' lang='lat' dir='ltr'><strong><em>oia,</em></strong></span> <span class='ocrx_word' id='word_1_680' title='bbox 1375 3990 1536 4057; x_wconf 80' lang='lat' dir='ltr'><strong><em>qaaedncit</em></strong></span> <span class='ocrx_word' id='word_1_681' title='bbox 1550 3992 1697 4056; x_wconf 86' lang='lat' dir='ltr'><strong><em>advitam,</em></strong></span> <span class='ocrx_word' id='word_1_682' title='bbox 1715 3999 1741 4044; x_wconf 87' lang='lat' dir='ltr'><strong><em>et</em></strong></span> <span class='ocrx_word' id='word_1_683' title='bbox 1758 3993 1935 4061; x_wconf 86' lang='lat' dir='ltr'><strong><em>paucieant,</em></strong></span> 
     </span>
     <span class='ocr_line' id='line_1_45' title="bbox 238 4077 1935 4147; baseline -0.002 -15"><span class='ocrx_word' id='word_1_684' title='bbox 238 4097 263 4132; x_wconf 86' lang='lat' dir='ltr'><strong><em>v.</em></strong></span> <span class='ocrx_word' id='word_1_685' title='bbox 284 4085 310 4136; x_wconf 82' lang='lat'><strong><em>1:</em></strong></span> <span class='ocrx_word' id='word_1_686' title='bbox 329 4080 392 4134; x_wconf 83' lang='lat' dir='ltr'><strong><em>Hoc</em></strong></span> <span class='ocrx_word' id='word_1_687' title='bbox 410 4078 533 4132; x_wconf 78' lang='lat' dir='ltr'><strong><em>reculam</em></strong></span> <span class='ocrx_word' id='word_1_688' title='bbox 560 4079 630 4143; x_wconf 74' lang='lat' dir='ltr'><strong><em>fecit</em></strong></span> <span class='ocrx_word' id='word_1_689' title='bbox 647 4077 814 4131; x_wconf 85' lang='lat' dir='ltr'><strong><em>Altieeimuc</em></strong></span> <span class='ocrx_word' id='word_1_690' title='bbox 826 4085 945 4145; x_wconf 86' lang='lat' dir='ltr'><strong><em>propter</em></strong></span> <span class='ocrx_word' id='word_1_691' title='bbox 962 4078 1073 4145; x_wconf 86' lang='lat' dir='ltr'><strong><em>multoe,</em></strong></span> <span class='ocrx_word' id='word_1_692' title='bbox 1099 4078 1149 4147; x_wconf 79' lang='lat' dir='ltr'><strong><em>qui</em></strong></span> <span class='ocrx_word' id='word_1_693' title='bbox 1163 4077 1306 4129; x_wconf 84' lang='lat' dir='ltr'><strong><em>inueniunt</em></strong></span> <span class='ocrx_word' id='word_1_694' title='bbox 1325 4093 1393 4130; x_wconf 90' lang='lat' dir='ltr'><strong><em>eam.</em></strong></span> <span class='ocrx_word' id='word_1_695' title='bbox 1412 4092 1438 4134; x_wconf 78' lang='lat' dir='ltr'><strong><em>v,</em></strong></span> <span class='ocrx_word' id='word_1_696' title='bbox 1452 4081 1493 4131; x_wconf 87' lang='grc'><strong><em>21.</em></strong></span> <span class='ocrx_word' id='word_1_697' title='bbox 1515 4078 1580 4130; x_wconf 89' lang='lat' dir='ltr'><strong><em>Non</em></strong></span> <span class='ocrx_word' id='word_1_698' title='bbox 1592 4079 1689 4143; x_wconf 87' lang='lat' dir='ltr'><strong><em>omnie,</em></strong></span> <span class='ocrx_word' id='word_1_699' title='bbox 1708 4078 1758 4145; x_wconf 81' lang='lat' dir='ltr'><strong><em>qui</em></strong></span> <span class='ocrx_word' id='word_1_700' title='bbox 1767 4079 1838 4131; x_wconf 88' lang='lat' dir='ltr'><strong><em>dicit</em></strong></span> <span class='ocrx_word' id='word_1_701' title='bbox 1858 4079 1935 4142; x_wconf 77' lang='lat' dir='ltr'><strong><em>milii,</em></strong></span> 
     </span>
     <span class='ocr_line' id='line_1_46' title="bbox 231 4162 1935 4234; baseline -0.002 -14"><span class='ocrx_word' id='word_1_702' title='bbox 231 4171 364 4234; x_wconf 89' lang='lat' dir='ltr'><strong><em>saturam</em></strong></span> <span class='ocrx_word' id='word_1_703' title='bbox 381 4173 472 4220; x_wconf 67' lang='lat' dir='ltr'><strong><em>auum</em></strong></span> <span class='ocrx_word' id='word_1_704' title='bbox 488 4171 608 4234; x_wconf 85' lang='lat' dir='ltr'><strong><em>propter</em></strong></span> <span class='ocrx_word' id='word_1_705' title='bbox 621 4178 747 4232; x_wconf 86' lang='lat' dir='ltr'><strong><em>paucoe;</em></strong></span> <span class='ocrx_word' id='word_1_706' title='bbox 776 4180 800 4217; x_wconf 84' lang='lat' dir='ltr'><strong><em>v.</em></strong></span> <span class='ocrx_word' id='word_1_707' title='bbox 819 4166 843 4218; x_wconf 92' lang='grc'><strong><em>2.</em></strong></span> <span class='ocrx_word' id='word_1_708' title='bbox 863 4163 944 4216; x_wconf 91' lang='lat' dir='ltr'><strong><em>malti</em></strong></span> <span class='ocrx_word' id='word_1_709' title='bbox 960 4165 1072 4233; x_wconf 80' lang='lat' dir='ltr'><strong><em>quidem</em></strong></span> <span class='ocrx_word' id='word_1_710' title='bbox 1101 4162 1222 4215; x_wconf 89' lang='lat' dir='ltr'><strong><em>Domine</em></strong></span> <span class='ocrx_word' id='word_1_711' title='bbox 1243 4162 1381 4229; x_wconf 87' lang='lat' dir='ltr'><strong><em>Domine,</em></strong></span> <span class='ocrx_word' id='word_1_712' title='bbox 1405 4162 1522 4216; x_wconf 86' lang='lat' dir='ltr'><strong><em>intrabit</em></strong></span> <span class='ocrx_word' id='word_1_713' title='bbox 1539 4163 1569 4215; x_wconf 92' lang='lat' dir='ltr'><strong><em>in</em></strong></span> <span class='ocrx_word' id='word_1_714' title='bbox 1587 4181 1703 4229; x_wconf 74' lang='lat' dir='ltr'><strong><em>reanum</em></strong></span> <span class='ocrx_word' id='word_1_715' title='bbox 1721 4165 1861 4217; x_wconf 88' lang='lat' dir='ltr'><strong><em>coelorum</em></strong></span> <span class='ocrx_word' id='word_1_716' title='bbox 1884 4171 1935 4218; x_wconf 84' lang='lat' dir='ltr'><strong><em>etc.</em></strong></span> 
     </span>
     <span class='ocr_line' id='line_1_47' title="bbox 238 4248 1936 4321; baseline -0.003 -13"><span class='ocrx_word' id='word_1_717' title='bbox 238 4254 328 4308; x_wconf 87' lang='lat' dir='ltr'><strong><em>creati</em></strong></span> <span class='ocrx_word' id='word_1_718' title='bbox 346 4261 419 4318; x_wconf 89' lang='lat' dir='ltr'><strong><em>eant,</em></strong></span> <span class='ocrx_word' id='word_1_719' title='bbox 434 4252 525 4321; x_wconf 90' lang='lat' dir='ltr'><strong><em>pauci</em></strong></span> <span class='ocrx_word' id='word_1_720' title='bbox 542 4259 633 4304; x_wconf 78' lang='lat' dir='ltr'><strong><em>aretem</em></strong></span> <span class='ocrx_word' id='word_1_721' title='bbox 650 4251 842 4305; x_wconf 86' lang='lat' dir='ltr'><strong><em>ealoobantar.</em></strong></span> <span class='ocrx_word' id='word_1_722' title='bbox 877 4267 903 4305; x_wconf 84' lang='lat' dir='ltr'><strong><em>v.</em></strong></span> <span class='ocrx_word' id='word_1_723' title='bbox 922 4255 963 4304; x_wconf 88' lang='grc'><strong><em>52.</em></strong></span> <span class='ocrx_word' id='word_1_724' title='bbox 992 4249 1073 4304; x_wconf 85' lang='lat' dir='ltr'><strong><em>Vobie</em></strong></span> <span class='ocrx_word' id='word_1_725' title='bbox 1098 4265 1158 4318; x_wconf 83' lang='lat' dir='ltr'><strong><em>cap.</em></strong></span> <span class='ocrx_word' id='word_1_726' title='bbox 1179 4253 1203 4313; x_wconf 90' lang='lat'><strong><em>8,</em></strong></span> <span class='ocrx_word' id='word_1_727' title='bbox 1223 4264 1247 4302; x_wconf 84' lang='lat' dir='ltr'><strong><em>v.</em></strong></span> <span class='ocrx_word' id='word_1_728' title='bbox 1270 4252 1315 4303; x_wconf 86' lang='lat' dir='ltr'><strong><em>ll:</em></strong></span> <span class='ocrx_word' id='word_1_729' title='bbox 1341 4248 1430 4301; x_wconf 88' lang='lat' dir='ltr'><strong><em>Multi</em></strong></span> <span class='ocrx_word' id='word_1_730' title='bbox 1447 4248 1482 4303; x_wconf 88' lang='lat' dir='ltr'><strong><em>ab</em></strong></span> <span class='ocrx_word' id='word_1_731' title='bbox 1501 4249 1606 4302; x_wconf 85' lang='lat' dir='ltr'><strong><em>oriente</em></strong></span> <span class='ocrx_word' id='word_1_732' title='bbox 1626 4259 1651 4302; x_wconf 91' lang='lat' dir='ltr'><strong><em>et</em></strong></span> <span class='ocrx_word' id='word_1_733' title='bbox 1670 4252 1811 4303; x_wconf 86' lang='lat' dir='ltr'><strong><em>occidente</em></strong></span> <span class='ocrx_word' id='word_1_734' title='bbox 1827 4252 1936 4304; x_wconf 79' lang='lat' dir='ltr'><strong><em>uenient</em></strong></span> 
     </span>
     <span class='ocr_line' id='line_1_48' title="bbox 237 4333 1936 4410; baseline -0.002 -17"><span class='ocrx_word' id='word_1_735' title='bbox 237 4348 353 4410; x_wconf 81' lang='lat' dir='ltr'><strong><em>apertae</em></strong></span> <span class='ocrx_word' id='word_1_736' title='bbox 383 4346 422 4393; x_wconf 82' lang='lat' dir='ltr'><strong><em>eet</em></strong></span> <span class='ocrx_word' id='word_1_737' title='bbox 443 4337 618 4407; x_wconf 81' lang='lat' dir='ltr'><strong><em>paradieue,</em></strong></span> <span class='ocrx_word' id='word_1_738' title='bbox 647 4337 783 4407; x_wconf 88' lang='lat' dir='ltr'><strong><em>plantata</em></strong></span> <span class='ocrx_word' id='word_1_739' title='bbox 809 4344 849 4390; x_wconf 83' lang='lat' dir='ltr'><strong><em>eet</em></strong></span> <span class='ocrx_word' id='word_1_740' title='bbox 877 4337 963 4391; x_wconf 88' lang='lat' dir='ltr'><strong><em>arbor</em></strong></span> <span class='ocrx_word' id='word_1_741' title='bbox 989 4338 1073 4401; x_wconf 83' lang='lat' dir='ltr'><strong><em>uitae,</em></strong></span> <span class='ocrx_word' id='word_1_742' title='bbox 1099 4342 1125 4388; x_wconf 91' lang='lat' dir='ltr'><strong><em>et</em></strong></span> <span class='ocrx_word' id='word_1_743' title='bbox 1143 4334 1299 4387; x_wconf 86' lang='lat' dir='ltr'><strong><em>recumbent</em></strong></span> <span class='ocrx_word' id='word_1_744' title='bbox 1316 4352 1377 4387; x_wconf 88' lang='lat' dir='ltr'><strong><em>cum</em></strong></span> <span class='ocrx_word' id='word_1_745' title='bbox 1395 4333 1574 4401; x_wconf 81' lang='lat' dir='ltr'><strong><em>Abrabamo,</em></strong></span> <span class='ocrx_word' id='word_1_746' title='bbox 1594 4335 1698 4389; x_wconf 89' lang='lat' dir='ltr'><strong><em>Ieaaco</em></strong></span> <span class='ocrx_word' id='word_1_747' title='bbox 1717 4344 1741 4387; x_wconf 90' lang='lat' dir='ltr'><strong><em>et</em></strong></span> <span class='ocrx_word' id='word_1_748' title='bbox 1769 4336 1880 4389; x_wconf 83' lang='lat' dir='ltr'><strong><em>Jacobo</em></strong></span> <span class='ocrx_word' id='word_1_749' title='bbox 1905 4337 1936 4389; x_wconf 86' lang='lat' dir='ltr'><strong><em>in</em></strong></span> 
     </span>
     <span class='ocr_line' id='line_1_49' title="bbox 234 4418 1936 4496; baseline -0.002 -16"><span class='ocrx_word' id='word_1_750' title='bbox 234 4433 440 4496; x_wconf 84' lang='lat' dir='ltr'><strong><em>praeparatam</em></strong></span> <span class='ocrx_word' id='word_1_751' title='bbox 466 4432 507 4479; x_wconf 91' lang='lat' dir='ltr'><strong><em>eet</em></strong></span> <span class='ocrx_word' id='word_1_752' title='bbox 528 4427 661 4492; x_wconf 86' lang='lat' dir='ltr'><strong><em>futurum</em></strong></span> <span class='ocrx_word' id='word_1_753' title='bbox 685 4432 809 4494; x_wconf 87' lang='lat' dir='ltr'><strong><em>tempae,</em></strong></span> <span class='ocrx_word' id='word_1_754' title='bbox 828 4432 1009 4491; x_wconf 87' lang='lat' dir='ltr'><strong><em>praeparata</em></strong></span> <span class='ocrx_word' id='word_1_755' title='bbox 1034 4431 1074 4476; x_wconf 84' lang='lat' dir='ltr'><strong><em>eet</em></strong></span> <span class='ocrx_word' id='word_1_756' title='bbox 1099 4437 1185 4489; x_wconf 80' lang='lat' dir='ltr'><strong><em>repro</em></strong></span> <span class='ocrx_word' id='word_1_757' title='bbox 1205 4420 1345 4475; x_wconf 88' lang='lat' dir='ltr'><strong><em>coelorum</em></strong></span> <span class='ocrx_word' id='word_1_758' title='bbox 1370 4418 1528 4489; x_wconf 80' lang='lat' dir='ltr'><strong><em>(antitheeie</em></strong></span> <span class='ocrx_word' id='word_1_759' title='bbox 1550 4437 1575 4473; x_wconf 88' lang='grc' dir='ltr'><strong><em>ν.</em></strong></span> <span class='ocrx_word' id='word_1_760' title='bbox 1602 4426 1643 4476; x_wconf 92' lang='grc'><strong><em>12.</em></strong></span> <span class='ocrx_word' id='word_1_761' title='bbox 1670 4422 1799 4484; x_wconf 71' lang='lat' dir='ltr'><strong><em>ostendit,</em></strong></span> <span class='ocrx_word' id='word_1_762' title='bbox 1826 4422 1936 4477; x_wconf 80' lang='lat' dir='ltr'><strong><em>nonde</em></strong></span> 
     </span>
     <span class='ocr_line' id='line_1_50' title="bbox 238 4505 1936 4578; baseline -0.003 -11"><span class='ocrx_word' id='word_1_763' title='bbox 238 4512 427 4574; x_wconf 82' lang='lat' dir='ltr'><strong><em>abundantio,</em></strong></span> <span class='ocrx_word' id='word_1_764' title='bbox 454 4512 607 4575; x_wconf 73' lang='lat' dir='ltr'><strong><em>aedificata</em></strong></span> <span class='ocrx_word' id='word_1_765' title='bbox 624 4518 664 4565; x_wconf 87' lang='lat' dir='ltr'><strong><em>eet</em></strong></span> <span class='ocrx_word' id='word_1_766' title='bbox 685 4510 797 4576; x_wconf 73' lang='lat' dir='ltr'><strong><em>dadae,</em></strong></span> <span class='ocrx_word' id='word_1_767' title='bbox 820 4510 946 4578; x_wconf 86' lang='lat' dir='ltr'><strong><em>probato</em></strong></span> <span class='ocrx_word' id='word_1_768' title='bbox 968 4517 1008 4562; x_wconf 89' lang='lat' dir='ltr'><strong><em>eet</em></strong></span> <span class='ocrx_word' id='word_1_769' title='bbox 1031 4527 1074 4562; x_wconf 86' lang='lat' dir='ltr'><strong><em>re·</em></strong></span> <span class='ocrx_word' id='word_1_770' title='bbox 1099 4506 1237 4561; x_wconf 81' lang='lat' dir='ltr'><strong><em>consortio</em></strong></span> <span class='ocrx_word' id='word_1_771' title='bbox 1263 4507 1292 4560; x_wconf 90' lang='lat' dir='ltr'><strong><em>iu</em></strong></span> <span class='ocrx_word' id='word_1_772' title='bbox 1311 4523 1398 4576; x_wconf 83' lang='lat' dir='ltr'><strong><em>reguo</em></strong></span> <span class='ocrx_word' id='word_1_773' title='bbox 1417 4505 1538 4576; x_wconf 80' lang='lat' dir='ltr'><strong><em>gratiae,</em></strong></span> <span class='ocrx_word' id='word_1_774' title='bbox 1566 4513 1598 4559; x_wconf 88' lang='lat' dir='ltr'><strong><em>ut</em></strong></span> <span class='ocrx_word' id='word_1_775' title='bbox 1617 4507 1731 4576; x_wconf 85' lang='lat' dir='ltr'><strong><em>quidem</em></strong></span> <span class='ocrx_word' id='word_1_776' title='bbox 1752 4505 1862 4575; x_wconf 83' lang='lat' dir='ltr'><strong><em>volunt,</em></strong></span> <span class='ocrx_word' id='word_1_777' title='bbox 1887 4507 1936 4562; x_wconf 81' lang='lat' dir='ltr'><strong><em>eod</em></strong></span> 
     </span>
     <span class='ocr_line' id='line_1_51' title="bbox 238 4581 1936 4669; baseline -0.001 -17"><span class='ocrx_word' id='word_1_778' title='bbox 238 4581 332 4669; x_wconf 60' lang='lat' dir='ltr'><strong><em>quiem</em></strong></span> <span class='ocrx_word' id='word_1_779' title='bbox 351 4600 482 4667; x_wconf 86' lang='lat' dir='ltr'><strong><em>perfecta</em></strong></span> <span class='ocrx_word' id='word_1_780' title='bbox 505 4605 546 4650; x_wconf 87' lang='lat' dir='ltr'><strong><em>cet</em></strong></span> <span class='ocrx_word' id='word_1_781' title='bbox 563 4598 672 4652; x_wconf 89' lang='lat' dir='ltr'><strong><em>bonitae</em></strong></span> <span class='ocrx_word' id='word_1_782' title='bbox 690 4605 715 4650; x_wconf 89' lang='lat' dir='ltr'><strong><em>et</em></strong></span> <span class='ocrx_word' id='word_1_783' title='bbox 729 4601 862 4665; x_wconf 87' lang='lat' dir='ltr'><strong><em>perfecta</em></strong></span> <span class='ocrx_word' id='word_1_784' title='bbox 880 4597 1038 4665; x_wconf 78' lang='lat' dir='ltr'><strong><em>rapientia,</em></strong></span> <span class='ocrx_word' id='word_1_785' title='bbox 1049 4613 1074 4650; x_wconf 86' lang='lat' dir='ltr'><strong><em>v.</em></strong></span> <span class='ocrx_word' id='word_1_786' title='bbox 1100 4593 1128 4647; x_wconf 88' lang='lat' dir='ltr'><strong><em>iu</em></strong></span> <span class='ocrx_word' id='word_1_787' title='bbox 1144 4598 1230 4664; x_wconf 87' lang='lat' dir='ltr'><strong><em>rcg&#39;no</em></strong></span> <span class='ocrx_word' id='word_1_788' title='bbox 1244 4593 1350 4662; x_wconf 82' lang='lat' dir='ltr'><strong><em>gloriae</em></strong></span> <span class='ocrx_word' id='word_1_789' title='bbox 1364 4591 1525 4661; x_wconf 76' lang='lat' dir='ltr'><strong><em>cumprimis</em></strong></span> <span class='ocrx_word' id='word_1_790' title='bbox 1541 4591 1586 4646; x_wconf 89' lang='lat' dir='ltr'><strong><em>hic</em></strong></span> <span class='ocrx_word' id='word_1_791' title='bbox 1604 4609 1755 4648; x_wconf 81' lang='lat' dir='ltr'><strong><em>sermonem</em></strong></span> <span class='ocrx_word' id='word_1_792' title='bbox 1775 4596 1855 4660; x_wconf 80' lang='lat' dir='ltr'><strong><em>cece).</em></strong></span> <span class='ocrx_word' id='word_1_793' title='bbox 1876 4611 1936 4664; x_wconf 82' lang='lat' dir='ltr'><strong><em>cup.</em></strong></span> 
     </span>
     <span class='ocr_line' id='line_1_52' title="bbox 239 4678 1938 4751; baseline -0.004 -11"><span class='ocrx_word' id='word_1_794' title='bbox 239 4692 280 4741; x_wconf 81' lang='grc'><strong><em>53.</em></strong></span> <span class='ocrx_word' id='word_1_795' title='bbox 307 4684 393 4739; x_wconf 78' lang='lat' dir='ltr'><strong><em>radia</em></strong></span> <span class='ocrx_word' id='word_1_796' title='bbox 416 4683 487 4737; x_wconf 89' lang='lat' dir='ltr'><strong><em>mali</em></strong></span> <span class='ocrx_word' id='word_1_797' title='bbox 507 4687 620 4751; x_wconf 79' lang='lat' dir='ltr'><strong><em>eipnata</em></strong></span> <span class='ocrx_word' id='word_1_798' title='bbox 647 4690 689 4737; x_wconf 87' lang='lat' dir='ltr'><strong><em>eet</em></strong></span> <span class='ocrx_word' id='word_1_799' title='bbox 714 4702 734 4737; x_wconf 92' lang='lat' dir='ltr'><strong><em>a</em></strong></span> <span class='ocrx_word' id='word_1_800' title='bbox 759 4683 845 4746; x_wconf 79' lang='lat' dir='ltr'><strong><em>nobie,</em></strong></span> <span class='ocrx_word' id='word_1_801' title='bbox 871 4684 1022 4745; x_wconf 75' lang='lat' dir='ltr'><strong><em>infirmiter</em></strong></span> <span class='ocrx_word' id='word_1_802' title='bbox 1049 4692 1074 4738; x_wconf 86' lang='lat' dir='ltr'><strong><em>et</em></strong></span> <span class='ocrx_word' id='word_1_803' title='bbox 1104 4687 1142 4748; x_wconf 95' lang='grc'><strong><em>11,</em></strong></span> <span class='ocrx_word' id='word_1_804' title='bbox 1159 4696 1185 4734; x_wconf 74' lang='grc' dir='ltr'><strong><em>ν.</em></strong></span> <span class='ocrx_word' id='word_1_805' title='bbox 1206 4679 1398 4746; x_wconf 81' lang='lat' dir='ltr'><strong><em>12:1iepnum</em></strong></span> <span class='ocrx_word' id='word_1_806' title='bbox 1419 4678 1560 4731; x_wconf 85' lang='lat' dir='ltr'><strong><em>coelorum</em></strong></span> <span class='ocrx_word' id='word_1_807' title='bbox 1578 4680 1634 4733; x_wconf 84' lang='lat' dir='ltr'><strong><em>uim</em></strong></span> <span class='ocrx_word' id='word_1_808' title='bbox 1650 4681 1761 4748; x_wconf 84' lang='lat' dir='ltr'><strong><em>patitur</em></strong></span> <span class='ocrx_word' id='word_1_809' title='bbox 1779 4689 1804 4732; x_wconf 90' lang='lat' dir='ltr'><strong><em>et</em></strong></span> <span class='ocrx_word' id='word_1_810' title='bbox 1820 4681 1938 4735; x_wconf 80' lang='lat' dir='ltr'><strong><em>violenti</em></strong></span> 
     </span>
     <span class='ocr_line' id='line_1_53' title="bbox 238 4763 1936 4839; baseline -0.003 -13"><span class='ocrx_word' id='word_1_811' title='bbox 238 4774 315 4826; x_wconf 87' lang='lat' dir='ltr'><strong><em>tinea</em></strong></span> <span class='ocrx_word' id='word_1_812' title='bbox 333 4788 351 4823; x_wconf 90' lang='grc' dir='ltr'><strong><em>α</em></strong></span> <span class='ocrx_word' id='word_1_813' title='bbox 368 4769 447 4823; x_wconf 88' lang='lat' dir='ltr'><strong><em>aobie</em></strong></span> <span class='ocrx_word' id='word_1_814' title='bbox 470 4770 606 4824; x_wconf 88' lang='lat' dir='ltr'><strong><em>abeconea</em></strong></span> <span class='ocrx_word' id='word_1_815' title='bbox 631 4777 695 4822; x_wconf 78' lang='lat' dir='ltr'><strong><em>erent</em></strong></span> <span class='ocrx_word' id='word_1_816' title='bbox 722 4778 747 4823; x_wconf 92' lang='lat' dir='ltr'><strong><em>et</em></strong></span> <span class='ocrx_word' id='word_1_817' title='bbox 772 4770 802 4822; x_wconf 88' lang='lat' dir='ltr'><strong><em>in</em></strong></span> <span class='ocrx_word' id='word_1_818' title='bbox 827 4769 972 4836; x_wconf 83' lang='lat' dir='ltr'><strong><em>infernum</em></strong></span> <span class='ocrx_word' id='word_1_819' title='bbox 993 4770 1073 4839; x_wconf 78' lang='lat' dir='ltr'><strong><em>sapit</em></strong></span> <span class='ocrx_word' id='word_1_820' title='bbox 1099 4767 1217 4837; x_wconf 86' lang='lat' dir='ltr'><strong><em>rapiant</em></strong></span> <span class='ocrx_word' id='word_1_821' title='bbox 1238 4765 1313 4818; x_wconf 89' lang='lat' dir='ltr'><strong><em>illud</em></strong></span> <span class='ocrx_word' id='word_1_822' title='bbox 1329 4763 1389 4834; x_wconf 86' lang='lat' dir='ltr'><strong><em>(qui</em></strong></span> <span class='ocrx_word' id='word_1_823' title='bbox 1407 4781 1461 4820; x_wconf 88' lang='lat' dir='ltr'><strong><em>nou</em></strong></span> <span class='ocrx_word' id='word_1_824' title='bbox 1481 4764 1648 4835; x_wconf 80' lang='lat' dir='ltr'><strong><em>franguntur</em></strong></span> <span class='ocrx_word' id='word_1_825' title='bbox 1665 4766 1798 4833; x_wconf 77' lang='lat' dir='ltr'><strong><em>adversio,</em></strong></span> <span class='ocrx_word' id='word_1_826' title='bbox 1822 4783 1877 4820; x_wconf 89' lang='lat' dir='ltr'><strong><em>uon</em></strong></span> <span class='ocrx_word' id='word_1_827' title='bbox 1896 4784 1936 4822; x_wconf 85' lang='lat' dir='ltr'><strong><em>re·</em></strong></span> 
     </span>
     <span class='ocr_line' id='line_1_54' title="bbox 240 4850 1936 4928; baseline -0.002 -16"><span class='ocrx_word' id='word_1_828' title='bbox 240 4857 384 4928; x_wconf 84' lang='lat' dir='ltr'><strong><em>corruptio</em></strong></span> <span class='ocrx_word' id='word_1_829' title='bbox 402 4857 432 4908; x_wconf 89' lang='lat' dir='ltr'><strong><em>in</em></strong></span> <span class='ocrx_word' id='word_1_830' title='bbox 450 4856 598 4922; x_wconf 84' lang='lat' dir='ltr'><strong><em>obliuione,</em></strong></span> <span class='ocrx_word' id='word_1_831' title='bbox 616 4873 642 4909; x_wconf 81' lang='lat' dir='ltr'><strong><em>v.</em></strong></span> <span class='ocrx_word' id='word_1_832' title='bbox 663 4861 704 4912; x_wconf 78' lang='grc'><strong><em>11.</em></strong></span> <span class='ocrx_word' id='word_1_833' title='bbox 722 4854 896 4908; x_wconf 88' lang='lat' dir='ltr'><strong><em>traneierunt</em></strong></span> <span class='ocrx_word' id='word_1_834' title='bbox 915 4855 1028 4910; x_wconf 88' lang='lat' dir='ltr'><strong><em>doloree</em></strong></span> <span class='ocrx_word' id='word_1_835' title='bbox 1048 4864 1075 4909; x_wconf 91' lang='lat' dir='ltr'><strong><em>et</em></strong></span> <span class='ocrx_word' id='word_1_836' title='bbox 1100 4853 1241 4924; x_wconf 82' lang='lat' dir='ltr'><strong><em>pelluntur</em></strong></span> <span class='ocrx_word' id='word_1_837' title='bbox 1261 4850 1407 4920; x_wconf 75' lang='lat' dir='ltr'><strong><em>scandulis,</em></strong></span> <span class='ocrx_word' id='word_1_838' title='bbox 1432 4865 1487 4904; x_wconf 89' lang='lat' dir='ltr'><strong><em>non</em></strong></span> <span class='ocrx_word' id='word_1_839' title='bbox 1506 4850 1608 4906; x_wconf 80' lang='lat' dir='ltr'><strong><em>cedunt</em></strong></span> <span class='ocrx_word' id='word_1_840' title='bbox 1624 4851 1707 4905; x_wconf 83' lang='lat' dir='ltr'><strong><em>minis</em></strong></span> <span class='ocrx_word' id='word_1_841' title='bbox 1727 4850 1830 4906; x_wconf 85' lang='lat' dir='ltr'><strong><em>diaboli</em></strong></span> <span class='ocrx_word' id='word_1_842' title='bbox 1849 4858 1877 4906; x_wconf 83' lang='lat' dir='ltr'><strong><em>et</em></strong></span> <span class='ocrx_word' id='word_1_843' title='bbox 1894 4871 1936 4908; x_wconf 86' lang='lat' dir='ltr'><strong><em>or·</em></strong></span> 
     </span>
     <span class='ocr_line' id='line_1_55' title="bbox 239 4936 1937 5012; baseline -0.001 -15"><span class='ocrx_word' id='word_1_844' title='bbox 239 4951 366 4997; x_wconf 86' lang='lat' dir='ltr'><strong><em>oeteneue</em></strong></span> <span class='ocrx_word' id='word_1_845' title='bbox 385 4950 425 4995; x_wconf 87' lang='lat' dir='ltr'><strong><em>cet</em></strong></span> <span class='ocrx_word' id='word_1_846' title='bbox 444 4943 476 4995; x_wconf 90' lang='lat' dir='ltr'><strong><em>in</em></strong></span> <span class='ocrx_word' id='word_1_847' title='bbox 493 4943 547 5003; x_wconf 75' lang='lat' dir='ltr'><strong><em>fine</em></strong></span> <span class='ocrx_word' id='word_1_848' title='bbox 573 4941 721 4995; x_wconf 76' lang='lat' dir='ltr'><strong><em>tlieeanrue</em></strong></span> <span class='ocrx_word' id='word_1_849' title='bbox 747 4939 978 4999; x_wconf 77' lang='lat' dir='ltr'><strong><em>immortalitatce.</em></strong></span> <span class='ocrx_word' id='word_1_850' title='bbox 1012 4958 1073 5012; x_wconf 84' lang='lat' dir='ltr'><strong><em>cup.</em></strong></span> <span class='ocrx_word' id='word_1_851' title='bbox 1100 4955 1234 5010; x_wconf 78' lang='lat' dir='ltr'><strong><em>genarum</em></strong></span> <span class='ocrx_word' id='word_1_852' title='bbox 1254 4939 1323 5007; x_wconf 85' lang='lat' dir='ltr'><strong><em>ojue,</em></strong></span> <span class='ocrx_word' id='word_1_853' title='bbox 1343 4937 1392 4992; x_wconf 81' lang='lat' dir='ltr'><strong><em>aed</em></strong></span> <span class='ocrx_word' id='word_1_854' title='bbox 1409 4936 1465 4992; x_wconf 83' lang='lat' dir='ltr'><strong><em>fide</em></strong></span> <span class='ocrx_word' id='word_1_855' title='bbox 1486 4938 1578 4993; x_wconf 82' lang='lat' dir='ltr'><strong><em>omniu</em></strong></span> <span class='ocrx_word' id='word_1_856' title='bbox 1595 4938 1797 5009; x_wconf 83' lang='lat' dir='ltr'><strong><em>perrumpunt).</em></strong></span> <span class='ocrx_word' id='word_1_857' title='bbox 1818 4956 1881 5010; x_wconf 86' lang='lat' dir='ltr'><strong><em>cap.</em></strong></span> <span class='ocrx_word' id='word_1_858' title='bbox 1899 4946 1937 5004; x_wconf 84' lang='grc'><strong><em>13,</em></strong></span> 
     </span>
     <span class='ocr_line' id='line_1_56' title="bbox 238 5024 1937 5096; baseline -0.004 -11"><span class='ocrx_word' id='word_1_859' title='bbox 238 5035 262 5096; x_wconf 86' lang='grc'><strong><em>9,</em></strong></span> <span class='ocrx_word' id='word_1_860' title='bbox 281 5047 307 5086; x_wconf 85' lang='lat' dir='ltr'><strong><em>v.</em></strong></span> <span class='ocrx_word' id='word_1_861' title='bbox 328 5035 372 5084; x_wconf 78' lang='lat'><strong><em>15:</em></strong></span> <span class='ocrx_word' id='word_1_862' title='bbox 393 5027 496 5081; x_wconf 87' lang='lat' dir='ltr'><strong><em>Plaree</em></strong></span> <span class='ocrx_word' id='word_1_863' title='bbox 513 5035 586 5091; x_wconf 85' lang='lat' dir='ltr'><strong><em>eunt,</em></strong></span> <span class='ocrx_word' id='word_1_864' title='bbox 605 5026 655 5094; x_wconf 77' lang='lat' dir='ltr'><strong><em>aui</em></strong></span> <span class='ocrx_word' id='word_1_865' title='bbox 669 5033 797 5093; x_wconf 89' lang='lat' dir='ltr'><strong><em>pereunt,</em></strong></span> <span class='ocrx_word' id='word_1_866' title='bbox 816 5043 899 5095; x_wconf 78' lang='lat' dir='ltr'><strong><em>quam</em></strong></span> <span class='ocrx_word' id='word_1_867' title='bbox 914 5027 964 5095; x_wconf 77' lang='lat' dir='ltr'><strong><em>qai</em></strong></span> <span class='ocrx_word' id='word_1_868' title='bbox 977 5027 1073 5081; x_wconf 82' lang='lat' dir='ltr'><strong><em>ealea-</em></strong></span> <span class='ocrx_word' id='word_1_869' title='bbox 1100 5030 1189 5080; x_wconf 75' lang='grc'><strong>1.13;</strong></span> <span class='ocrx_word' id='word_1_870' title='bbox 1212 5025 1291 5077; x_wconf 87' lang='lat' dir='ltr'><strong><em>Tunc</em></strong></span> <span class='ocrx_word' id='word_1_871' title='bbox 1302 5024 1373 5091; x_wconf 77' lang='lat' dir='ltr'><strong><em>jueti</em></strong></span> <span class='ocrx_word' id='word_1_872' title='bbox 1388 5024 1536 5092; x_wconf 79' lang='lat' dir='ltr'><strong><em>salpcbunt</em></strong></span> <span class='ocrx_word' id='word_1_873' title='bbox 1548 5025 1621 5079; x_wconf 83' lang='lat' dir='ltr'><strong><em>aient</em></strong></span> <span class='ocrx_word' id='word_1_874' title='bbox 1638 5025 1682 5079; x_wconf 87' lang='lat' dir='ltr'><strong><em>eol</em></strong></span> <span class='ocrx_word' id='word_1_875' title='bbox 1695 5026 1726 5079; x_wconf 89' lang='lat' dir='ltr'><strong><em>in</em></strong></span> <span class='ocrx_word' id='word_1_876' title='bbox 1737 5042 1825 5095; x_wconf 78' lang='lat' dir='ltr'><strong><em>repra</em></strong></span> <span class='ocrx_word' id='word_1_877' title='bbox 1833 5027 1937 5079; x_wconf 73' lang='lat' dir='ltr'><strong><em>Patrne</em></strong></span> 
     </span>
     <span class='ocr_line' id='line_1_57' title="bbox 116 5110 1936 5182; baseline -0.001 -14"><span class='ocrx_word' id='word_1_878' title='bbox 116 5136 160 5180; x_wconf 69' lang='grc' dir='ltr'><strong><em>χχ,</em></strong></span> <span class='ocrx_word' id='word_1_879' title='bbox 175 5137 223 5180; x_wconf 66' lang='lat'><strong><em>807,</em></strong></span> <span class='ocrx_word' id='word_1_880' title='bbox 238 5116 348 5169; x_wconf 87' lang='lat' dir='ltr'><strong><em>buntur.</em></strong></span> <span class='ocrx_word' id='word_1_881' title='bbox 382 5112 452 5168; x_wconf 84' lang='lat' dir='ltr'><strong><em>Tob.</em></strong></span> <span class='ocrx_word' id='word_1_882' title='bbox 474 5117 498 5179; x_wconf 91' lang='grc'><strong><em>2,</em></strong></span> <span class='ocrx_word' id='word_1_883' title='bbox 523 5128 550 5169; x_wconf 83' lang='lat' dir='ltr'><strong><em>v.</em></strong></span> <span class='ocrx_word' id='word_1_884' title='bbox 573 5116 616 5168; x_wconf 88' lang='lat'><strong><em>18:</em></strong></span> <span class='ocrx_word' id='word_1_885' title='bbox 650 5110 741 5164; x_wconf 90' lang='lat' dir='ltr'><strong><em>Vitam</em></strong></span> <span class='ocrx_word' id='word_1_886' title='bbox 768 5111 851 5164; x_wconf 89' lang='lat' dir='ltr'><strong><em>illam</em></strong></span> <span class='ocrx_word' id='word_1_887' title='bbox 877 5119 1074 5181; x_wconf 82' lang='lat' dir='ltr'><strong><em>enepectamne,</em></strong></span> <span class='ocrx_word' id='word_1_888' title='bbox 1102 5129 1206 5169; x_wconf 83' lang='lat' dir='ltr'><strong><em>eoram.</em></strong></span> <span class='ocrx_word' id='word_1_889' title='bbox 1236 5127 1297 5180; x_wconf 83' lang='lat' dir='ltr'><strong><em>cap.</em></strong></span> <span class='ocrx_word' id='word_1_890' title='bbox 1320 5114 1358 5173; x_wconf 88' lang='lat'><strong><em>18,</em></strong></span> <span class='ocrx_word' id='word_1_891' title='bbox 1377 5127 1402 5163; x_wconf 80' lang='lat' dir='ltr'><strong><em>r.</em></strong></span> <span class='ocrx_word' id='word_1_892' title='bbox 1422 5115 1450 5164; x_wconf 90' lang='lat'><strong><em>3:</em></strong></span> <span class='ocrx_word' id='word_1_893' title='bbox 1468 5111 1536 5164; x_wconf 86' lang='lat' dir='ltr'><strong><em>Niei</em></strong></span> <span class='ocrx_word' id='word_1_894' title='bbox 1553 5113 1681 5167; x_wconf 83' lang='lat' dir='ltr'><strong><em>converri</em></strong></span> <span class='ocrx_word' id='word_1_895' title='bbox 1694 5113 1811 5177; x_wconf 80' lang='lat' dir='ltr'><strong><em>faeritie</em></strong></span> <span class='ocrx_word' id='word_1_896' title='bbox 1826 5122 1853 5165; x_wconf 89' lang='lat' dir='ltr'><strong><em>ot</em></strong></span> <span class='ocrx_word' id='word_1_897' title='bbox 1874 5115 1936 5182; x_wconf 80' lang='lat' dir='ltr'><strong><em>effi·</em></strong></span> 
     </span>
     <span class='ocr_line' id='line_1_58' title="bbox 240 5197 1937 5270; baseline -0.001 -16"><span class='ocrx_word' id='word_1_898' title='bbox 240 5219 324 5270; x_wconf 81' lang='lat' dir='ltr'><strong><em>quaen</em></strong></span> <span class='ocrx_word' id='word_1_899' title='bbox 343 5202 422 5254; x_wconf 87' lang='lat' dir='ltr'><strong><em>Deue</em></strong></span> <span class='ocrx_word' id='word_1_900' title='bbox 439 5201 559 5252; x_wconf 85' lang='lat' dir='ltr'><strong><em>daturae</em></strong></span> <span class='ocrx_word' id='word_1_901' title='bbox 583 5205 623 5251; x_wconf 87' lang='lat' dir='ltr'><strong><em>eet</em></strong></span> <span class='ocrx_word' id='word_1_902' title='bbox 640 5197 698 5268; x_wconf 75' lang='lat' dir='ltr'><strong><em>bre,</em></strong></span> <span class='ocrx_word' id='word_1_903' title='bbox 722 5199 771 5267; x_wconf 68' lang='lat' dir='ltr'><strong><em>qai</em></strong></span> <span class='ocrx_word' id='word_1_904' title='bbox 787 5200 878 5265; x_wconf 74' lang='lat' dir='ltr'><strong><em>sidem</em></strong></span> <span class='ocrx_word' id='word_1_905' title='bbox 901 5217 982 5252; x_wconf 86' lang='lat' dir='ltr'><strong><em>ruam</em></strong></span> <span class='ocrx_word' id='word_1_906' title='bbox 1005 5216 1074 5251; x_wconf 89' lang='lat' dir='ltr'><strong><em>nun·</em></strong></span> <span class='ocrx_word' id='word_1_907' title='bbox 1100 5198 1218 5252; x_wconf 90' lang='lat' dir='ltr'><strong><em>ciamini</em></strong></span> <span class='ocrx_word' id='word_1_908' title='bbox 1235 5199 1306 5250; x_wconf 83' lang='lat' dir='ltr'><strong><em>eicut</em></strong></span> <span class='ocrx_word' id='word_1_909' title='bbox 1320 5197 1446 5265; x_wconf 82' lang='lat' dir='ltr'><strong><em>paruuli,</em></strong></span> <span class='ocrx_word' id='word_1_910' title='bbox 1463 5216 1520 5251; x_wconf 78' lang='lat' dir='ltr'><strong><em>reon</em></strong></span> <span class='ocrx_word' id='word_1_911' title='bbox 1538 5199 1680 5252; x_wconf 88' lang='lat' dir='ltr'><strong><em>intrabitie</em></strong></span> <span class='ocrx_word' id='word_1_912' title='bbox 1698 5199 1728 5251; x_wconf 86' lang='lat' dir='ltr'><strong><em>in</em></strong></span> <span class='ocrx_word' id='word_1_913' title='bbox 1747 5216 1864 5265; x_wconf 81' lang='lat' dir='ltr'><strong><em>repnam</em></strong></span> <span class='ocrx_word' id='word_1_914' title='bbox 1876 5216 1937 5252; x_wconf 87' lang='lat' dir='ltr'><strong><em>coe·</em></strong></span> 
     </span>
     <span class='ocr_line' id='line_1_59' title="bbox 241 5283 1937 5358; baseline -0.001 -18"><span class='ocrx_word' id='word_1_915' title='bbox 241 5306 324 5358; x_wconf 83' lang='lat' dir='ltr'><strong><em>qaam</em></strong></span> <span class='ocrx_word' id='word_1_916' title='bbox 338 5296 445 5341; x_wconf 89' lang='lat' dir='ltr'><strong><em>mutant</em></strong></span> <span class='ocrx_word' id='word_1_917' title='bbox 461 5287 498 5339; x_wconf 90' lang='lat' dir='ltr'><strong><em>ab</em></strong></span> <span class='ocrx_word' id='word_1_918' title='bbox 512 5302 552 5340; x_wconf 87' lang='lat' dir='ltr'><strong><em>eo.</em></strong></span> <span class='ocrx_word' id='word_1_919' title='bbox 569 5285 634 5356; x_wconf 81' lang='lat' dir='ltr'><strong><em>Sap.</em></strong></span> <span class='ocrx_word' id='word_1_920' title='bbox 654 5290 678 5349; x_wconf 84' lang='lat'><strong><em>8,</em></strong></span> <span class='ocrx_word' id='word_1_921' title='bbox 698 5303 723 5339; x_wconf 82' lang='lat' dir='ltr'><strong><em>v.</em></strong></span> <span class='ocrx_word' id='word_1_922' title='bbox 744 5286 1074 5356; x_wconf 72' lang='lat' dir='ltr'><strong><em>‘1:Fat9etamjmria</em></strong></span> <span class='ocrx_word' id='word_1_923' title='bbox 1100 5286 1200 5339; x_wconf 89' lang='lat' dir='ltr'><strong><em>lorum.</em></strong></span> <span class='ocrx_word' id='word_1_924' title='bbox 1225 5301 1251 5338; x_wconf 86' lang='lat' dir='ltr'><strong><em>v.</em></strong></span> <span class='ocrx_word' id='word_1_925' title='bbox 1273 5287 1297 5338; x_wconf 89' lang='grc'><strong><em>8.</em></strong></span> <span class='ocrx_word' id='word_1_926' title='bbox 1323 5283 1430 5336; x_wconf 77' lang='lat' dir='ltr'><strong><em>Melino</em></strong></span> <span class='ocrx_word' id='word_1_927' title='bbox 1449 5284 1509 5354; x_wconf 86' lang='lat' dir='ltr'><strong><em>tibi,</em></strong></span> <span class='ocrx_word' id='word_1_928' title='bbox 1528 5286 1570 5337; x_wconf 90' lang='lat' dir='ltr'><strong><em>ad</em></strong></span> <span class='ocrx_word' id='word_1_929' title='bbox 1586 5284 1671 5337; x_wconf 85' lang='lat' dir='ltr'><strong><em>citam</em></strong></span> <span class='ocrx_word' id='word_1_930' title='bbox 1690 5285 1805 5350; x_wconf 77' lang='lat' dir='ltr'><strong><em>inpredi</em></strong></span> <span class='ocrx_word' id='word_1_931' title='bbox 1820 5284 1937 5339; x_wconf 84' lang='lat' dir='ltr'><strong><em>debilem</em></strong></span> 
     </span>
     <span class='ocr_line' id='line_1_60' title="bbox 240 5370 1939 5442; baseline -0.002 -15"><span class='ocrx_word' id='word_1_932' title='bbox 240 5382 376 5442; x_wconf 76' lang='lat' dir='ltr'><strong><em>tanquam</em></strong></span> <span class='ocrx_word' id='word_1_933' title='bbox 392 5373 534 5428; x_wconf 71' lang='lat' dir='ltr'><strong><em>scintillae</em></strong></span> <span class='ocrx_word' id='word_1_934' title='bbox 557 5374 588 5425; x_wconf 88' lang='lat' dir='ltr'><strong><em>in</em></strong></span> <span class='ocrx_word' id='word_1_935' title='bbox 614 5373 773 5427; x_wconf 78' lang='lat' dir='ltr'><strong><em>ammdineo</em></strong></span> <span class='ocrx_word' id='word_1_936' title='bbox 799 5374 975 5442; x_wconf 72' lang='lat' dir='ltr'><strong><em>diecurrent5</em></strong></span> <span class='ocrx_word' id='word_1_937' title='bbox 1003 5392 1030 5432; x_wconf 87' lang='lat' dir='ltr'><strong><em>v.</em></strong></span> <span class='ocrx_word' id='word_1_938' title='bbox 1050 5377 1075 5429; x_wconf 85' lang='lat'><strong><em>8.</em></strong></span> <span class='ocrx_word' id='word_1_939' title='bbox 1100 5379 1152 5428; x_wconf 85' lang='lat' dir='ltr'><strong><em>etc.</em></strong></span> <span class='ocrx_word' id='word_1_940' title='bbox 1171 5375 1398 5440; x_wconf 75' lang='grc' dir='ltr'><strong>ααρ.19,1.23;</strong></span> <span class='ocrx_word' id='word_1_941' title='bbox 1419 5370 1939 5441; x_wconf 71' lang='lat' dir='ltr'><strong><em>Diceed&#39;sficileintrabitiurapnum</em></strong></span> 
     </span>
     <span class='ocr_line' id='line_1_61' title="bbox 233 5457 1938 5531; baseline -0.001 -17"><span class='ocrx_word' id='word_1_942' title='bbox 233 5460 410 5531; x_wconf 74' lang='lat' dir='ltr'><strong><em>judicabunt</em></strong></span> <span class='ocrx_word' id='word_1_943' title='bbox 423 5458 552 5513; x_wconf 81' lang='lat' dir='ltr'><strong><em>nationoe</em></strong></span> <span class='ocrx_word' id='word_1_944' title='bbox 569 5467 595 5514; x_wconf 90' lang='lat' dir='ltr'><strong><em>et</em></strong></span> <span class='ocrx_word' id='word_1_945' title='bbox 613 5459 830 5515; x_wconf 83' lang='lat' dir='ltr'><strong><em>dominabuntur</em></strong></span> <span class='ocrx_word' id='word_1_946' title='bbox 844 5460 970 5531; x_wconf 84' lang='lat' dir='ltr'><strong><em>popnlle,</em></strong></span> <span class='ocrx_word' id='word_1_947' title='bbox 988 5468 1016 5513; x_wconf 91' lang='lat' dir='ltr'><strong><em>et</em></strong></span> <span class='ocrx_word' id='word_1_948' title='bbox 1031 5476 1075 5515; x_wconf 89' lang='lat' dir='ltr'><strong><em>rc·</em></strong></span> <span class='ocrx_word' id='word_1_949' title='bbox 1100 5459 1257 5526; x_wconf 85' lang='lat' dir='ltr'><strong><em>coelorum,·</em></strong></span> <span class='ocrx_word' id='word_1_950' title='bbox 1283 5474 1309 5510; x_wconf 85' lang='lat' dir='ltr'><strong><em>v.</em></strong></span> <span class='ocrx_word' id='word_1_951' title='bbox 1327 5461 1366 5512; x_wconf 90' lang='grc'><strong><em>21.</em></strong></span> <span class='ocrx_word' id='word_1_952' title='bbox 1391 5457 1512 5522; x_wconf 72' lang='lat' dir='ltr'><strong><em>fecelino</em></strong></span> <span class='ocrx_word' id='word_1_953' title='bbox 1531 5463 1579 5522; x_wconf 80' lang='lat' dir='ltr'><strong><em>eet,</em></strong></span> <span class='ocrx_word' id='word_1_954' title='bbox 1602 5457 1737 5510; x_wconf 87' lang='lat' dir='ltr'><strong><em>camelum</em></strong></span> <span class='ocrx_word' id='word_1_955' title='bbox 1761 5458 1869 5511; x_wconf 74' lang='lat' dir='ltr'><strong><em>narare</em></strong></span> <span class='ocrx_word' id='word_1_956' title='bbox 1882 5473 1938 5527; x_wconf 83' lang='lat' dir='ltr'><strong><em>por</em></strong></span> 
     </span>
    </p>
   </div>
   <div class='ocr_carea' id='block_1_3' title="bbox 0 0 2038 6004">
    <p class='ocr_par' dir='ltr' id='par_1_3' title="bbox 0 0 2038 6004">
     <span class='ocr_line' id='line_1_62' title="bbox 0 0 2038 6004; baseline 0 0"><span class='ocrx_word' id='word_1_957' title='bbox 0 0 2038 6004; x_wconf 95' lang='lat' dir='ltr'><strong><em> </em></strong></span> 
     </span>
    </p>
   </div>
  </div>
 </body>
</html>
