4050 6014
194 311 255 371 208
845 304 1072 363 mauretus
1092 301 1261 370 QUINTUS

192 447 246 513 res
260 459 424 529 spirituales.
461 459 537 515 luter
558 476 644 531 agens
670 466 697 515 ct
722 460 830 532 patiens
856 461 939 516 debet
964 477 1024 517 esse
1052 466 1150 530 potens
1165 475 1226 514 eam
1243 458 1383 513 rultessc.
1412 456 1441 512 Si
1457 472 1572 527 corpora
1589 455 1782 510 damnatorum
1800 471 1883 509 urun-

192 551 343 601 contactus.
381 544 436 600 Sed
460 544 532 600 inter
556 545 683 616 spiritum
709 550 737 600 et
755 562 854 617 corpus
872 547 965 602 nullus
983 555 1024 602 est
1050 554 1103 614 tur,
1129 563 1180 601 nec
1207 551 1300 600 tamen
1328 551 1540 610 consumuntur,
1562 543 1628 614 qnia
1644 542 1722 596 Dens
1746 559 1780 596 ca
1797 541 1885 596 voluit

192 639 344 687 contectus.
381 631 456 702 Ergo
480 631 564 686 etiam
587 631 660 703 ignis
681 648 829 702 corporeus
847 650 902 687 non
922 635 1022 704 poterit
1051 650 1110 688 esse
1127 631 1211 701 talia;
1240 630 1377 703 quomodo
1394 634 1629 685 contranaturam
1645 644 1704 683 esse
1717 628 1773 682 dici
1785 632 1884 697 potest,

191 734 274 788 agere
300 717 328 771 in
351 716 486 787 spiritum.
531 716 691 787 Respondet
714 717 889 788 Augustinus
912 719 958 774 lib.
981 725 1021 776 21.
1052 718 1125 789 quod
1141 717 1194 772 Dei
1208 717 1240 771 fit
1256 719 1406 782 voluntate,
1425 733 1488 770 cum
1507 714 1634 769 voluntas
1650 713 1721 768 tanti
1734 714 1885 769 conditoris

192 803 226 858 de
253 804 302 859 civ.
329 803 382 858 Dei
414 819 474 873 cap.
505 808 544 860 10.
573 820 632 856 esse
660 804 743 858 ctiam
769 805 949 860 daemonibus
972 824 1023 860 sua
1051 805 1178 860 conditae
1196 803 1235 859 rei
1256 805 1391 874 cujusque
1408 803 1445 856 sit
1462 800 1580 857 natura?
1599 801 1721 856 Possunt
1738 817 1806 872 ergo
1819 800 1883 855 dae-

190 892 328 960 quaedam
349 906 472 958 corporo
492 907 525 943 eo
543 890 597 944 isto
617 895 683 944 aire
694 907 790 944 erasm
803 899 886 961 atque
900 893 1024 961 humido,
1051 907 1144 945 mones
1156 896 1184 944 et
1198 890 1305 944 animae
1320 889 1460 943 hominum
1477 903 1536 942 ease
1555 886 1693 959 objectum
1709 903 1798 957 capax
1811 887 1884 958 ignis

71 979 176 1022 11²⁴&
191 978 272 1046 cujus
299 976 436 1046 impulsus
457 978 548 1046 flante
572 984 652 1030 uento
676 977 808 1044 sentitur,
837 980 914 1048 quad
936 997 1023 1047 penus
1051 976 1182 1045 corporei,
1202 993 1257 1030 non
1276 975 1389 1047 quidem
1408 991 1460 1028 sua
1480 981 1580 1028 natura
1599 971 1678 1026 nobis
1698 974 1824 1044 cognita,
1844 974 1884 1028 in-

190 1063 316 1119 clementi
342 1064 370 1117 si
396 1063 468 1117 nillil
494 1064 557 1132 ipne
580 1064 694 1132 perpeti
720 1072 821 1134 posset,
849 1082 905 1117 non
931 1074 1024 1119 ureret
1049 1063 1130 1117 terim
1140 1061 1249 1116 infinita
1261 1062 1314 1117 Dei
1332 1064 1433 1116 virtute
1448 1066 1476 1116 et
1489 1061 1612 1130 potentia
1631 1059 1711 1115 nobis
1731 1060 1884 1131 incompre-

185 1151 364 1220 servsfaatus
384 1149 414 1202 in
433 1150 547 1206 balneis.
575 1148 707 1220 Sequitur
724 1148 775 1204 hac
795 1149 823 1205 in
842 1151 1022 1222 partePlato-
1050 1148 1187 1204 bensibili.
1231 1148 1274 1202 Ac
1300 1146 1366 1202 licet
1391 1148 1420 1200 in
1446 1147 1572 1216 spiritum
1600 1151 1629 1201 et
1657 1163 1758 1216 corpus
1777 1147 1885 1201 nonsit

190 1235 266 1291 nicos
287 1234 535 1300 etTertulliannm,
553 1235 601 1305 qui
616 1252 731 1305 corpora
748 1237 829 1290 eirea
843 1237 1023 1292 daemonibus
1050 1242 1191 1289 contactus
1211 1250 1363 1303 corporeus
1388 1241 1413 1287 et
1433 1233 1648 1302 quantitativas,
1674 1238 1767 1286 tamen
1792 1237 1885 1303 potest

191 1320 361 1388 tribuebant,
379 1321 427 1375 sed
441 1320 606 1391 quiassvidet,
625 1321 697 1376 hanc
712 1320 879 1392 hypothesin
892 1340 947 1376 non
959 1340 1022 1378 con·
1050 1336 1111 1376 esse
1122 1328 1264 1376 contactus
1275 1321 1410 1375 essmtiae
1426 1326 1452 1374 et
1464 1319 1584 1384 uirtutis,
1602 1335 1664 1372 cum
1679 1318 1751 1373 inter
1763 1319 1884 1374 animam

191 1407 252 1461 cedi
274 1407 309 1462 ah
331 1406 467 1473 omnibus,
488 1406 543 1460 imo
562 1408 621 1476 ipse
642 1423 702 1461 eam
720 1407 859 1478 improbet
879 1408 925 1463 lib.
946 1415 968 1465 1.
989 1409 1023 1466 de
1051 1413 1189 1478 etcorpus
1207 1407 1356 1462 humanum
1368 1406 1463 1460 divina
1482 1405 1607 1477 potentia
1622 1406 1744 1475 potuerit
1761 1406 1884 1463 invenire

191 1496 272 1549 anim.
294 1494 401 1565 atejus
419 1493 487 1564 orig.
507 1508 568 1562 cap.
582 1499 605 1549 5.
625 1493 673 1551 lib.
687 1499 711 1548 t.
731 1500 830 1563 capt.
850 1493 899 1551 lib.
918 1503 941 1552 4.
961 1512 1022 1566 cap.
1049 1495 1132 1550 talem
1158 1493 1376 1564 proportionem,
1402 1498 1432 1545 ut
1453 1500 1585 1562 tanquam
1609 1491 1725 1546 materia
1748 1497 1777 1548 et
1796 1491 1884 1549 forma

193 1585 231 1636 12.
250 1584 279 1635 ct
296 1595 372 1650 seqq.
391 1579 453 1633 idco
466 1579 549 1633 aliam
567 1580 773 1650 responsionem
785 1579 939 1652 subjungit.
967 1582 1023 1638 Cur
1050 1580 1085 1635 ad
1104 1597 1189 1634 unum
1209 1578 1392 1649 compositum
1410 1579 1562 1632 arctissime
1582 1579 1720 1633 uniantur.
1747 1578 1826 1649 Ignis
1845 1579 1885 1634 in-

189 1684 245 1719 non
260 1667 400 1734 dicamus,
429 1665 532 1736 inquit,
563 1667 689 1735 quamuis
710 1667 798 1731 miris,
828 1674 920 1721 tamen
948 1670 1023 1722 veris
1049 1667 1163 1720 seruulis
1182 1664 1373 1721 consideratur
1391 1664 1540 1735 dupliciter
1558 1666 1705 1721 l.ratione
1721 1667 1775 1730 sui,
1794 1668 1817 1721 2.
1837 1683 1884 1719 ra·

189 1753 282 1805 modis
302 1753 385 1805 etiam
406 1753 524 1822 spiritus
547 1743 725 1821 incorporeos
746 1769 831 1822 posse
851 1769 943 1822 poena
961 1771 1020 1807 cor·
1050 1754 1124 1806 tione
1149 1754 1258 1820 apertis
1278 1751 1465 1822 principalis,
1491 1751 1571 1819 cujus
1596 1756 1639 1804 est
1661 1750 1884 1808 instrumentum.
1898 1769 1939 1812 xx.
1952 1770 1981 1812 stt

187 1839 298 1910 parulis
316 1838 391 1908 iqnis
408 1838 516 1908 afflipi,
535 1839 562 1891 si
577 1839 697 1907 spiritus
713 1839 949 1892 hominumetiam
966 1840 1023 1909 ipsi
1049 1839 1118 1908 Agit
1145 1855 1212 1910 ergo
1238 1837 1267 1892 in
1292 1838 1427 1909 spiritum,
1447 1844 1582 1907 quatenus
1605 1842 1647 1891 est
1670 1837 1884 1893 instrumentum

184 1928 316 1996 proferto
337 1925 499 1995 incorporei
526 1933 552 1979 et
571 1943 645 1978 nunc
664 1933 814 1993 potuerunt
832 1925 944 1979 includi
962 1943 1020 1980 aar·
1049 1925 1159 1980 divinae
1174 1924 1310 1995 justitiae,
1327 1923 1521 1994 quiaquodsis
1540 1922 1751 1977 instrumentum
1773 1931 1885 1993 praeter

185 2012 333 2081 paratibus
353 2011 492 2079 membris,
514 2017 540 2063 et
559 2019 624 2064 terna
638 2018 773 2079 poterunt
790 2028 939 2080 corporum
958 2029 1019 2065 erro·
1049 2012 1102 2065 vim
1122 2011 1175 2065 sibi
1195 2011 1305 2065 insitam
1319 2008 1553 2080 aliamquandam
1566 2008 1884 2081 adipisciturabagente

187 2116 251 2152 rum
274 2097 394 2151 uinculis
424 2096 613 2150 insolubiliter
635 2096 777 2165 alliqaril
819 2096 1020 2151 Adicerelunt
1050 2097 1208 2168 principali:
1244 2095 1290 2152 Sic
1324 2096 1401 2150 calor
1428 2094 1563 2149 naturalia
1593 2100 1703 2166 praeter
1734 2095 1789 2149 vim
1813 2096 1883 2151 calc·

188 2200 263 2252 erpo,
283 2186 311 2238 si
328 2183 368 2236 sier
386 2182 468 2236 nulla
486 2191 692 2251 sunt„corpora
711 2182 830 2251 spiritus
846 2184 1020 2253 daemonum,
1048 2183 1183 2250 faciendi,
1201 2199 1285 2253 quam
1301 2181 1386 2236 habet
1406 2198 1424 2235 a
1439 2187 1545 2246 natura,
1564 2180 1600 2235 ah
1622 2181 1723 2250 anima,
1742 2184 1824 2253 cujus
1842 2187 1884 2238 est

188 2271 244 2324 imo
265 2270 385 2339 spiritus
410 2270 571 2330 doemones,
592 2268 658 2320 licet
678 2268 851 2338 incorporei,
879 2271 1020 2339 corporeis
1046 2272 1268 2333 instrumentum,
1287 2268 1360 2323 hanc
1373 2267 1428 2321 vim
1442 2268 1630 2338 consequitur,
1648 2285 1705 2339 qua
1720 2269 1882 2324 alimentum

188 2356 298 2425 ipnihus
316 2354 479 2419 cruciandi,
508 2371 564 2407 non
592 2361 624 2407 ut
647 2355 726 2423 iqnes
745 2354 815 2424 ipsi,
844 2356 944 2424 quibus
968 2358 1019 2410 ad·
1045 2357 1074 2411 in
1093 2355 1277 2410 substantiam
1298 2355 1366 2425 ejus,
1386 2354 1459 2423 quod
1478 2353 1570 2419 alitur,
1594 2360 1743 2412 convertat.
1770 2353 1882 2410 Schola·

187 2442 347 2509 haerebunt,
366 2457 463 2494 eorum
478 2441 616 2509 junctura
636 2439 810 2509 inspirentur
833 2449 859 2494 et
879 2443 1019 2496 animalia
1047 2443 1108 2496 stici
1127 2442 1155 2494 in
1176 2448 1230 2495 tres
1251 2439 1395 2511 opiniones
1415 2439 1520 2493 abeunt
1540 2439 1616 2494 circa
1633 2440 1803 2495 activitatem
1823 2458 1881 2496 cor·

184 2533 263 2593 fiant,
285 2543 356 2597 quae
376 2534 500 2580 constent
516 2526 621 2597 spiritu
638 2535 667 2580 et
684 2543 811 2596 corpore,
824 2529 877 2581 sed
895 2529 975 2582 miris
993 2537 1020 2583 et
1047 2528 1122 2599 porci
1146 2527 1230 2596 hujus
1253 2527 1325 2598 ignis
1351 2526 1379 2579 in
1404 2542 1448 2580 res
1472 2525 1627 2595 spirituales
1651 2531 1679 2580 et
1708 2527 1882 2597 incorporeas

188 2613 378 2685 ineffabilibus
396 2613 489 2667 modis
515 2613 697 2667 adhaerendo
717 2615 886 2682 accipientes
900 2630 932 2668 ea
948 2615 1018 2682 ipni·
1047 2613 1249 2668 declarandam.
1272 2612 1391 2676 Quidam
1404 2616 1540 2676 statuunt,
1560 2614 1710 2666 daemones
1728 2622 1754 2666 et
1772 2615 1883 2668 animas

188 2699 237 2753 aas
250 2715 382 2769 paenam,
402 2715 457 2752 non
477 2700 579 2753 dantes
599 2700 815 2768 iqnihusuitam,
837 2701 904 2771 quia
923 2708 949 2756 et
968 2702 1020 2755 iste
1046 2701 1203 2754 rationales
1219 2718 1274 2754 non
1294 2699 1379 2753 aliter
1398 2699 1525 2752 cruciari
1542 2700 1605 2766 iqne
1624 2716 1774 2769 corporeo,
1799 2717 1883 2769 quam

186 2786 262 2840 alites
282 2787 395 2853 modus,
422 2802 476 2853 quac
494 2786 660 2854 corporibus
680 2785 837 2839 adhaerent
856 2788 975 2856 spiritus
994 2796 1020 2841 et
1047 2789 1234 2857 quadrantra
1248 2804 1330 2840 suom
1346 2785 1514 2840 uoluntatem
1527 2784 1556 2838 in
1577 2801 1609 2838 eo
1622 2786 1801 2840 detineantur
1821 2794 1881 2841 tan·

186 2872 324 2926 animalia
343 2873 420 2939 fiunt,
452 2870 563 2925 omnino
583 2872 672 2924 mirus
691 2880 731 2925 est
753 2889 804 2926 nec
823 2875 1022 2943 comprehendi
1047 2891 1131 2942 quam
1154 2873 1341 2943 inperpetuo
1365 2887 1486 2928 carcere.
1530 2870 1651 2926 Thomas
1670 2878 1694 2928 l.
1722 2880 1792 2927 sent.
1820 2873 1882 2929 dist.

186 2959 222 3012 ab
241 2959 351 3013 homine
366 2965 466 3028 potest,
484 2966 510 3011 et
531 2956 583 3011 loa
603 2959 663 3029 ipse
682 2959 763 3013 lamo
783 2967 830 3013 est.
866 2959 944 3015 Haec
962 2961 1019 3014 Au·
1046 2967 1086 3017 tt.
1105 2977 1131 3030 q.
1152 2964 1175 3015 3.
1195 2964 1247 3013 art.
1267 2964 1289 3014 3.
1312 2958 1462 3013 Abulensis
1481 2958 1510 3012 in
1524 2974 1585 3029 cap.
1604 2963 1643 3014 25.
1663 2959 1761 3015 Matth.
1776 2968 1882 3032 quaest.

186 3042 321 3117 glutinus.
344 3042 494 3115 Gregorius
512 3043 531 3096 l.
546 3049 569 3098 4.
582 3042 648 3097 dial.
662 3061 685 3098 c.
699 3049 745 3100 ll:
771 3045 873 3099 Tener-i
886 3047 1019 3115 spiritum
1047 3051 1105 3102 506.
1125 3044 1242 3109 Quidam
1257 3045 1422 3110 existimant,
1437 3047 1586 3098 daemones
1600 3054 1627 3098 st
1641 3047 1753 3101 animas
1765 3048 1881 3102 damna·

182 3147 237 3201 per
260 3131 352 3199 ipram
372 3130 505 3193 dicimus,
532 3137 563 3182 ut
587 3130 617 3183 in
636 3138 770 3185 tormento
795 3131 870 3199 ipnis
897 3133 1018 3189 videndo
1046 3142 1137 3188 torum
1169 3132 1381 3202 apprehendere
1417 3131 1509 3201 iqnsm
1540 3132 1710 3197 infernalem
1748 3142 1882 3205 tanquam

186 3226 270 3287 atque
293 3217 440 3271 sentiendo
464 3218 613 3287 puniatur.
658 3216 755 3286 Ipnem
779 3234 897 3286 namque
924 3220 960 3272 ab
986 3237 1019 3274 ea
1045 3219 1229 3284 militarium,
1253 3235 1413 3289 quanquam
1427 3234 1535 3271 reuera
1549 3219 1648 3273 nouitas
1666 3222 1786 3284 nonsit,
1807 3229 1882 3276 elec

185 3303 377 3375 ipsopatitur,
398 3304 567 3372 quoduidet,
587 3310 612 3357 et
625 3304 691 3374 quia
705 3305 827 3357 cremari
839 3319 868 3357 se
887 3305 1019 3374 adspicit,
1046 3306 1100 3359 illo
1112 3306 1201 3375 falsa
1228 3306 1358 3374 opinione
1376 3306 1457 3358 nasci
1477 3304 1603 3359 dolorem
1622 3322 1656 3360 aa
1674 3306 1831 3371 tristitiam,
1856 3314 1882 3361 et

186 3399 335 3457 crematur,
356 3389 451 3458 sicque
475 3390 520 3452 fit,
545 3397 575 3443 ut
600 3407 646 3443 res
665 3407 803 3460 corporea
822 3391 1017 3461 incorpoream
1045 3392 1075 3444 in
1093 3408 1127 3444 ea
1142 3392 1295 3445 consistere
1315 3408 1438 3459 poenam
1463 3390 1537 3459 iqnis
1555 3391 1723 3458 infernalis,
1746 3392 1881 3464 Aegidius

186 3484 293 3541 eaurat,
318 3479 385 3529 dum
404 3492 437 3529 ea
456 3476 520 3546 ique
538 3477 644 3530 visibili
660 3478 749 3530 ardor
765 3494 800 3530 aa
821 3478 905 3532 dolor
924 3479 1018 3531 inuisi·
1046 3477 1166 3549 quodlib.
1192 3485 1215 3534 l.
1243 3495 1269 3548 q.
1288 3482 1311 3532 9.
1349 3475 1404 3531 Sed
1429 3493 1492 3530 curn
1518 3485 1617 3531 neuma
1640 3477 1733 3547 opinio
1757 3479 1882 3550 emphasi

186 3564 251 3617 iilis
270 3563 402 3624 trahitur,
426 3570 457 3614 ut
473 3579 527 3631 per
544 3562 635 3629 ipnem
653 3579 817 3631 corporeum
835 3580 911 3617 mens
928 3565 1019 3618 incor-
1047 3564 1181 3618 dictorum
1202 3562 1363 3631 Scripturas
1389 3562 1424 3618 de
1450 3561 1575 3617 efficacia
1599 3564 1681 3635 hujus
1705 3564 1779 3636 ignis
1803 3566 1880 3620 satis·

183 3665 275 3718 porea
296 3650 380 3702 etiam
398 3649 566 3717 incorporea
585 3649 704 3717 flamma
725 3650 872 3711 crucietur,
892 3651 1018 3720 momnis
1046 3650 1136 3715 faciat,
1167 3650 1229 3703 ideo
1253 3648 1301 3703 ulii
1321 3649 1527 3704 convenientius
1547 3656 1687 3718 statuunt,
1711 3652 1802 3718 ipnem
1819 3671 1881 3705 car·

186 3736 319 3805 calliqere
336 3753 370 3788 ea
389 3736 474 3788 dictis
487 3735 655 3805 euunqclr'cia
664 3736 814 3804 possimus,
833 3739 910 3807 meod
927 3737 1018 3792 incen-
1041 3753 1158 3806 parcum
1183 3753 1237 3805 per
1261 3738 1374 3789 modum
1402 3736 1580 3788 instrumenti
1609 3737 1703 3790 diuini
1721 3741 1881 3807 producere

186 3821 264 3874 dium
282 3820 742 3875 animanonsolumvidendosed
754 3823 836 3874 etiam
851 3823 1017 3893 experiendo
1046 3821 1227 3876 mamanibus
1244 3822 1351 3875 realem
1380 3828 1405 3874 et
1430 3820 1609 3891 spiritualem
1632 3823 1759 3891 aliquam
1788 3827 1880 3897 quali·

183 3909 320 3978 patiatur.
332 3907 414 3976 Hugo
423 3905 617 3977 Victorinusq.
629 3913 652 3962 4.
665 3907 694 3961 in
709 3913 731 3963 1.
743 3907 820 3978 epist.
833 3908 868 3962 ad
879 3907 1017 3963 Thessal:
1045 3915 1138 3974 tatem,
1158 3923 1230 3977 quiae
1251 3908 1377 3975 ipsumam
1397 3915 1518 3959 naturae
1538 3908 1576 3958 sit
1601 3909 1747 3963 contraria
1766 3929 1802 3965 ac
1823 3914 1880 3968 ἀίε-

186 3994 267 4048 etat
278 3999 376 4061 polest,
396 3999 490 4044 utres
509 3992 674 4059 spirituales
690 4011 745 4062 per
764 4011 797 4046 eo
815 3995 982 4064 puniantur,
1000 4012 1019 4046 a
1045 3993 1216 4061 conueniens,
1236 4000 1262 4045 et
1282 4009 1301 4044 a
1319 4010 1375 4060 qua
1394 3999 1526 4060 tanquam
1541 3994 1578 4046 ab
1590 3995 1697 4063 objecto
1714 3996 1825 4052 doloris
1844 4017 1879 4053 aa

186 4077 880 4148 quihusnoncontinpuntur,velutquisltorrorem
889 4099 1018 4149 mapnum
1045 4080 1179 4133 tristitiae
1199 4079 1367 4146 pravissime
1384 4079 1553 4133 crucientur.
1593 4081 1627 4133 Ut
1645 4081 1717 4132 enim
1736 4083 1810 4149 ipnis
1829 4102 1878 4139 na·

185 4179 217 4219 ea
235 4164 332 4234 aliquo
354 4163 414 4217 viso
431 4162 476 4216 ael
494 4163 649 4232 imaqinato
664 4164 819 4224 contradit,
844 4166 897 4219 etsi
913 4166 948 4217 ab
967 4166 1019 4220 illo
1045 4165 1178 4219 turaliter
1196 4165 1301 4218 dicitur
1323 4181 1441 4218 causare
1463 4165 1590 4219 dolorem
1607 4166 1637 4218 in
1657 4183 1789 4235 corpore,
1811 4171 1878 4239 quia

184 4268 241 4303 non
258 4250 447 4317 continpatur.
485 4249 724 4313 Quemadmodum
743 4267 761 4304 a
778 4252 838 4305 Deo
856 4250 952 4305 ordine
971 4269 1016 4305 na·
1045 4253 1274 4320 alterutrumne,
1294 4269 1326 4305 ea
1345 4270 1403 4321 quo
1421 4253 1589 4308 alteratione
1604 4253 1723 4307 rmultat
1738 4257 1878 4323 quaedam

184 4342 262 4391 turae
284 4336 325 4390 ita
347 4334 472 4389 ridemus
496 4336 668 4402 institutum,
693 4342 724 4388 ut
747 4335 841 4390 anima
857 4336 1019 4392 naturaliter
1045 4337 1169 4406 qualitas
1190 4336 1402 4392 disconveniens
1427 4346 1546 4392 naturae
1564 4339 1723 4404 sensitivue,
1749 4357 1820 4409 quae
1838 4349 1878 4394 est

184 4422 291 4491 corpori
309 4421 387 4477 unita
406 4423 592 4492 compatiatur
611 4423 717 4493 corpori
736 4431 764 4476 et
781 4439 895 4493 corpore
914 4422 1018 4478 afflicto
1045 4424 1180 4492 obJ'ectum
1196 4424 1305 4478 doloris
1324 4425 1480 4488 sensebilis,·
1506 4424 1548 4475 ita
1566 4425 1650 4477 etiam
1675 4434 1877 4494 supernatura·

185 4508 267 4563 etism
285 4508 347 4578 ipsa
365 4510 459 4563 doleat
479 4514 508 4562 et
535 4514 659 4562 recreato
677 4508 844 4563 exhilaretur
872 4526 904 4564 ac
922 4527 1016 4580 quam·
1044 4511 1109 4563 liter
1129 4510 1234 4563 dicitur
1258 4528 1376 4564 causare
1394 4509 1521 4563 dolorem
1542 4511 1571 4563 in
1591 4511 1707 4579 ampelo,
1726 4512 1796 4580 quia
1808 4530 1877 4582 pro·

183 4594 225 4648 vis
243 4593 334 4649 occiso
352 4610 466 4663 corpore
486 4611 543 4649 non
561 4594 717 4657 occidatur,
735 4601 828 4650 tamen
848 4596 955 4666 corpori
972 4614 1016 4650 oc·
1044 4596 1275 4664 ducitquandam
1291 4595 1455 4664 qualitatem
1472 4595 1649 4664 spiritualem
1668 4598 1876 4653 disconvenien-

183 4680 240 4735 ciso
263 4679 410 4734 condoleat
436 4685 465 4733 et
482 4680 587 4734 ratione
605 4680 728 4750 corporis
747 4681 884 4752 patietur3
910 4682 949 4736 ita
968 4699 1018 4753 per
1042 4692 1096 4736 tem
1109 4681 1395 4750 naturaeanqelicoe,
1408 4689 1530 4750 quaeest
1546 4682 1680 4751 objectum
1696 4684 1806 4738 dolaris
1820 4685 1877 4755 spi·

182 4766 303 4820 divinam
330 4765 483 4835 potentiam
503 4764 562 4820 lieri
582 4772 687 4836 potest,
714 4772 746 4820 ut
769 4767 884 4837 spiritns
902 4769 1016 4839 maligni
1042 4768 1166 4822 ritualia.
1203 4767 1280 4822 Hace
1303 4765 1446 4836 responsio
1470 4768 1583 4839 propius
1608 4768 1716 4823 accedit
1741 4769 1778 4823 ad
1802 4771 1878 4826 dicta

183 4857 211 4906 et
237 4852 346 4907 animae
383 4857 527 4921 separatae
555 4853 591 4907 ab
619 4852 684 4924 igne
707 4852 839 4922 adjuncto
867 4855 1016 4922 patiantur,
1043 4853 1215 4923 Scripturas,
1240 4868 1311 4923 quae
1337 4852 1442 4905 animas
1464 4870 1519 4907 non
1546 4870 1596 4924 per
1618 4854 1805 4910 detentionem
1832 4855 1877 4911 vel

183 4937 414 5008 quemadmodum
441 4943 470 4992 et
493 4936 602 4992 animae
622 4938 728 4992 ratione
751 4939 873 5007 corporis
891 4939 1016 5010 adjuncti
1042 4939 1268 5009 imaginationem
1288 4943 1404 5002 tantum,
1423 4938 1471 4993 sed
1485 4941 1682 5010 perustionem
1697 4941 1797 4995 abhoc
1811 4942 1877 5014 igne

182 5023 335 5092 patiuntur.
377 5022 501 5078 Proinde
527 5022 653 5093 quamvis
680 5023 754 5094 ignis
785 5040 931 5093 corporeus
961 5043 1015 5080 non
1042 5024 1159 5078 cruciari
1177 5031 1311 5093 asserunt,
1333 5024 1499 5079 undeetiam
1513 5026 1685 5095 improbatur
1702 5028 1779 5093 illud,
1801 5028 1875 5099 quod

182 5115 249 5179 agat
268 5109 298 5162 in
316 5109 452 5178 objectum
468 5109 619 5176 spirituale
642 5109 743 5162 virtute
763 5109 892 5180 physica,
922 5116 1013 5165 tamen
1044 5109 1190 5165 abulensis
1214 5127 1247 5165 ac
1265 5109 1387 5166 Thomas
1412 5111 1568 5182 disputant,
1596 5113 1687 5183 iqnem
1705 5115 1876 5176 inferrmlem

182 5194 273 5265 potuit
294 5195 370 5250 Deus
395 5194 454 5266 igni
472 5193 614 5259 infernali,
640 5210 657 5247 a
675 5194 817 5250 diaconico
835 5196 1016 5267 qualitatibus
1042 5215 1162 5266 corpora
1181 5199 1377 5252 damnatorum
1397 5216 1479 5253 urere
1495 5217 1550 5268 per
1567 5200 1673 5269 speeies
1692 5219 1746 5255 non
1764 5202 1876 5255 materi-

182 5280 328 5350 plurimum
347 5280 507 5344 differente,
532 5281 603 5334 hanc
627 5281 823 5351 proprietatem
847 5284 957 5351 indere,
984 5290 1016 5338 ut
1041 5285 1110 5352 ales,
1128 5285 1179 5339 secl
1198 5288 1334 5340 duntaxat
1351 5286 1554 5341 intentionales.
1589 5287 1615 5355 l)
1635 5287 1680 5340 At
1698 5289 1772 5355 ipnis
1791 5290 1876 5359 hujus

183 5369 259 5421 velut
276 5367 386 5421 divinas
400 5367 529 5437 justitiae
547 5367 759 5421 instrumentum
778 5369 805 5422 in
820 5370 968 5425 daemones
987 5377 1017 5425 et
1041 5371 1184 5438 adjuncto.
1225 5371 1303 5442 Ignis
1328 5388 1476 5443 corporeus
1505 5373 1637 5443 physicus
1667 5390 1699 5427 sc
1725 5373 1875 5429 materialis

182 5453 288 5507 animas
308 5452 451 5507 hominum
463 5451 668 5523 hyperphysicc
686 5459 760 5525 agat.
776 5453 852 5508 Talis
870 5461 913 5509 est
925 5458 1014 5527 cnjus·
1042 5474 1097 5510 non
1112 5463 1202 5527 potest
1216 5457 1356 5527 suscipere
1369 5458 1565 5529 proprietatem
1578 5459 1823 5529 supernaturalem,
1835 5461 1874 5514 ri·

102 5544 104 5549 '
183 5553 238 5607 qus
253 5537 294 5594 rei
312 5543 412 5593 natura
431 5542 461 5593 et
478 5538 559 5607 actio,
575 5538 687 5608 qualem
706 5539 782 5596 Dens
805 5545 914 5595 creator
930 5543 1014 5598 omni·
1042 5541 1142 5597 delicet
1155 5543 1354 5599 aeternitatem.
1383 5543 1570 5615 Respondent,
1580 5547 1876 5616 idemdecorporiius
