4050 6014
213 235 273 294 360
736 293 740 307 ι
882 222 1115 283 TRAOTATUS
1131 223 1280 282 SEXTUS
1369 176 1374 192 ι

83 385 202 435 nierem-
251 389 294 438 m.
330 388 353 438 t.
371 383 479 441 Petrei.
503 384 658 456 Dionyeiae
677 383 851 456 Areopagita
868 381 964 439 ecclee.
981 380 1052 436 hier·
1079 379 1229 447 efficimur.
1271 379 1416 452 Remigius
1433 380 1463 436 in
1485 380 1590 436 Palm.
1615 387 1646 437 t:
1672 383 1748 436 Tota
1771 382 1843 438 baec
1858 383 1913 438 nita

83 438 201 528 llllollm
215 468 292 524 arch.
312 485 371 542 cup.
393 478 422 526 t:
446 471 568 527 Sanctae
580 472 701 539 animae,
717 488 779 525 cum
796 470 826 524 in
839 469 892 524 tac
908 467 967 522 uita
981 483 1051 536 poe·
1078 465 1162 535 quari
1178 482 1234 519 noc
1249 476 1299 535 ert,
1315 468 1384 536 quoia
1403 468 1498 520 multia
1517 475 1543 520 et
1562 468 1673 537 maqnir
1690 468 1873 536 iquorantiae
1889 477 1914 525 et

71 541 202 582 ‘³¹¹⁰‘¹'¹¹‘·
215 555 273 610 eint
290 557 331 609 ad
348 558 493 612 detemma
510 559 646 627 concuti,
673 558 702 611 in
720 556 931 626 regeneratione
951 553 985 607 id
1001 552 1050 606 lra-
1077 551 1210 606 odiorum
1227 552 1346 607 tenebrie
1364 552 1531 618 inuoluitur,
1548 560 1695 609 traruacta
1709 554 1764 608 leae
1775 557 1914 624 corrupti·

217 641 326 695 liturae
348 649 426 708 eunt,
449 650 480 697 ut
506 659 540 698 ea
558 644 618 698 Dei
640 642 827 698 rimilitudine
850 642 891 695 ad
908 640 1051 694 inconuer·
1078 637 1132 692 bili
1146 637 1222 706 uita,
1246 655 1309 693 cum
1332 640 1452 694 mortale
1473 640 1526 694 loc
1550 640 1647 696 induet
1666 640 1913 712 immortalitatem

216 726 295 782 tibele
306 735 468 794 traneeant;
487 736 518 783 a't
535 747 600 785 uero
613 736 694 785 carta
709 736 872 783 conclamem
892 725 1052 780 animarum
1077 723 1166 778 ueniet
1184 741 1275 792 mane,
1293 725 1326 778 ia
1344 733 1384 780 ιιι
1395 725 1506 780 initium
1517 726 1578 781 oliee’
1592 743 1737 797 nunquam
1754 730 1913 795 manau

217 829 355 883 corpora.
381 831 443 869 cum
474 815 574 884 quibua
600 833 658 871 una
684 822 710 870 et
739 815 813 870 uitae
841 811 971 868 mortalia
997 811 1052 864 iter
1081 810 1159 864 Tunc
1178 810 1249 865 enim
1266 811 1414 879 fulqebunt
1425 812 1504 881 jueti
1516 813 1600 881 quam
1615 813 1660 868 eol
1678 814 1809 883 inreqno
1819 817 1914 872 Patria

218 907 342 969 eqerunt,
362 906 389 956 et
406 901 490 956 timul
511 902 656 972 deemipta
672 907 736 955 eunt
748 899 887 968 unumque
898 904 1052 966 certarunt,
1079 912 1173 950 eorum
1186 895 1317 951 claritate
1328 898 1463 952 uirtutum
1473 898 1631 968 eplendicli,
1650 901 1760 956 nullam
1776 905 1914 960 maculare

211 1002 269 1055 pro
295 987 388 1041 eaerie
410 987 562 1042 ruderibuo
581 986 640 1041 euie
660 987 690 1040 in
706 987 866 1042 animarum
885 983 1054 1038 immutabili
1078 983 1270 1053 corruptionie
1294 982 1434 1039 labentee.
1475 983 1509 1039 Ia
1528 983 1612 1056 libro,
1635 986 1682 1041 cai
1709 988 1808 1044 titulae
1825 990 1914 1049 Alter·

215 1072 367 1126 necandam
392 1072 518 1126 diuinam
541 1073 627 1126 ubam
653 1072 787 1138 firmitate
813 1087 847 1125 ac
873 1071 940 1124 rede
958 1085 1050 1123 reuer-
1078 1069 1151 1124 catio
1160 1068 1293 1124 mcleeiae
1309 1075 1338 1124 et
1346 1085 1506 1140 synagogae
1523 1070 1609 1137 (eirca
1619 1087 1724 1128 annum
1733 1079 1793 1131 eoo.
1802 1077 1914 1149 rcripu)

213 1154 1051 1229 rectionemquoqueeunarecipient'propriam.Incertaenim
1077 1170 1138 1226 cap.
1152 1160 1180 1212 l:
1205 1153 1274 1209 θιιιι
1301 1155 1421 1210 mortale
1445 1164 1571 1211 noctram
1594 1157 1721 1214 induerit
1746 1161 1913 1218 immortali·

218 1243 364 1298 animabue
376 1246 489 1312 sanctie,
509 1245 609 1314 quibua
620 1245 650 1300 in
668 1246 722 1298 bac
742 1243 800 1299 nita
809 1244 913 1313 juncta
919 1245 1051 1311 fuerant,
1078 1248 1162 1295 tatem
1173 1248 1199 1295 et
1208 1240 1525 1310 corruptibilenoetrum
1531 1242 1658 1298 indueret
1665 1246 1913 1318 incorruptionem,

216 1334 246 1382 ut
266 1327 374 1383 Cirieti
391 1331 490 1400 effecta
515 1331 637 1386 menbra
656 1330 783 1384 diuinam
802 1337 885 1398 atque
908 1329 1051 1381 immorta-
1078 1343 1139 1380 cum
1158 1343 1234 1381 more
1255 1326 1384 1380 abumta
1399 1328 1496 1395 suerit
1515 1327 1546 1381 ie
1562 1330 1684 1384 uictoria
1701 1338 1727 1386 et
1741 1333 1913 1403 principium

214 1413 270 1469 lem
289 1414 453 1486 beatamque
472 1417 609 1486 recipient
626 1417 756 1486 requiem.
792 1413 950 1485 cyprianae
970 1427 1050 1466 eerm.
1078 1430 1158 1467 cuum
1177 1413 1324 1482 repetierit
1343 1414 1493 1481 perfectae
1512 1414 1654 1470 libertatis
1679 1435 1754 1472 noea
1773 1429 1913 1489 creatura,

215 1499 250 1556 de
269 1499 396 1557 adecene.
412 1501 526 1559 Domin.
543 1519 604 1574 cap.
622 1507 646 1559 9.
666 1518 732 1573 pag.
748 1505 813 1557 eto:
830 1501 897 1554 Non
915 1499 969 1554 crit
987 1514 1050 1552 con·
1079 1499 1517 1568 cumemerit,quodpcrfectum
1525 1508 1575 1565 eet,
1594 1509 1621 1556 et
1639 1511 1802 1558 eoacumm
1818 1506 1913 1574 ίιιιίι,

214 1586 388 1656 cupiecentia
405 1588 435 1641 in
452 1588 596 1654 membrie,
616 1605 672 1643 ιοι
689 1588 768 1642 ultra
788 1586 843 1641 illa
863 1591 992 1652 eacurqet
1006 1599 1049 1636 re·
1078 1587 1156 1655 quod
1174 1601 1207 1640 eu
1221 1591 1308 1653 parte
1325 1593 1365 1640 eet
1385 1591 1436 1642 etc.
1462 1601 1525 1640 cum
1549 1596 1674 1643 ιιιιιιιι
1690 1591 1791 1643 menae
1810 1598 1839 1644 et
1856 1608 1913 1646 cor·

214 1672 298 1728 bellio
317 1674 425 1742 carnia,
449 1674 502 1728 aed
522 1681 597 1728 totae
619 1674 741 1728 laminir
763 1679 852 1727 etatae
871 1671 996 1740 pudicae
1016 1686 1050 1722 ac
1075 1672 1157 1743 porie
1167 1671 1353 1726 mutabilitate
1367 1671 1485 1726 liberum
1496 1672 1913 1743 arbitriumsueritliberatum,

209 1758 357 1828 pacificae,
372 1776 444 1814 eona
462 1776 495 1813 ιι
513 1759 623 1829 inteqro
636 1767 749 1825 ιοιιιο,
767 1759 827 1812 eine
846 1758 922 1811 omni
936 1755 1050 1809 macula
1076 1766 1108 1812 ut
1126 1758 1204 1827 quod
1221 1756 1355 1823 colamur,
1367 1758 1519 1826 poeeimue,
1535 1764 1564 1813 et
1576 1761 1653 1828 quod
1662 1777 1820 1830 pontumue,
1840 1770 1914 1817 recte

213 1851 238 1898 et
256 1861 330 1914 ruqa
349 1844 480 1914 deincepe
497 1845 683 1914 permanebit.
718 1843 894 1915 Augeatinae
912 1841 941 1896 in
958 1839 1050 1896 enchi·
1077 1844 1210 1911 nelimue5
1233 1843 1283 1896 ubi
1300 1843 1371 1897 aicta
1388 1843 1559 1899 uoluntatem
1575 1846 1767 1916 poembilitae,
1789 1849 1832 1901 eie
1846 1866 1914 1918 poe·

212 1930 263 1985 rid.
283 1947 344 2001 cap.
365 1937 411 1987 91:
440 1933 535 1985 Tanta
558 1931 613 1985 erit
637 1939 702 1986 tuuc
725 1931 881 1986 concordia
904 1929 1001 1983 carnia
1025 1934 1051 1981 et
1076 1929 1239 1983 ιίὸίἱίιοιιιι
1260 1930 1411 1998 praecedit
1437 1930 1574 1984 ordinata
1595 1931 1733 2000 columae,
1762 1941 1790 1987 et
1816 1935 1914 2004 quibua

213 2017 344 2086 miritae,
369 2019 528 2080 vivificante
553 2016 657 2091 epiritu
682 2032 796 2071 carnem
822 2014 965 2068 mbditam
990 2013 1050 2067 eine
1077 2030 1151 2069 nunc
1171 2014 1276 2068 accidit
1290 2030 1323 2067 ee
1336 2015 1433 2068 nolim
1447 2018 1610 2084 cormptela
1626 2016 1698 2071 uelle
1716 2025 1743 2072 et
1755 2035 1843 2090 poree
1849 2035 1915 2090 pec-

214 2103 402 2158 euetentaculi
424 2102 547 2172 alicujao
566 2103 739 2171 indiqentia,
764 2109 795 2155 ut
814 2100 887 2154 nibil
906 2099 986 2152 nobee
1005 2114 1051 2153 re·
1078 2115 1160 2162 aare;
1190 2108 1254 2154 tunc
1279 2100 1458 2156 babuerimue
1486 2109 1512 2154 et
1543 2119 1679 2171 nunquam
1709 2104 1753 2160 uel
1775 2106 1849 2158 celle
1871 2105 1914 2160 uel

211 2196 316 2258 puqnet
333 2205 367 2243 ιι
385 2189 472 2256 nobb,
489 2190 541 2243 red
558 2189 630 2244 aaut
648 2189 725 2252 forie
741 2187 884 2255 neminen,
903 2185 945 2239 ita
963 2199 1051 2253 neque
1074 2201 1157 2255 poree
1180 2202 1310 2258 peccare.
1344 2185 1474 2258 Baptieta
1493 2186 1662 2243 Mantuanae
1686 2188 1750 2244 libr.
1768 2195 1792 2246 3.
1811 2190 1848 2246 de
1866 2208 1915 2261 pa-

212 2274 288 2328 intue
307 2282 414 2329 noemet
431 2274 509 2345 ιἰιοι
525 2275 672 2344 patiamur
689 2273 825 2328 inimicae.
845 2270 921 2325 Idem
940 2268 988 2324 lib.
1008 2273 1049 2325 22.
1077 2273 1156 2331 fient.
1177 2288 1237 2344 cap.
1258 2277 1305 2329 te:
1339 2273 1503 2329 Paradieue
1525 2281 1620 2329 noeter
1640 2293 1695 2330 ιιο
1711 2278 1914 2332 redundantia·

217 2358 252 2412 de
264 2360 315 2413 civ.
330 2358 383 2413 Dei
398 2376 422 2415 c.
432 2363 481 2416 30:
516 2361 578 2414 Nec
590 2361 653 2414 ideo
663 2358 780 2414 liberum
794 2357 943 2412 arbitrium
953 2353 1051 2424 (beati)
1076 2359 1149 2412 mma
1166 2359 1310 2428 voluptate
1327 2359 1368 2412 eic
1391 2375 1499 2414 omnem
1517 2360 1669 2415 uoluntatie
1686 2365 1843 2431 appetitum
1857 2363 1914 2418 ine·

213 2443 1049 2515 nonbabebnat,quiapeccataeoedelectarenonpoterunt;
1077 2446 1160 2512 brim,
1183 2453 1213 2498 at
1233 2445 1352 2500 liberum
1371 2445 1520 2500 arbitrium
1537 2446 1567 2500 in
1586 2462 1621 2500 ea
1637 2448 1760 2518 paritum
1776 2450 1917 2519 peccandi

212 2530 304 2598 maqie
321 2529 425 2602 quippe
437 2531 491 2585 erit
503 2530 620 2586 liberum
636 2547 654 2584 ο
666 2529 850 2584 delectatione
854 2526 998 2597 peccandi
1004 2542 1048 2578 ue-
1074 2531 1216 2596 facultate
1236 2531 1373 2600 privetur,
1398 2533 1477 2601 quod
1500 2538 1593 2587 tamen
1612 2550 1670 2586 ιοι
1689 2541 1739 2601 eet,
1757 2533 1914 2590 libertatem

212 2630 265 2683 que
286 2617 328 2668 aa
347 2616 559 2672 delectationem
585 2633 642 2670 non
662 2614 805 2686 peccandi
821 2612 1050 2667 indeclinabilem
1076 2617 1179 2681 minui,
1208 2618 1259 2671 ced
1284 2617 1392 2686 auqeri.
1435 2619 1531 2686 Lnnqe
1557 2619 1630 2672 enirn
1655 2621 1850 2690 praestantior
1874 2626 1915 2675 eet

212 2699 367 2756 libertatem
382 2701 427 2772 (al
445 2699 638 2758 indeclinabile
652 2701 820 2765 liberatam).
840 2701 916 2754 Nam
922 2699 1050 2768 primum
1077 2703 1194 2757 libertae
1206 2719 1241 2757 ea
1258 2711 1367 2758 tantum
1384 2704 1456 2759 eelle
1464 2720 1559 2778 poree,
1580 2721 1652 2773 quae
1664 2705 1850 2775 dirplicitura
1861 2707 1917 2761 rint

212 2786 331 2865 liberum
349 2788 512 2857 arbitrium,
530 2790 609 2857 quod
626 2787 735 2843 bmnini
752 2789 918 2850 detumeat,
938 2786 1051 2854 qreaado
1076 2806 1231 2859 nunquam,
1265 2807 1350 2858 quam
1387 2806 1422 2845 ea
1449 2790 1534 2845 etiam
1561 2791 1633 2847 uelle
1646 2808 1738 2861 poree,
1766 2809 1839 2861 quae
1864 2793 1917 2848 ali·

207 2875 334 2943 primum
348 2881 459 2928 creatur
469 2882 618 2945 eetrectue,
629 2874 724 2944 potuit
733 2889 789 2926 non
796 2888 924 2942 peccare,
937 2873 990 2925 red
1000 2888 1049 2941 po·
1077 2877 1193 2946 mando
1212 2877 1288 2931 nolle
1305 2876 1343 2930 eit
1363 2892 1480 2931 ιιιιιιι.

212 2961 266 3014 tuit
284 2968 309 3015 et
322 2976 463 3030 peccare,·
482 2960 534 3014 tec
553 2968 646 3015 autem
659 2960 839 3014 ιοιὶιιίιιιιι
857 2975 890 3013 eo
906 2955 1050 3030 potentiue
1111 2966 1154 3018 78,
1190 2966 1213 3018 3,
1241 2962 1283 3017 Ex
1302 2961 1408 3017 vicione
1427 2961 1496 3031 Dei,
1523 2962 1572 3034 qui
1588 2968 1631 3018 eet
1646 2980 1784 3018 summum
1803 2959 1971 3053 b⁰¹¹¹¹¹¹¹r⁸,·,„⁸

213 3047 275 3116 erit,
291 3063 346 3116 quo
357 3062 477 3116 peccare
490 3063 546 3102 non
556 3046 672 3117 poterit.
700 3045 802 3100 Verum
814 3045 983 3115 ltocquoque
991 3043 1052 3097 Dei
1076 3064 1110 3103 ex
1128 3048 1191 3104 luce
1210 3048 1363 3119 sapientiae
1381 3048 1410 3104 in
1424 3055 1516 3105 mente
1534 3054 1612 3104 etex
1629 3049 1755 3120 perfecta
1766 3052 1914 3108 meante
1926 3063 1971 3105 ree

214 3149 336 3202 munuc,
348 3151 404 3188 ιοι
412 3132 676 3203 euaeparribrlitate
687 3139 813 3186 nautae.
827 3130 921 3185 Aliud
928 3130 1001 3185 enim
1010 3137 1051 3184 eet
1077 3141 1104 3190 et
1122 3132 1253 3190 libertate
1265 3134 1294 3191 in
1308 3135 1451 3191 voluntate
1463 3135 1569 3190 orietur
1582 3136 1612 3189 in
1625 3136 1755 3192 cordibae
1767 3136 1913 3193 beatorum
1925 3116 1971 3208 {222

214 3221 386 3289 eeeeDeum,
403 3219 488 3274 aliud
499 3218 672 3288 participem
681 3218 748 3272 Dei.
772 3219 853 3271 Deua
867 3223 972 3270 aalma
982 3232 1049 3285 pec·
1076 3223 1224 3291 affectuum
1260 3229 1286 3275 et
1313 3222 1489 3290 appetituum
1512 3222 1602 3291 plena
1630 3224 1819 3291 conformiter
1849 3242 1913 3279 cum

215 3322 282 3361 care
291 3312 454 3376 nonpoteet,
463 3305 611 3377 particepr
626 3321 692 3360 cero
701 3305 761 3359 Dei
775 3303 877 3359 abillo
892 3303 1006 3372 accipie,
1020 3310 1051 3357 ut
1075 3313 1153 3361 recta
1180 3305 1291 3361 ratione
1317 3306 1414 3359 diuino
1443 3306 1548 3361 lumine
1574 3307 1757 3378 colluetrata,
1792 3309 1913 3382 itemque

206 3408 328 3463 peccare
355 3408 412 3445 uon
427 3391 522 3460 poerit
545 3396 597 3445 ete.
641 3389 720 3445 Sicut
734 3390 832 3459 prima
850 3389 1050 3444 immortalitas
1072 3394 1204 3464 perfecta
1221 3393 1283 3446 Dei
1303 3399 1329 3445 et
1348 3392 1479 3461 prammi
1494 3393 1616 3450 dilectio,
1652 3392 1722 3449 Cum
1740 3395 1815 3450 enim
1835 3394 1913 3452 Deae

210 3479 278 3546 fui,
292 3495 376 3548 quam
386 3478 532 3548 peccando
544 3477 641 3531 Adam
653 3476 885 3549 perdidit,poeee
899 3493 955 3530 non
968 3475 1049 3544 mori,
1075 3479 1113 3533 eit
1128 3495 1265 3533 nummum
1284 3476 1397 3547 bonum,
1418 3477 1481 3533 ideo
1503 3477 1562 3536 fieri
1580 3480 1686 3550 nequit,
1707 3480 1776 3551 quin
1794 3498 1829 3537 ex
1847 3481 1913 3537 bea·

214 3565 365 3620 nooieeima
384 3565 437 3619 erit
454 3582 511 3618 non
524 3580 611 3633 poree
630 3563 718 3632 mori,·
736 3563 779 3617 ita
792 3562 918 3634 primum
929 3562 1049 3617 liberum
1075 3563 1153 3620 tifico
1168 3563 1223 3619 Dei
1240 3563 1346 3620 vicione
1365 3570 1393 3618 et
1412 3563 1542 3620 intuitive
1560 3565 1622 3636 ejae
1639 3565 1799 3637 cognitione
1815 3567 1913 3622 arden·

213 3650 364 3705 arbitrium
379 3666 463 3720 poree
482 3666 537 3703 ιοι
547 3666 677 3722 peccare,
695 3649 874 3704 noeueimum
892 3666 948 3705 non
961 3665 1049 3718 poree
1075 3651 1197 3707 uenimue
1221 3651 1282 3721 ejua
1301 3666 1379 3706 amor
1398 3651 1545 3718 excitetur,
1563 3650 1700 3722 siquidem
1722 3651 1792 3708 haec
1812 3660 1914 3708 natare

208 3753 335 3808 peecare.
372 3736 421 3791 Sic
441 3736 514 3791 enim
534 3736 587 3789 erit
604 3735 798 3790 inamieeibilie
814 3735 943 3789 rolantae
955 3734 1048 3804 pieta-
1076 3737 1141 3792 boni
1159 3741 1216 3804 eat,
1243 3742 1275 3790 at
1299 3736 1442 3808 cognitam
1463 3743 1612 3808 appetatur
1630 3745 1658 3793 et
1676 3745 1799 3804 ametur,
1827 3755 1913 3810 quare

213 3825 249 3879 tic
268 3833 295 3878 et
312 3823 473 3892 aequitate,
493 3824 631 3892 quonwdo
650 3829 691 3877 eet
708 3822 866 3886 felicitatie.
902 3823 979 3877 Nam
995 3822 1048 3875 uti·
1077 3840 1132 3895 quo
1151 3821 1300 3894 perfectior
1317 3822 1372 3878 erit
1393 3824 1492 3878 nummi
1512 3822 1579 3879 boni
1601 3824 1743 3895 cognitio,
1772 3841 1805 3880 eo
1830 3826 1913 3882 etiam

213 3926 265 3980 que
275 3910 424 3979 peccando
443 3923 494 3962 nec
507 3908 643 3979 pietatem
657 3924 707 3962 ιιι
718 3908 893 3976 felicitatem
903 3908 1049 3972 tenuimuu
1076 3907 1225 3980 perfectior
1235 3908 1289 3963 erit
1301 3908 1426 3978 ejaedem
1438 3907 1560 3976 dilectio,
1578 3909 1652 3964 unde
1672 3909 1817 3966 caritatem
1829 3911 1912 3967 etiam

212 3996 381 4051 volantatem
392 4010 458 4048 uero
475 3994 624 4060 selieiatir
640 4011 691 4049 ιιι
703 3994 823 4064 perdia
833 3993 974 4058 felicitate
986 4010 1049 4064 per·
1075 3995 1105 4050 in
1118 3994 1176 4049 vita
1188 3999 1302 4051 aeterua
1315 4009 1471 4049 manentem
1486 3993 1628 4065 apostolae
1641 3996 1738 4051 meeeit
1759 4001 1782 4052 1.
1790 3995 1912 4055 uonna.

215 4082 349 4138 elidimur.
390 4079 471 4134 Certe
491 4081 572 4134 Deru
589 4080 650 4150 ιἰιι
667 4081 818 4150 numquid,
844 4080 913 4150 quia
929 4095 1050 4151 peccare
1078 4085 1118 4148 1³,
1139 4098 1163 4136 v.
1186 4085 1227 4136 13.
1252 4096 1315 4135 eum
1339 4078 1448 4150 relique
1472 4078 1591 4149 Spiritui
1620 4080 1710 4137 macti
1736 4082 1912 4149 charismate,

213 4187 269 4224 non
283 4175 383 4238 pateat,
401 4166 467 4222 ideo
484 4166 603 4223 liberem
622 4167 772 4221 arbitrium
785 4166 886 4221 babere
905 4167 1050 4236 neqandue
1077 4167 1150 4222 dona
1176 4165 1282 4221 scilicet
1300 4164 1510 4234 miraculorum,
1533 4166 1712 4237 prophetiae,
1739 4169 1912 4225 mnatiouam

213 4260 269 4311 cett
293 4253 413 4324 Proepcc
424 4252 485 4310 libr.
500 4260 521 4309 t.
534 4252 570 4307 de
584 4252 631 4309 vit
645 4252 792 4323 contempl.
811 4268 873 4322 cup.
893 4257 922 4308 i:
941 4252 1049 4306 Huma·
1076 4252 1160 4307 etiem
1183 4250 1212 4306 in
1232 4250 1285 4306 hac
1301 4250 1373 4320 rita,
1398 4250 1468 4306 fidee
1495 4259 1524 4306 et
1547 4269 1611 4322 epea
1635 4269 1699 4308 cum
1718 4255 1771 4310 bac
1787 4255 1847 4311 vita
1866 4255 1911 4309 de·

214 4359 312 4396 norum
324 4348 472 4411 pectorum
483 4347 563 4395 tanta
573 4340 614 4393 ibi
633 4340 686 4393 erit
702 4357 736 4393 ac
752 4347 811 4394 tam
825 4339 958 4408 perfecta
971 4356 1049 4392 mun·
1076 4338 1176 4393 einant.
1212 4337 1308 4404 Adde,
1332 4338 1408 4409 quod
1435 4354 1468 4392 ex
1487 4339 1707 4395 cumulatissime
1723 4339 1847 4394 omnium
1864 4339 1910 4397 bo·

215 4428 301 4494 ditia,
336 4435 367 4482 ut
395 4427 530 4494 labeant,
564 4427 639 4478 uncie
667 4426 834 4480 mundatori
858 4442 910 4479 ιιο
939 4425 1050 4493 pretim
1076 4440 1175 4481 uotum
1192 4421 1367 4479 abundantia
1387 4422 1520 4477 divinitae
1542 4423 1571 4478 ia
1594 4423 1745 4479 recollata
1763 4440 1796 4479 ex
1815 4425 1911 4481 intima

213 4520 307 4584 aqant,
324 4531 381 4567 non
394 4515 470 4568 uncle
488 4511 591 4582 affenei
605 4511 748 4579 aliquibue
760 4517 941 4580 peccatorum
956 4511 1049 4565 eordi-
1075 4509 1176 4564 amaria
1195 4526 1279 4565 eeaeu
1294 4507 1370 4564 beati
1383 4508 1527 4562 evidenter
1538 4508 1676 4579 cognituri
1692 4509 1755 4576 ciat,
1775 4527 1806 4565 ee
1822 4510 1911 4566 eDeo

213 4602 262 4655 bue
273 4600 444 4667 erubercant‚
462 4599 532 4668 quia
547 4613 598 4652 ιιι
609 4597 672 4653 ulla
682 4604 803 4673 peccata
820 4596 868 4663 ibi,
888 4613 937 4651 nec
949 4614 1048 4667 pecca·
1075 4596 1105 4650 in
1117 4612 1224 4651 eamme
1238 4595 1327 4668 gradu
1338 4594 1428 4666 diligi,
1448 4593 1511 4650 ideo
1528 4595 1619 4665 ipeum
1633 4610 1744 4667 qaoque
1757 4595 1787 4650 iu
1806 4612 1910 4652 eamme

214 4696 288 4743 toree
312 4693 407 4752 erum,
434 4692 460 4739 et
480 4684 530 4754 qui
553 4683 594 4737 ibi
611 4684 736 4752 fuerint,
756 4685 824 4753 jam
846 4699 968 4753 peccare
992 4701 1049 4738 ιοι
1075 4698 1109 4737 ae
1119 4681 1321 4752 perlectieeimo
1339 4680 1429 4752 meda
1445 4680 1589 4750 emebant,
1606 4698 1640 4736 ex
1658 4699 1713 4752 quo
1732 4697 1826 4737 amore
1845 4697 1910 4752 erga

212 4779 354 4844 poterunt.
395 4769 554 4841 Heeycbim
577 4769 639 4826 libr.
659 4775 683 4826 3.
708 4770 737 4825 in
751 4769 841 4826 Levit.
861 4786 921 4841 cap.
942 4775 981 4827 12.
1000 4787 1048 4842 ap·
1074 4767 1167 4822 Deum
1186 4768 1271 4824 etiam
1285 4783 1363 4822 amor
1383 4783 1450 4838 erga
1468 4768 1622 4838 proximum
1640 4767 1751 4837 orietur,
1778 4785 1863 4839 quem
1880 4767 1909 4822 ia

214 4860 301 4931 plicat
310 4859 365 4913 hac
374 4863 474 4929 typum
483 4855 706 4914 circumcisionis.
724 4858 806 4922 Diei,
817 4855 915 4928 inquit,
926 4864 1048 4926 octaera,
1075 4856 1136 4912 Deo
1153 4860 1182 4910 et
1199 4852 1251 4908 aab
1269 4853 1330 4908 Deo
1349 4852 1476 4922 diligent.
1512 4852 1639 4925 Cumque
1657 4854 1813 4908 intellectae
1825 4853 1911 4926 pleni·

214 4945 346 5017 quoniam
363 4943 498 5013 reptimae
519 4942 590 5009 aiei,
621 4957 692 5010 quae
715 4942 809 5011 imaqo
832 4949 872 4995 eet
886 4941 1048 5010 praecentio
1074 4940 1171 4995 tudine
1194 4938 1304 4993 divinae
1328 4937 1397 4993 lucie
1423 4937 1532 4994 laturae
1558 4939 1594 4993 eit
1619 4937 1798 4994 collustrataa
1817 4956 1851 4994 aa
1867 4957 1911 4994 no-

217 5032 300 5101 uuae,
318 5028 456 5095 raecedit,
479 5030 599 5097 liquram
619 5028 692 5098 perit
709 5027 806 5092 futuri
823 5028 924 5094 occuli,
943 5027 973 5080 in
992 5045 1047 5097 quo
1074 5027 1169 5081 luntae
1188 5022 1398 5079 immutabiliter
1411 5024 1440 5078 in
1462 5022 1535 5078 bono
1554 5023 1723 5088 confirmata,
1745 5025 1812 5081 inde
1829 5023 1912 5081 etiam

98 5127 144 5170 xx.
155 5125 200 5168 ιιι.
215 5133 327 5171 carnem
337 5115 486 5189 praeputii
495 5114 730 5182 circumcidimur,
745 5132 833 5185 opera
845 5115 941 5169 carnia
953 5116 1048 5168 omnia
1075 5114 1195 5182 affectae
1206 5110 1303 5165 ceretu
1312 5116 1393 5164 erunt
1410 5110 1559 5180 purissimi,
1580 5109 1768 5177 emceumimi,
1787 5109 1825 5166 nb
1840 5109 1913 5166 omni

214 5206 397 5274 depeream,
423 5208 488 5256 tunc
513 5201 617 5271 quippe
636 5217 691 5254 non
710 5201 800 5255 calum
818 5218 874 5255 non
889 5201 1048 5272 peccmuri,
1074 5195 1172 5269 ἀταξίᾳ
1191 5212 1304 5267 promae
1316 5194 1397 5250 liberi
1409 5203 1494 5267 utque
1506 5196 1621 5267 imperio
1633 5195 1785 5251 voluntatis
1796 5195 1910 5253 exactio

213 5291 265 5344 eccl
281 5306 331 5343 nec
348 5288 500 5343 comeaturi
515 5293 569 5344 eto.
595 5288 699 5342 erimue
724 5295 816 5341 autem
829 5288 934 5358 procul
952 5287 1047 5350 dubio,
1075 5285 1143 5340 aime
1157 5289 1347 5353 congruentes.
1375 5280 1615 5346 Quemadmodum
1628 5281 1701 5337 enim
1715 5282 1743 5337 in
1761 5283 1851 5353 primo
1865 5281 1911 5338 ho·

213 5376 286 5428 eirca
298 5375 339 5428 ait
356 5374 507 5440 Dominam,
524 5391 556 5428 ιι
571 5373 802 5443 corruptibiliter
814 5373 1049 5443 incorruptibilia,
1075 5370 1148 5424 mine
1160 5369 1197 5424 ad
1215 5367 1363 5439 imaginem
1375 5367 1429 5423 Dei
1443 5368 1555 5422 condito
1569 5373 1635 5423 ante
1647 5367 1755 5439 lapeum
1767 5370 1838 5436 ratio
1850 5365 1910 5423 eub-

213 5463 285 5517 eicut
303 5461 412 5531 anqeli,
434 5469 459 5515 ct
477 5459 577 5514 mundi
591 5461 683 5515 neoda
701 5459 828 5516 omnibue
847 5475 880 5514 ea
898 5458 1049 5513 immundie
1076 5457 1205 5511 ditaerat
1222 5453 1299 5521 Deo,
1318 5454 1447 5509 voluatae
1463 5453 1577 5524 rationi,
1602 5453 1720 5509 affectae
1739 5471 1773 5510 ae
1789 5455 1912 5526 reliquae
