4050 6014
94 350 101 360 “
184 341 243 398 236
830 333 1058 390 TRACTATUS
1078 334 1249 401 QUINTUS

181 491 293 552 carnin,
323 491 397 557 iqnie
414 489 525 542 ardebit
544 505 668 557 carerem,
692 491 793 543 normis
814 489 925 543 ardebit
945 506 1015 543 men·
1029 490 1133 581 ‘riallo-
1155 491 1228 557 iqnie
1254 490 1297 542 uel
1322 489 1461 558 incendii;
1491 498 1608 559 propter
1637 492 1883 545 deordinationem

182 583 239 628 tern
246 595 256 642 ,·
278 575 362 627 tertia
377 593 471 643 poena
483 583 524 627 eet
542 577 637 638 foetor
644 595 653 636 ,·
670 584 774 642 quarta
783 575 898 644 friqus;
917 575 1017 643 quinta
1043 576 1196 630 uoluntatis
1214 583 1314 630 contra
1332 578 1491 630 instinctum
1509 578 1631 630 rationis
1643 577 1697 630 erit
1709 593 1806 645 poento
1818 578 1883 630 uni·

181 663 275 725 fantes
295 663 430 724 manium,
457 662 497 713 ibi
514 678 633 729 namque
652 669 693 714 eet
711 669 791 715 tanta
806 661 922 733 inopial,
941 663 1018 730 quod
1042 662 1131 729 uersi,
1155 679 1225 732 quae
1244 662 1368 717 consistit
1386 664 1415 715 in
1434 663 1592 731 afflictione
1607 663 1705 730 cama,
1734 664 1838 717 aruba
1856 673 1882 716 ct

181 763 269 817 neque
284 756 391 813 puttam
408 763 499 816 aquae
521 755 653 815 poterunt
678 747 796 816 babere,·
824 755 903 801 senta
924 763 1016 817 poena
1043 755 1167 802 aeterna.
1203 749 1252 801 Ibi
1267 749 1339 802 enim
1359 750 1413 801 erit
1430 749 1510 802 calor
1530 749 1618 816 ienis,
1645 750 1724 816 ripor
1749 751 1884 818 friqoris,

181 841 223 887 est
234 841 324 888 tortor
335 834 378 887 nel
389 834 485 901 potius
499 841 635 901 tortores;
655 834 774 901 septima
785 833 904 901 leo-r·ror,·
919 841 1016 887 octaua
1042 834 1179 901 tenebrae,
1196 836 1301 899 fumus,
1320 833 1462 902 lacrymae
1475 835 1632 898 interiores,
1652 837 1800 903 adspectm
1815 837 1883 890 dae·

182 919 323 985 tenebrae,
344 920 374 970 in
392 919 491 989 quibus
509 919 625 987 reprobi
637 919 889 971 incarcerobuntur
900 928 926 972 et
943 920 1016 987 liqa·
1044 937 1163 987 monum,
1183 920 1291 974 clonror
1310 920 1527 989 inperpetuum,
1542 921 1641 975 mallei
1654 921 1882 991 percutientium,

182 1007 300 1071 buntur;
319 1023 394 1057 nona
411 1022 504 1074 poena
523 1012 548 1056 et
567 1005 652 1073 qrrasi
665 1004 838 1074 principalis
858 1006 912 1058 erit
923 1005 1015 1072 dolor,
1043 1013 1184 1076 serpentes
1203 1023 1236 1060 oc
1258 1009 1405 1074 draccum,
1426 1007 1551 1060 ariditas
1569 1008 1646 1072 sitis,
1672 1008 1769 1071 foetor
1785 1008 1882 1071 sulfu-

181 1092 249 1160 quia
269 1092 299 1143 in
317 1091 379 1145 illis
393 1091 494 1159 poenis
513 1108 568 1144 non
585 1092 675 1145 solum
703 1092 756 1144 erit
785 1091 937 1154 acerbitae,
966 1093 1017 1144 sed
1042 1092 1092 1157 rie,
1109 1093 1209 1145 vermis
1230 1092 1421 1160 conscientiae,
1439 1093 1563 1157 uincula,
1582 1108 1691 1159 carcer,
1715 1094 1806 1160 timor,
1832 1096 1882 1147 do-

182 1178 376 1230 contrnrietas.
414 1175 486 1230 sens
511 1183 611 1229 autern
624 1176 733 1228 dolores
752 1192 854 1229 caueae
872 1183 1015 1244 quatuor:
1029 1206 1031 1210 >
1044 1177 1103 1244 lor,
1126 1179 1266 1245 puderet
1285 1178 1415 1242 confusio
1431 1186 1612 1246 peccutorum
1632 1179 1758 1232 omnibus
1781 1188 1881 1248 paten-

178 1264 276 1331 prima
296 1270 350 1330 est,
375 1262 443 1329 quia
461 1261 616 1314 amiserunt
644 1262 717 1314 bona
739 1262 908 1331 temporalia
932 1261 1016 1329 buius
1043 1262 1125 1330 tiurn,
1144 1263 1263 1328 inuidia,
1281 1280 1394 1330 rancor,
1415 1264 1543 1330 tristitia,
1561 1265 1689 1318 carentia
1707 1264 1823 1319 diuinae
1837 1267 1879 1318 ai·

181 1349 271 1410 aitae,·
290 1348 416 1401 eeeunda
435 1364 522 1400 causa
541 1355 589 1413 est,
611 1347 679 1415 quia
694 1356 801 1415 tempus
816 1347 1015 1415 perdiderunt,
1042 1348 1138 1412 sionis,
1156 1349 1265 1404 ablatio
1284 1352 1347 1419 spei
1363 1351 1453 1404 ornnis
1465 1352 1576 1406 solutis
1600 1351 1700 1420 Ipsum
1713 1353 1798 1405 stiam
1812 1370 1882 1419 sese,

182 1433 311 1488 damnati
336 1450 455 1501 namque
482 1434 584 1486 darent
612 1431 729 1485 libenter
761 1439 849 1485 totum
883 1435 1016 1486 mundum
1042 1436 1119 1502 quod
1137 1436 1227 1488 ornnie
1244 1443 1376 1488 creatura
1402 1438 1523 1506 appetit,
1549 1454 1643 1505 poena
1669 1438 1705 1490 iis
1729 1446 1783 1501 eet,
1813 1440 1883 1506 quia

177 1537 235 1588 pro
252 1537 308 1571 uno
328 1527 464 1572 momento
484 1520 634 1587 temporie,
661 1520 688 1571 si
712 1526 829 1586 possent
847 1519 951 1573 babere
976 1520 1017 1572 ad
1042 1528 1177 1587 quaerent
1196 1528 1310 1573 mortem
1329 1522 1500 1586 naturalem,
1520 1530 1547 1575 et
1564 1541 1620 1576 non
1639 1523 1787 1578 invenient.
1823 1520 1882 1577 Ru-

178 1607 393 1673 poenitendum5
426 1605 511 1657 tertia
535 1622 621 1658 cerua
649 1612 705 1671 eet,
733 1605 801 1672 quia
827 1604 960 1658 visionem
990 1613 1017 1658 et
1042 1611 1138 1675 pertus
1155 1603 1309 1660 Helcothue
1329 1605 1390 1661 lect
1412 1614 1453 1662 55.
1474 1608 1504 1660 in
1523 1607 1568 1662 lib.
1590 1607 1749 1678 Sapientiae
1774 1616 1882 1679 septem

180 1692 304 1762 ploriam
333 1692 391 1744 Dei
408 1691 611 1760 perdiderunt,
644 1706 715 1758 qaae
744 1691 871 1744 carentia
899 1690 1017 1744 cisionis
1042 1690 1171 1761 poenales
1191 1691 1386 1746 damnatorum
1403 1692 1574 1748 conditiones
1598 1701 1733 1748 recenset.
1769 1694 1880 1761 Delici-

184 1779 242 1831 llei
260 1795 353 1831 omnes
370 1777 510 1844 qebennae
527 1776 669 1829 cruciatus
683 1783 816 1845 superat;
836 1783 938 1844 quarta
951 1794 1017 1829 cau·
1042 1786 1141 1842 entur,
1158 1777 1262 1848 inquit,
1281 1796 1341 1831 curn
1359 1780 1538 1846 confusione,
1563 1781 1733 1850 affliqentur
1751 1798 1813 1834 cum
1832 1783 1880 1834 de-

181 1884 215 1918 sa
239 1872 288 1929 eet,
316 1865 383 1932 quia
401 1864 512 1926 inferni
527 1864 663 1916 vilitatem
682 1871 708 1916 et
728 1863 871 1916 miseriam
892 1863 1014 1931 acquisi·
1042 1863 1191 1932 spectione,
1211 1864 1384 1932 repellentur
1401 1866 1460 1917 sine
1481 1867 1671 1934 responsione,
1691 1867 1882 1921 destituentur

181 1957 287 2004 uerunt.
330 1950 384 2003 Est
411 1950 485 2003 enim
515 1949 593 2003 locrss
623 1949 777 2012 infernalis
804 1949 963 2002 tenebrosus
991 1956 1016 2000 et
1042 1949 1289 2017 autbenticationr,
1311 1949 1465 2018 punientur
1482 1951 1543 2003 sine
1561 1951 1763 2017 consolatione,
1790 1961 1881 2006 conte·

180 2036 365 2104 penuriam,
390 2037 467 2104 quod
490 2036 544 2087 erit
567 2035 690 2088 mesina
712 2051 805 2101 poena
830 2035 962 2088 diuitibus
991 2041 1017 2087 et
1042 2042 1142 2087 rentur·
1160 2035 1220 2087 eine
1236 2037 1440 2089 condonatione
1467 2044 1494 2089 ct
1512 2037 1724 2106 esepprimentur
1750 2039 1812 2091 eine
1837 2055 1880 2092 re

181 2122 355 2191 voluptuosis
373 2130 397 2176 et
415 2121 605 2191 maqnatibue,
631 2121 698 2189 quia
722 2122 752 2174 in
779 2122 837 2175 vita
861 2122 1016 2174 babuerunt
1043 2120 1215 2173 cordatione.
1251 2119 1418 2177 Laurentius
1437 2121 1612 2177 lastinianus
1622 2121 1657 2177 be
1667 2122 1787 2179 cennnb.
1802 2122 1880 2178 verbi

182 2210 279 2262 domos
304 2209 364 2261 eine
383 2211 483 2276 fumo,
508 2207 550 2260 ibi
574 2222 640 2259 aero
667 2207 719 2259 erit
742 2208 838 2270 fumus
861 2207 1015 2260 continuus.
1043 2211 1072 2258 et
1088 2205 1197 2260 enimse
1215 2223 1238 2260 c.
1259 2213 1303 2262 le:
1330 2209 1398 2260 Erit
1415 2208 1456 2261 ibi
1468 2209 1543 2276 iqnis
1562 2209 1808 2278 ineestinquibils'e,
1824 2211 1880 2274 fri·

184 2294 280 2346 Tertio
300 2301 340 2346 est
357 2293 461 2346 ibidem
477 2309 632 2361 poenarum
652 2293 832 2354 diuturnitas,
851 2301 931 2345 erunt
943 2291 1016 2345 enim
1043 2308 1095 2358 qus
1114 2292 1337 2360 incomparabile
1355 2301 1382 2346 et
1406 2295 1531 2347 dentium
1556 2295 1681 2363 stridor,·
1704 2295 1746 2348 ibi
1771 2313 1882 2366 quoque

63 2396 290 2449 xx.1ee.poenae
326 2379 484 2445 infernales
519 2379 690 2445 diuturnae,
729 2379 784 2432 ineo
821 2379 1015 2447 sempiternae.
1042 2384 1083 2429 eet
1103 2379 1199 2442 fumus
1211 2379 1379 2446 teterrimae,
1401 2381 1529 2434 tenebrae
1543 2381 1716 2448 palpabiles,
1734 2382 1881 2450 lammae

183 2467 288 2530 Quarta
307 2474 346 2521 est
366 2467 397 2520 in
415 2468 528 2527 inferne
543 2483 702 2536 poenarum
719 2466 905 2534 universitoe,·
924 2466 953 2519 in
963 2467 1015 2537 jn·
1043 2461 1207 2528 interiores,
1240 2465 1360 2518 barrida
1388 2467 1556 2520 daemonum
1590 2466 1675 2531 nisio,
1713 2466 1883 2536 improperii

177 2556 263 2618 ferreo
280 2554 428 2607 uniuersae
444 2561 544 2622 partes
562 2553 691 2615 bominis,
709 2560 766 2606 tam
785 2553 913 2621 corporis
931 2570 1016 2621 quarn
1043 2549 1160 2619 clamor,
1186 2551 1312 2603 ariditas
1329 2551 1407 2618 sitis,
1432 2554 1525 2615 foetor
1543 2552 1673 2620 sulfuris,
1698 2553 1800 2606 vermis
1817 2571 1881 2608 con·

179 2639 301 2706 minu,
319 2646 383 2707 pou
402 2639 477 2692 aem
489 2639 600 2707 jessen
619 2646 699 2692 erun
718 2639 748 2691 ee
768 2640 849 2707 tque,
876 2655 947 2691 neec
964 2654 1014 2690 ae·
1042 2634 1189 2703 suariae,
1216 2635 1382 2704 qimam
1401 2624 1522 2699 deun,
1545 2652 1644 2690 eane
1662 2639 1821 2706 tenerem,
1848 2641 1881 2693 a·

181 2733 235 2778 tem
251 2724 390 2792 uidemus,
419 2726 496 2792 quod
518 2725 598 2778 bomo
622 2742 678 2778 non
698 2733 794 2796 posset
816 2725 877 2778 eine
895 2724 1016 2778 monimo
1043 2738 1104 2774 mor
1127 2721 1271 2788 minione,
1294 2722 1444 2791 palpitans
1473 2729 1591 2791 tremor,
1621 2722 1762 2777 anbelitue
1789 2725 1881 2789 dolor,

181 2819 317 2866 tormento
335 2812 426 2879 iqnem
445 2812 475 2863 in
493 2819 575 2880 porte
591 2812 675 2863 unius
695 2811 781 2878 diqiti
805 2811 940 2863 sustr’ncrc
960 2825 1016 2877 per
1042 2809 1137 2875 pudor
1155 2808 1341 2870 reinfundente,
1359 2809 1470 2860 inuidia
1482 2825 1573 2876 mens,
1592 2810 1754 2878 discerpere
1767 2828 1880 2872 rancor,

182 2914 267 2950 unam
285 2897 391 2961 boram,
419 2904 539 2965 mantus
559 2911 623 2963 erqo
642 2896 697 2948 erit
715 2895 816 2962 dolor,
839 2896 952 2962 quando
976 2902 1015 2947 to·
1043 2893 1163 2946 tristitia
1183 2895 1331 2962 affliqene,
1359 2895 1486 2948 carentia
1506 2895 1622 2948 diuinae
1638 2896 1757 2950 cisionis
1775 2897 1881 2950 omnie-

181 2991 225 3036 tus
243 2983 323 3036 bomo
343 2982 455 3035 ardebit
481 2983 511 3034 in
527 2982 607 3051 ique!
645 2980 749 3041 Quinto
773 2988 798 3033 ct
824 2979 921 3033 ultimo
945 2980 1016 3032 istae
1043 2995 1096 3047 que
1114 2978 1176 3047 epei
1192 2980 1309 3033 abolitio
1323 2989 1350 3034 et
1368 2982 1480 3034 salutis.
1509 2982 1662 3052 Dionysius
1679 2981 1881 3039 carthusianus

179 3085 288 3138 poenae
315 3068 475 3130 infernales
502 3075 582 3119 erunt
615 3067 729 3119 inutiles
759 3073 783 3119 et
812 3066 1017 3133 infructuosae,
1043 3065 1072 3118 in
1090 3082 1157 3120 com.
1177 3068 1263 3136 Apoc.
1283 3085 1308 3136 p.
1327 3071 1394 3123 301:
1417 3067 1524 3122 Gravis
1543 3076 1582 3121 est
1595 3070 1796 3123 damnatorum
1812 3088 1882 3139 poe·

178 3171 272 3224 poena
292 3154 364 3207 enim
385 3154 544 3223 praesentis
561 3154 634 3205 ritae
649 3152 739 3205 brevis
755 3159 802 3215 est,
821 3152 890 3205 leer'e
912 3159 938 3205 et
953 3154 1018 3216 fru-
1043 3169 1081 3206 na
1096 3161 1214 3221 propter
1239 3156 1371 3208 tormenti
1393 3155 1595 3222 acerbitatem,
1620 3158 1734 3223 qraeior
1761 3165 1881 3227 propter

181 3248 294 3308 ctuosa,
316 3242 368 3293 sed
389 3241 492 3304 futura
512 3246 552 3291 eet
571 3238 737 3306 lonqusima
755 3246 781 3291 et
799 3239 970 3305 qraeiesima
991 3248 1016 3292 et
1043 3239 1249 3307 simpliciorum
1269 3240 1468 3304 diueredmm,
1487 3241 1656 3308 pravissimo
1678 3250 1799 3310 propter
1818 3260 1884 3310 sup-

180 3327 370 3394 infruetuoea,
387 3327 455 3393 quia
474 3326 500 3378 si
518 3327 668 3378 damnatur
680 3325 778 3392 flendo
795 3331 903 3378 tantum
922 3326 958 3377 de
974 3325 1017 3377 la·
1040 3323 1195 3395 pliciorum
1213 3324 1414 3380 aeternitatem.
1449 3326 1527 3380 Idem
1548 3326 1609 3380 libr.
1635 3327 1670 3381 de
1699 3332 1818 3396 quotuor
1835 3345 1884 3383 no·

182 3413 284 3480 crpmie
301 3413 444 3478 emitteret,
463 3418 598 3478 quantum
617 3418 658 3463 eet
678 3412 712 3464 de
725 3426 803 3478 aqua
819 3411 849 3462 in
861 3411 943 3473 mari,
961 3428 1017 3463 non
1044 3408 1107 3463 vies.
1126 3415 1178 3463 srt.
1192 3415 1239 3464 37:
1263 3411 1347 3464 Circa
1362 3428 1472 3479 poenas
1491 3414 1601 3474 inferni
1618 3414 1831 3466 consideranda
1843 3421 1885 3467 eet

180 3499 326 3563 sufficeret
343 3498 383 3550 ad
401 3497 555 3550 lavandam
569 3496 708 3549 maculam
723 3497 806 3549 unirer
816 3497 933 3563 peccati
945 3513 1017 3548 rnor-
1040 3495 1136 3561 primo
1155 3511 1253 3548 carran
1270 3499 1432 3562 aeternitas,
1462 3515 1533 3565 qaae
1550 3514 1635 3566 super
1656 3498 1751 3552 omnia
1770 3508 2004 3571 qraeat,xx.1ss.

180 3583 256 3638 talis.
291 3582 369 3637 Idem
390 3588 460 3652 pert.
480 3587 503 3636 7.
524 3580 688 3651 breviloqui.
706 3597 731 3634 c.
752 3586 783 3635 ss:
815 3581 897 3650 anie
928 3583 1018 3645 infer·
1042 3581 1153 3648 premet,
1180 3583 1328 3634 contristat
1345 3590 1371 3635 et
1392 3590 1503 3651 torquet
1522 3586 1684 3649 damnatos,
1711 3586 1767 3637 imo
1790 3585 1881 3650 infer·

181 3669 257 3723 nolte
280 3669 391 3736 affliqet
418 3675 444 3719 et
471 3667 657 3720 concremabit
684 3667 803 3734 spiritur
833 3674 859 3718 et
886 3685 1017 3736 corpora,
1043 3665 1109 3718 nale
1127 3666 1287 3720 incendium
1305 3685 1360 3721 non
1379 3669 1488 3738 offiiqit
1514 3677 1572 3722 tarn
1594 3670 1720 3738 praviter
1741 3670 1902 3745 infelicis·¹

181 3770 231 3808 nec
252 3762 342 3806 tarrren
362 3769 484 3820 corpora
502 3752 557 3805 illa
576 3760 725 3819 corseumet,
744 3753 795 3804 esd
811 3770 920 3820 semper
938 3755 1017 3822 affli·
1042 3751 1127 3804 eimos
1148 3752 1229 3821 illos,
1257 3761 1390 3821 quantum
1409 3756 1519 3824 affliqit
1539 3771 1588 3807 eae
1606 3756 1805 3825 consideratio,
1824 3775 1882 3825 qua

181 3847 233 3910 ρει.
270 3838 448 3906 Hujuemodi
478 3845 566 3889 autem
593 3838 749 3905 afflictioni
772 3838 847 3905 iqnie
872 3840 1022 3907 conjrrncta
1042 3839 1189 3891 attendunt
1207 3856 1241 3890 ac
1259 3839 1398 3906 capitone,
1420 3858 1449 3894 se
1469 3843 1497 3892 in
1517 3848 1556 3895 tot
1576 3858 1610 3894 ac
1629 3841 1715 3895 tantis
1735 3843 1881 3896 tormentis

181 3928 237 3980 erit
251 3923 374 3993 afflictio
392 3924 545 3976 secundum
564 3939 658 3975 omenes
675 3939 779 3991 sensus,
799 3925 948 3991 coniterecta
962 3924 1016 3977 erit
1041 3930 1176 3990 perpetuo
1195 3939 1411 3992 permansuros,
1439 3942 1471 3978 ea
1496 3943 1552 3994 quo
1573 3927 1800 3980 consideratione
1825 3929 1880 3981 ori·

179 4029 272 4081 poena
291 4010 392 4064 vermis
412 4016 437 4063 et
455 4008 582 4062 carentia
600 4009 716 4062 visionis
735 4010 807 4073 Dei,
831 4010 873 4062 ita
890 4012 967 4077 quod
986 4011 1015 4063 in
1042 4016 1088 4060 tur
1114 4010 1301 4063 intolerabilis
1329 4012 1490 4079 desperatio
1519 4011 1608 4064 amnis
1636 4012 1708 4064 boni.
1750 4013 1880 4069 Secundo

180 4097 225 4152 bie
237 4098 337 4165 poenis
357 4098 410 4150 erit
431 4095 556 4149 uarietas
579 4102 604 4146 et
630 4111 690 4147 cum
716 4096 851 4149 varietate
877 4098 1016 4150 acerbitas
1043 4094 1252 4147 coresideranda
1273 4105 1312 4148 est
1332 4097 1411 4148 circa
1425 4112 1537 4163 paenae
1559 4098 1670 4160 inferni
1688 4113 1785 4150 earum
1801 4115 1879 4152 acer·

180 4191 207 4237 et
225 4200 287 4236 cum
303 4183 454 4235 acerbitate
476 4181 731 4236 interminabiliter.
768 4181 844 4235 Idem
869 4184 897 4235 in
921 4183 1015 4237 solilo-
1043 4181 1124 4249 bitae,
1139 4197 1235 4248 poena
1253 4182 1325 4234 enim
1346 4182 1419 4248 iqnis
1437 4182 1618 4235 acerbissima
1639 4192 1693 4250 est,
1720 4185 1794 4250 iqnie
1813 4204 1880 4254 quo-

180 4269 246 4339 quio
273 4285 332 4338 cap.
354 4275 377 4322 3.
400 4275 419 4323 t.
440 4275 463 4324 l.
483 4286 510 4337 p.
533 4271 595 4323 126:
628 4268 694 4320 Erit
716 4268 778 4320 relic
803 4269 878 4335 iqnie
904 4272 1015 4338 ardens,
1042 4283 1095 4334 que
1114 4267 1269 4330 infernalis
1289 4266 1365 4320 omni
1384 4269 1446 4334 ique
1466 4270 1547 4335 apred
1563 4284 1613 4322 nos
1638 4269 1782 4322 cueutenle
1807 4271 1880 4335 inef-

181 4357 276 4422 t‘riqus
296 4356 400 4423 ripene,
419 4354 522 4407 verinis
541 4354 718 4422 immortalis,
735 4355 830 4417 foetor
852 4355 1014 4408 intolerabi-
1040 4353 1171 4417 labiliter
1198 4352 1321 4407 calidior
1348 4354 1553 4423 poenaliorque
1580 4355 1693 4408 enerstit.
1739 4355 1778 4407 Et
1806 4358 1880 4410 eiciet

180 4442 224 4509 lis,
243 4441 342 4494 mallei
357 4441 558 4509 permetientes,
586 4440 698 4493 rrnrbme
713 4440 889 4510 palpabiles,
919 4445 1014 4506 conjn-
1027 4498 1029 4504 ,
1042 4439 1117 4508 iqnis
1136 4439 1186 4493 ille
1205 4449 1245 4492 cst
1262 4440 1470 4493 calidissimus.
1497 4442 1538 4491 ita
1556 4441 1652 4507 frique
1672 4441 1817 4503 infernale
1839 4451 1879 4495 eet

178 4527 222 4581 sio
236 4534 424 4595 peccatorum,
443 4527 591 4579 innodatio
602 4526 786 4593 vinculorum,
803 4526 949 4581 horribilis
968 4512 1314 4591 tudertinae-terimam.
1340 4527 1420 4579 Idem
1432 4527 1581 4579 dicendum
1601 4527 1637 4580 de
1654 4527 1752 4580 ceteris
1769 4529 1881 4596 inferni

179 4614 235 4667 cies
250 4615 433 4675 daemonum,
459 4629 535 4664 mors
555 4613 712 4680 optabitur,
741 4631 797 4665 non
822 4614 951 4682 dabitur,
975 4588 1193 4667 ibiltormentis.
1241 4613 1336 4666 Tertio
1372 4612 1582 4664 considerando
1616 4620 1655 4665 est
1691 4612 1878 4674 infernalium

179 4707 311 4767 torquens
329 4706 355 4751 et
371 4700 493 4766 punieris
511 4697 766 4775 nonsatiqabitur,
783 4699 824 4752 ibi
842 4667 1236 4781 quitorque·1tormenterum
1256 4699 1424 4757 diversitas,
1453 4699 1521 4764 quia
1534 4697 1630 4765 'juata
1656 4698 1879 4766 maqnitudinem

124 4837 126 4840 Α
179 4792 239 4852 tur,
263 4801 404 4852 nunquam
422 4785 571 4851 morietur,
598 4785 637 4837 sic
659 4785 732 4837 enim
749 4785 823 4852 iqnis
842 4786 892 4839 ille
917 4783 1301 4856 consu-{multitudinemque
1335 4783 1483 4857 mqrarrm
1515 4783 1705 4851 unusquisque
1741 4785 1879 4851 reprobus

179 4879 241 4933 met,
266 4879 297 4924 ut
314 4871 400 4923 eitam
418 4877 511 4923 tamen
528 4886 636 4939 semper
655 4878 761 4938 reret,-
791 4872 832 4922 eic
850 4878 943 4925 odera
958 4879 1012 4924 tor·
1026 4862 1129 4951 joariie
1144 4869 1247 4935 poenis
1267 4868 1448 4936 torquebitur.
1487 4868 1595 4930 Quarto
1614 4870 1692 4921 circa
1709 4885 1818 4937 poenae
1837 4872 1877 4923 in·

178 4963 272 5010 menta
285 4957 439 5024 patientia,
458 4963 488 5008 ut
507 4971 616 5023 semper
634 4955 815 5017 innovemur,-
832 4956 873 5008 eie
891 4957 1028 5023 sineepei
1039 4955 1119 5017 ferni
1140 4957 1292 5021 pensanda
1310 4964 1349 5008 est
1382 4973 1478 5009 earum
1507 4957 1727 5023 universalitas,
1753 4957 1821 5025 quia
1848 4957 1878 5008 in

179 5042 276 5095 neniae
295 5049 321 5094 et
340 5041 552 5094 mieericordiae
568 5057 678 5109 semper
689 5041 788 5109 vivent,
804 5048 834 5093 nt
845 5048 938 5093 tamen
956 5057 1012 5093 mo·
1025 5014 1028 5151 Ῑ
1040 5046 1097 5092 toto
1118 5056 1235 5108 corpore
1256 5049 1281 5093 et
1300 5042 1330 5093 in
1347 5041 1468 5107 sinqulie
1488 5041 1616 5095 membris
1633 5041 1762 5111 corporis
1786 5041 1880 5111 iniqui

178 5126 308 5195 nouum·
335 5128 376 5180 sic
397 5127 564 5187 morientur,
586 5135 617 5178 ut
636 5133 729 5178 tamen
751 5143 893 5195 nunquam
917 5123 1216 5193 cm·1affliqentur,
1235 5126 1365 5179 similiter
1385 5127 1414 5178 in
1437 5136 1497 5181 tota
1517 5129 1614 5180 anima
1634 5133 1717 5193 atquc
1737 5127 1877 5197 utrinqu·

179 5220 297 5268 mantue.
339 5212 502 5283 lindolphus
535 5211 735 5266 Canhusisnue
767 5210 802 5262 de
832 5210 880 5265 vit
910 5191 1077 5279 Christiitn
1097 5213 1157 5277 sius
1176 5211 1289 5264 uiribus.
1328 5212 1429 5274 Quinto
1448 5215 1623 5266 dundenae
1645 5220 1686 5265 est
1711 5214 1788 5266 circa
1812 5231 1876 5282 poe-

179 5304 250 5368 psrt
269 5304 292 5353 2.
312 5315 370 5368 cap.
387 5304 433 5353 88:
452 5300 576 5367 Propter
591 5298 762 5349 arusionern
781 5314 800 5348 a
820 5304 947 5349 creatore
960 5293 1091 5386 eritjnas
1122 5296 1232 5365 inferni
1258 5299 1387 5352 decolata
1417 5306 1443 5351 et
1466 5315 1594 5368 poenosa
1621 5297 1748 5351 sociatae.
1791 5298 1877 5352 Sento

180 5383 220 5436 ibi
237 5385 366 5437 carerdia
381 5385 496 5436 visionis
516 5385 588 5445 Dei,
607 5389 728 5450 propter
747 5384 954 5436 conversionem
972 5385 1014 5436 ad
1025 5384 1186 5457 <pensanda
1211 5391 1251 5435 eet
1275 5385 1423 5451 dispositio
1447 5385 1511 5439 laci.
1549 5384 1673 5452 Septimo
1698 5384 1875 5452 irrecupera-

179 5477 354 5532 medaeam,
379 5469 489 5522 scilicet
506 5472 548 5521 ad
577 5469 677 5522 bonum
700 5467 894 5522 commutabile
918 5477 1012 5538 epreto
1025 5462 1027 5482 ³
1041 5469 1137 5522 bilitas
1154 5470 1341 5537 neqliqcntiae
1355 5478 1382 5523 et
1403 5469 1562 5524 amissionis
1580 5469 1715 5538 temporis
1732 5469 1819 5538 liujus
1837 5471 1876 5522 ui·

180 5555 249 5608 eone
270 5553 497 5620 monuerant,
523 5554 630 5608 autea
649 5555 722 5623 oa,
747 5555 801 5608 ee
814 5571 911 5624 poem
928 5518 1085 5624 nae-ine
1105 5572 1139 5607 ae
1162 5557 1262 5609 mnes
1291 5557 1358 5610 eea
1382 5555 1479 5611 ieeur.
1524 5555 1628 5609 otae
1655 5556 1771 5626 peresa·
1797 5556 1875 5610 men
