4050 6014
585 259 638 324 DE
655 259 825 321 munseo
843 259 916 319 SEU
937 259 1071 320 nouus
1088 257 1278 317 amma
1720 262 1778 322 281

89 420 215 492 absorpti
236 419 267 474 in
294 434 329 474 es
351 436 405 474 non
426 417 639 490 permanserint,
662 419 711 472 sed
728 418 764 472 ad
783 417 922 473 internum
954 433 979 471 v.
999 422 1038 473 10.
1057 417 1182 474 refertur.
1225 414 1330 482 Quodsi
1352 414 1399 469 sel
1415 412 1534 468 maxime
1554 411 1655 467 inferni
1672 410 1784 466 nomino

89 510 180 579 nsque
198 506 305 562 detrusi
315 511 398 571 sunt,
425 521 480 576 qno
497 510 591 560 antem
609 504 638 559 in
658 503 719 558 loco
738 502 785 558 ills
802 509 925 559 statuen-
952 502 1040 572 ipsam
1053 505 1245 560 damnatorum
1257 503 1351 558 sedem
1363 500 1541 572 accipiamus,
1559 499 1681 555 nondum
1690 503 1784 553 tamen

91 594 145 650 dus
164 593 209 656 sit,
227 591 331 648 ibidem
349 608 404 646 non
425 591 595 662 exprimitur.
635 590 874 657 Quemadmodum
892 606 926 645 ex
952 590 1071 646 evictum
1096 592 1163 655 erit,
1183 589 1320 646 infernum
1338 605 1398 644 esse
1416 587 1445 643 in
1464 592 1560 642 centro
1578 591 1678 641 terrae.
1713 583 1783 639 Cum

90 698 134 746 eo,
160 679 235 752 quod
255 677 383 732 Christus
405 678 433 731 in
451 694 502 732 sua
528 678 709 733 adscensione
733 683 865 748 exceptus
884 682 927 733 est
952 676 1025 731 enim
1051 678 1079 732 in
1097 677 1205 733 Graeco
1229 693 1284 730 non
1309 675 1419 747 legatur
1445 678 1475 730 ts
1498 670 1553 750 ᾅδῃ
1572 672 1620 728 sed
1645 675 1684 734 sle
1702 666 1784 742 ᾅδου,

89 784 108 822 s
127 765 212 835 nube,
231 766 355 820 elmtns
373 764 402 818 in
420 764 566 819 coelumet
579 764 658 819 sedet
673 763 710 818 ad
722 764 848 819 dextram
863 763 926 834 Dei,
951 760 1014 818 ideo
1032 763 1146 835 quidam
1160 768 1295 830 statuunt,
1313 779 1374 817 esse
1392 759 1558 815 locutionem
1578 757 1735 828 elliptioam,
1753 761 1785 810 ut

90 852 187 907 inferri
204 851 315 923 nequit,
335 851 409 921 quod
427 850 529 914 nubes,
554 849 624 905 coeli
644 849 766 906 visibiles
784 856 813 905 et
829 850 927 904 dextra
952 846 1178 921 subintelligatur
1208 849 1288 905 cissos
1318 849 1371 903 hoc
1400 863 1499 913 sensu,
1536 844 1661 917 quamuis
1691 843 1785 897 anima

91 939 145 994 Dei
158 939 214 993 sint
227 955 300 992 nnus
311 937 439 1008 idemque
452 936 536 1004 locus,
558 936 688 1008 quodque
699 935 802 991 Christi
819 936 927 991 mansio
952 935 1070 989 messit
1093 943 1240 1006 expertura
1265 935 1375 990 dolores
1398 931 1585 1001 morientium,
1609 947 1665 985 non
1691 936 1784 984 tamen

92 1027 129 1081 sit
153 1024 358 1094 receptaculum
384 1023 508 1079 localiter
525 1023 764 1093 circumscriptum
786 1031 814 1078 et
833 1022 927 1079 altitu·
953 1019 1107 1089 permittes,
1131 1026 1163 1075 ut
1180 1020 1348 1076 cruciatibus
1367 1018 1421 1075 illis
1438 1019 1513 1074 victa
1530 1018 1558 1072 in
1580 1015 1720 1072 infernum
1739 1033 1784 1069 us·

90 1113 157 1167 dine
181 1110 263 1166 locali
288 1127 306 1164 a
329 1108 409 1165 nobis
426 1109 585 1181 longissime
603 1115 775 1180 separatnmr
801 1110 841 1165 ita
860 1126 926 1180 quo·
952 1122 1007 1177 que
1034 1106 1197 1162 detrudetur
1222 1123 1256 1162 ac
1274 1122 1379 1178 poenas
1404 1106 1596 1160 damnatorum
1616 1102 1719 1158 ibidem
1738 1119 1784 1156 ex·

89 1215 145 1272 qne
162 1214 196 1252 ex
216 1213 262 1263 eo,
283 1196 359 1269 quod
378 1197 503 1252 seditiosi
522 1196 652 1251 dicuntur
671 1204 763 1252 terrae
781 1195 860 1250 histn
878 1194 926 1251 ab
953 1192 1082 1261 periatur.
1127 1193 1202 1258 Quin
1219 1195 1274 1248 imo
1293 1192 1316 1248 si
1333 1190 1379 1247 vel
1395 1190 1514 1245 maxime
1532 1190 1568 1244 de
1585 1188 1667 1256 reali,
1687 1187 1785 1243 nium·

90 1285 178 1356 sorpti
206 1291 234 1340 et
255 1285 287 1338 irs
310 1285 453 1348 infernum
478 1285 673 1351 (166666άὴ66,
699 1282 793 1354 colligi
823 1282 927 1352 nequit,
954 1277 1029 1346 phali
1048 1295 1082 1332 ac
1102 1279 1222 1350 glorioso
1237 1278 1338 1334 Christi
1356 1284 1420 1348 post
1437 1282 1553 1332 mortem
1570 1280 1599 1329 et
1615 1274 1785 1345 sepulturam

91 1373 200 1427 hiatum
224 1377 314 1427 terrae
337 1377 365 1426 et
389 1370 527 1427 infernum
556 1387 617 1425 esse
638 1386 725 1425 nnnm
753 1369 928 1440 eundemque
954 1364 990 1418 ad
1007 1364 1108 1420 iniemi
1121 1366 1211 1421 locum
1226 1366 1361 1422 descensu
1372 1364 1532 1434 accipiatur,
1551 1362 1673 1417 nondum
1691 1366 1785 1417 nmen

91 1460 197 1524 locum,
221 1459 344 1530 adeoque
368 1457 506 1512 infernum
531 1474 592 1513 esse
616 1458 821 1528 receptaculum
840 1456 929 1511 locale
954 1465 988 1503 ex
1011 1452 1203 1524 coaequum,
1229 1453 1303 1524 quod
1330 1452 1462 1516 intertum,
1491 1450 1557 1521 quia
1576 1448 1703 1505 Christus
1723 1452 1786 1519 post

92 1546 120 1600 in
144 1546 205 1616 ipso
231 1553 322 1599 terrae
349 1550 444 1599 centro
469 1545 567 1608 sitnm,
601 1543 827 1614 distinguendum
854 1542 927 1596 enim
953 1538 1125 1607 sepulturam
1144 1536 1311 1593 descendere
1328 1537 1365 1594 sd
1381 1537 1484 1592 inferos
1501 1536 1600 1606 potuit,
1618 1533 1726 1589 etiamsi
1745 1534 1785 1588 in·

93 1632 165 1687 inter
185 1634 275 1705 φορᾶς
298 1631 419 1686 medium
443 1647 477 1684 ac
503 1631 658 1684 terminum.
708 1628 810 1684 Confer
841 1625 929 1680 blehl·
954 1621 1049 1677 fernus
1063 1625 1167 1678 nonsit
1180 1623 1297 1679 locusin
1314 1631 1409 1679 centro
1426 1621 1699 1686 terraeconstitutus,
1721 1619 1786 1691 quia

93 1718 218 1772 iurernm
237 1716 332 1771 decad.
359 1723 384 1772 4.
410 1716 510 1771 vindic.
537 1733 637 1786 evang.
663 1715 736 1784 disp.
753 1720 779 1771 6.
800 1713 869 1769 thes.
887 1718 929 1768 33.
954 1710 1100 1778 sepulturis
1132 1719 1160 1765 st
1191 1713 1339 1765 desem
1365 1712 1407 1764 ud
1432 1710 1543 1775 inferos
1569 1717 1635 1762 sunt
1663 1706 1786 1761 distincti

85 1798 238 1861 ¹Cornelius
255 1819 274 1856 a
291 1802 399 1873 Lepide
412 1802 440 1856 in
453 1808 598 1859 comment
613 1802 719 1867 statuit,
733 1800 928 1856 611666οά666-
954 1800 1042 1865 actus,
1059 1811 1149 1867 neque
1168 1796 1197 1850 in
1211 1796 1272 1867 ipso
1289 1796 1448 1868 sepulturae
1461 1802 1598 1850 momento
1612 1792 1737 1849 Christus
1750 1792 1786 1847 ad

40 1890 225 1950 71.sossisos
237 1890 349 1958 quidem
358 1906 377 1941 a
386 1894 464 1941 terra
472 1888 630 1959 absorptos,
643 1904 699 1940 non
708 1893 803 1940 661666
809 1884 885 1938 nisos
900 1885 929 1937 iss
954 1881 1091 1936 infernum
1100 1881 1470 1949 descenditsedimmediate
1475 1887 1541 1936 ante
1549 1879 1787 1935 resurrectionem.

89 1977 234 2040 &fenum
249 1975 427 2044 perventum·
441 1973 538 2029 eadem
551 1973 660 2028 ratione
671 1972 762 2027 dicere
774 1986 929 2042 possumus,
955 1971 978 2021 3
998 1966 1101 2023 Psalm.
1124 1973 1180 2034 139,
1201 1985 1229 2025 v.
1247 1973 1278 2023 8:
1322 1967 1356 2022 Si
1381 1969 1553 2024 descendero
1578 1968 1621 2019 od
1637 1966 1787 2030 infernum,

89 2062 165 2132 ipsos
188 2060 301 2132 quidem
327 2061 356 2114 in
382 2060 432 2115 illo
455 2068 545 2114 terrae
568 2059 646 2113 hiatu
671 2059 700 2113 in
724 2057 862 2113 internum
880 2057 928 2112 de·
954 2061 985 2106 tss
1009 2053 1072 2108 illic
1097 2057 1176 2108 udas.
1219 2052 1443 2124 Respondemus:
1466 2052 1665 2125 intelliguntur
1688 2051 1716 2106 in
1737 2066 1788 2122 ge·

89 2148 241 2213 scendisse,
260 2146 308 2200 sed
328 2162 362 2200 ex
381 2162 416 2200 eo
433 2162 488 2200 non
506 2161 587 2216 posse
605 2143 709 2210 inferri,
730 2144 805 2216 qnod
824 2144 852 2198 in
866 2162 928 2201 oen-
955 2156 1021 2196 nere
1039 2141 1105 2205 ima,
1118 2137 1257 2210 profunda
1268 2146 1297 2194 et
1309 2140 1428 2195 obscura
1439 2145 1528 2196 terrae
1539 2141 1609 2209 loca,
1627 2154 1682 2192 non
1694 2143 1787 2194 sutem

89 2242 163 2290 trum
189 2239 280 2287 terrae
301 2231 501 2287 descenderint
514 2231 590 2291 ‚an
613 2236 653 2298 16,
679 2249 706 2288 v.
721 2236 763 2285 22.
787 2237 816 2285 et
834 2235 875 2287 23.
894 2231 930 2285 de
955 2228 1035 2283 sedes
1060 2226 1260 2282 damnatorum.
1308 2227 1441 2298 Exempla
1469 2228 1553 2298 hujus
1579 2225 1788 2298 significationis

40 2338 43 2344 ·
94 2321 181 2375 divite
199 2318 317 2389 epulone
343 2318 461 2383 dicitur,
488 2317 562 2389 qnod
588 2325 617 2372 et
642 2317 768 2387 sepultus
793 2318 883 2382 fassit
901 2322 931 2371 et
956 2319 1105 2368 occurrunt
1122 2314 1188 2371 «lob.
1211 2319 1251 2380 ll,
1269 2332 1295 2369 v.
1316 2321 1339 2372 6
1358 2316 1444 2370 Amos
1455 2320 1480 2382 3,
1495 2333 1520 2370 v.
1536 2321 1559 2370 2.
1593 2313 1789 2381 altannus,

94 2411 289 2479 postmortem
309 2404 338 2457 in
350 2403 488 2457 infernum
506 2404 644 2466 detrusus,
670 2402 719 2456 sed
736 2419 771 2456 ex
788 2419 822 2457 eo
835 2401 929 2457 inisrri
956 2419 980 2455 v.
1003 2406 1052 2456 2³:
1072 2403 1117 2456 Ta
1136 2404 1323 2472 Caper-naam,
1346 2419 1418 2472 quoe
1436 2420 1524 2473 usqne
1544 2403 1574 2455 is
1592 2402 1700 2456 coelum
1712 2400 1789 2454 esai-

94 2492 200 2564 nequit,
219 2490 293 2562 quod
304 2491 394 2560 ipsum
406 2489 563 2556 sepulcrum
577 2489 614 2542 sit
632 2489 764 2552 infernus,
782 2488 854 2543 siout
871 2488 929 2542 vul·
955 2496 1016 2543 toto
1029 2505 1067 2556 es,
1084 2505 1172 2558 usgue
1187 2491 1219 2543 iss
1236 2491 1379 2551 infersam
1398 2491 1556 2543 descendes.
1584 2487 1665 2542 Coeli
1681 2486 1790 2541 nomine
1802 2499 1846 2540 11.
1860 2498 1907 2540 ata

94 2586 163 2651 gata
185 2576 274 2631 versio
299 2575 398 2630 vitiose
415 2574 538 2629 reddidit
561 2576 687 2642 sepultus
701 2583 740 2628 est
759 2576 789 2628 in
808 2575 930 2642 intes-so,
955 2575 1126 2642 intelligitur
1145 2593 1219 2646 pers
1243 2576 1344 2630 mundi
1361 2592 1507 2644 supremo,
1534 2592 1601 2644 erpo
1626 2574 1711 2639 616666
1737 2589 1790 2626 voa

94 2665 145 2720 sed
162 2663 238 2734 qnod
255 2677 356 2732 corpus
374 2661 436 2730 ejus
455 2659 561 2714 illatum
580 2659 666 2715 inerit
684 2661 820 2730 sepulcro,
838 2660 930 2715 anima
957 2662 1067 2725 infami
1084 2662 1255 2731 npnilicaiit
1273 2670 1384 2732 portem
1411 2663 1513 2716 mundi
1534 2663 1659 2730 infimam
1685 2668 1711 2712 et
1733 2675 1790 2728 per
1904 2708 1908 2717 ,

94 2767 161 2808 vero
176 2749 286 2805 inferno
331 2746 474 2817 tszalm
496 2753 535 2811 16,
554 2765 580 2802 v.
603 2752 649 2804 to:
669 2750 736 2802 Non
753 2748 930 2816 derelinques
956 2739 1126 2816 6666666666
1156 2748 1248 2803 boam
1275 2749 1486 2803 stitterrassum
1513 2748 1543 2802 sis
1571 2756 1664 2801 term
1687 2755 1788 2800 666666.

95 2840 221 2893 animam
233 2852 322 2889 msam
339 2835 370 2886 s'a
388 2835 512 2902 inferno,
524 2833 599 2903 quod
610 2833 771 2888 vaticinium
782 2833 817 2890 de
829 2833 930 2890 Christi
956 2833 1180 2904 Respondemus:
1206 2834 1283 2890 Sient
1300 2851 1351 2905 per
1367 2835 1480 2905 phrasin
1498 2835 1622 2889 exultari
1638 2834 1668 2886 in
1681 2833 1789 2888 coelom

94 2925 131 2979 ad
159 2922 261 2978 inferos
280 2921 416 2975 descensu
436 2920 583 2988 exponitur
602 2921 696 2975 Actor.
717 2923 743 2985 2,
767 2938 792 2972 v.
811 2925 852 2975 31.
869 2936 930 2991 cap.
956 2925 1150 2996 μεταφορικῶς
1176 2920 1341 2992 intelligitur
1365 2938 1473 2975 summa
1496 2921 1641 2983 exaltatio,
1670 2919 1790 2991 gloriosa

97 3016 138 3076 13,
155 3027 180 3062 v.
201 3014 242 3063 36.
269 3005 492 3076 Respondemus:
513 3004 631 3068 Quidam
651 3020 751 3060 nomen
770 3002 842 3076 ᾅδου
859 3007 931 3062 acci·
957 3006 1074 3062 elevatio
1091 3024 1147 3062 non
1166 3006 1229 3076 loci,
1246 3008 1295 3063 sed
1315 3013 1403 3062 status
1420 3014 1448 3061 et
1466 3006 1641 3070 conditionis,
1660 3005 1791 3062 videlicet

94 3097 177 3168 piunt
195 3094 224 3148 in
242 3092 366 3148 secunda
384 3090 587 3162 significatione
603 3109 653 3160 pro
668 3090 810 3146 doloribus
828 3090 929 3146 inferni
957 3091 1102 3162 dignitatis
1119 3098 1260 3163 respectu3
1288 3093 1330 3147 sic
1356 3092 1473 3164 requirit
1500 3092 1651 3163 oppositio,
1682 3095 1715 3147 nt
1740 3107 1790 3161 per

95 3199 128 3237 sc
145 3180 261 3252 proinde
282 3176 500 3247 metaphoricum
518 3176 622 3231 Christi
638 3177 675 3231 ad
694 3176 796 3232 inlesos
815 3177 929 3233 descen·
957 3178 1070 3249 phrasin
1090 3180 1180 3248 dejici
1198 3181 1228 3234 iss
1246 3181 1390 3245 infernum
1416 3180 1590 3252 intelligatur
1615 3195 1722 3234 summa
1740 3178 1789 3233 hu·
1821 3190 1824 3195 '

95 3286 156 3322 sum
180 3267 224 3321 his
245 3264 337 3320 verbis
363 3261 482 3320 describi
505 3269 641 3333 statuunt,
668 3266 692 3329 1)
713 3266 780 3336 quia
798 3264 932 3333 particula
958 3264 1074 3320 miliatio
1097 3281 1131 3321 ac
1148 3266 1267 3338 dejectio
1291 3283 1347 3322 non
1372 3265 1560 3338 profundioria
1585 3265 1653 3332 loci,
1679 3265 1728 3319 sed
1746 3264 1790 3319 iti·

99 3354 176 3415 haec,
197 3371 253 3406 non
272 3355 383 3406 dassen
400 3351 525 3404 animam
542 3352 572 3404 irs
591 3352 706 3421 inferno
717 3356 771 3407 etc.
789 3351 932 3422 conjungi·
958 3351 1021 3407 dem
1048 3356 1138 3406 status
1157 3359 1186 3407 et
1205 3352 1384 3419 conditionis,
1410 3353 1541 3408 videlicet
1566 3351 1733 3422 ignominiae
1763 3356 1792 3406 et

95 3447 144 3496 tur
160 3458 223 3496 cnm
238 3440 281 3508 iis,
299 3456 372 3511 quas
387 3437 542 3494 necessario
553 3438 590 3492 ad
603 3437 706 3492 Christi
719 3438 931 3492 exinanitionem
958 3438 1083 3493 miseriae
1092 3445 1229 3508 respectu,
1247 3439 1373 3510 adeoque
1389 3439 1553 3510 intelligitur
1567 3455 1675 3492 summa
1690 3444 1718 3494 et
1735 3438 1791 3492 ima

97 3526 243 3583 1616661166
265 3527 359 3579 Actor.
378 3530 403 3587 2,
429 3543 454 3578 v.
475 3530 517 3580 24.
537 3529 578 3580 u.
597 3530 626 3579 et
645 3530 686 3581 31.
714 3530 741 3580 2)
761 3525 828 3594 quia
845 3541 931 3595 oppo
957 3522 1121 3593 infelicitas,
1146 3529 1269 3578 extrem
1291 3524 1458 3596 ignominia,
1484 3541 1567 3595 quam
1588 3540 1651 3579 enm
1672 3522 1789 3578 diabolis

95 3615 172 3668 nitur
195 3613 235 3666 illi
257 3612 390 3666 liberatio
414 3629 433 3664 n
454 3619 540 3664 morte
561 3619 587 3664 et
604 3612 668 3680 ipsa
689 3611 825 3664 66611666
843 3627 869 3664 s.
890 3615 931 3667 36.
958 3609 1143 3677 Gapernsitas
1165 3615 1195 3664 et
1216 3626 1312 3664 omnes
1336 3610 1413 3681 impii
1436 3609 1582 3666 habebunt
1610 3625 1790 3668 communem.

96 3704 139 3756 32.
157 3704 241 3754 6133.
271 3700 298 3764 3)
317 3697 384 3768 quia
402 3696 582 3767 praeponitur
599 3696 667 3750 haec
685 3697 823 3767 particula
841 3697 931 3766 66666-
959 3702 982 3750 5.
1001 3693 1099 3750 Matth,
1121 3700 1160 3763 12,
1177 3713 1203 3748 v.
1219 3701 1267 3751 tt:
1294 3697 1373 3750 stas
1390 3698 1484 3752 Jonas
1501 3699 1560 3761 fait
1580 3699 1609 3750 ia
1626 3705 1720 3751 vestre
1740 3696 1793 3749 ceti

96 3794 178 3839 turos
202 3800 227 3836 v.
245 3789 286 3838 21.
304 3791 334 3837 et
352 3787 392 3838 31.
419 3798 503 3853 quam
522 3781 605 3836 realis
624 3782 660 3836 ad
678 3782 772 3836 sedem
791 3782 932 3836 damnato·
957 3781 1046 3834 tritus
1056 3781 1156 3835 dietas
1172 3798 1207 3836 66
1224 3783 1360 3847 noctibus,
1377 3785 1418 3837 sic
1434 3782 1530 3838 eutius
1549 3784 1669 3837 hominia
1689 3784 1744 3837 erit
1761 3783 1792 3836 in

96 3889 158 3926 rum
178 3871 327 3924 descensus
344 3868 399 3923 init
418 3874 545 3936 secutus3
573 3869 600 3934 4)
621 3868 688 3940 quia
705 3868 832 3923 Christus
848 3868 931 3922 laets·
959 3867 1044 3921 corde
1063 3868 1260 3922 terrestribus
1278 3869 1376 3923 diebus
1395 3878 1422 3924 et
1441 3870 1530 3923 tribus
1546 3869 1681 3926 noctibus.
1712 3868 1793 3922 Sicut
1905 3886 1907 3891 ’

97 3963 151 4026 tur,
172 3955 247 4027 quod
268 3954 364 4008 anina
379 3956 442 4024 ejus
456 3973 512 4008 666
531 3955 569 4008 sit
585 3956 614 4008 in
633 3956 748 4018 inssi-no
768 3955 933 4020 6666666616,
959 3969 1008 4006 cor
1027 3952 1057 4005 iss
1074 3953 1167 4007 medio
1185 3961 1226 4008 est
1243 3955 1391 4026 animolas,
1416 3958 1459 4009 ito
1485 3956 1617 4019 infernas
1645 3957 1674 4009 in
1701 3956 1793 4009 medio

99 4049 130 4097 at
147 4042 199 4096 hoc
220 4041 288 4096 reali
304 4049 333 4095 et
360 4039 520 4110 triumphali
540 4038 684 4095 descensui
708 4041 798 4095 minus
823 4040 934 4095 videtur
961 4047 1063 4094 terrac
1090 4038 1314 4110 Respondemus:
1331 4041 1506 4098 Describitur
1524 4042 1552 4096 in
1565 4041 1608 4097 his
1627 4041 1719 4097 verbis
1737 4058 1792 4095 non

98 4130 258 4195 convenire3
272 4130 298 4192 6)
308 4128 375 4197 quia
384 4127 538 4197 emphatice
547 4126 649 4180 dicitur
659 4122 709 4182 nis
717 4129 933 4198 ἐγκαταλείψεις,
961 4126 1108 4181 descensus
1129 4126 1232 4182 Christi
1249 4127 1286 4182 ad
1304 4127 1415 4193 inferos,
1436 4129 1503 4199 quia
1523 4128 1649 4183 Christus
1667 4144 1721 4182 non
1740 4126 1794 4181 fuit

98 4233 155 4270 non
182 4214 295 4284 patieris
321 4231 364 4269 me
387 4213 454 4267 limo
479 4213 618 4283 profundo
638 4229 747 4267 manere
767 4213 932 4273 immersum,
959 4230 1008 4282 per
1031 4213 1169 4284 integrum
1190 4213 1313 4268 triduum
1338 4214 1367 4268 in
1383 4215 1506 4281 inferno,
1529 4215 1578 4269 sed
1607 4215 1635 4267 in
1655 4212 1791 4283 sepulcro.

98 4301 170 4355 sicut
187 4299 256 4354 baec
271 4298 371 4353 vocula
388 4307 537 4369 usurpatur
545 4298 648 4355 Psalm.
664 4303 706 4366 69,
725 4315 750 4352 v.
763 4304 786 4353 3.
815 4298 932 4363 fficiam
959 4299 1082 4354 Isidorus
1095 4299 1239 4354 Pelusiots
1258 4299 1319 4354 libr.
1342 4306 1366 4357 1.
1384 4301 1463 4370 epist
1486 4304 1530 4355 14:
1556 4301 1655 4354 Trium
1674 4299 1796 4352 Domini

98 4389 127 4442 in
146 4386 230 4441 tertia
254 4383 459 4456 significatione
477 4385 619 4455 accipiunt
639 4401 689 4455 pro
708 4389 828 4439 extremo
846 4384 931 4438 humi·
960 4385 990 4438 in
1001 4385 1132 4453 sepulcro
1147 4378 1353 4440 nonsummum
1363 4386 1473 4439 dieram
1487 4387 1556 4439 tusc
1568 4394 1610 4441 est
1622 4385 1792 4454 septemtio,

97 4472 185 4527 litatis
203 4471 309 4542 gradu,
334 4469 433 4524 iisdem
453 4470 513 4525 iere
534 4469 705 4540 argumentis
722 4469 774 4523 usi.
815 4469 932 4534 Quidam
960 4478 1037 4525 tusto
1055 4473 1128 4525 esim
1147 4472 1281 4543 temporis
1297 4473 1391 4540 spatio
1408 4472 1579 4541 insspolcso
1598 4478 1793 4535 commoratus,

97 4559 126 4612 in
146 4563 247 4628 quarta
263 4555 465 4626 significatione
484 4573 534 4627 pro
548 4556 689 4612 doloribus
701 4555 796 4610 mortis
815 4572 933 4610 accom-
960 4564 1064 4624 quanto
1082 4557 1177 4610 Jonas
1202 4558 1231 4609 ia
1252 4566 1347 4610 ventre
1372 4558 1432 4611 ceti.
1470 4558 1568 4630 Neque
1586 4564 1636 4624 est,
1656 4558 1731 4630 qnod
1749 4575 1793 4611 ur·

99 4645 176 4699 muni
195 4649 364 4697 mortuorum
383 4647 473 4710 statu,
497 4642 564 4714 quis
581 4660 606 4695 v.
624 4648 666 4698 24.
693 4640 761 4696 dicit
782 4642 934 4712 apostolus,
960 4648 1058 4712 geatur
1077 4658 1129 4696 vox
1148 4643 1259 4710 cordis,
1281 4642 1330 4696 illa
1355 4644 1428 4697 enim
1451 4644 1592 4714 significat
1611 4645 1650 4699 rsi
1673 4643 1792 4698 medium

101 4730 177 4803 quod
201 4731 282 4782 Deus
305 4729 484 4782 maritaverit
503 4728 646 4782 Christum
667 4729 768 4782 solatis
788 4729 934 4783 doloribm
960 4745 1016 4782 non
1033 4728 1184 4784 secundum
1195 4727 1419 4790 ,mathematicam
1433 4736 1461 4786 et
1471 4738 1597 4785 exsctsm
1609 4731 1793 4793 minationem,

99 4817 213 4883 mortis,
233 4815 320 4884 justa
339 4816 416 4883 qood
437 4815 610 4882 impossibile
627 4823 705 4883 erut,
730 4831 792 4868 essu
818 4816 854 4868 66
879 4815 934 4870 ilio
960 4813 1009 4868 sed
1024 4815 1106 4885 juxta
1119 4812 1262 4884 physicam
1280 4811 1316 4876 ὡς
1333 4816 1364 4871 la
1379 4814 1478 4872 ulcissi
1492 4817 1710 4882 collocationem,
1730 4833 1793 4871 cum

99 4904 208 4967 teneri;
226 4901 275 4954 sed
298 4917 333 4955 ex
351 4905 429 4956 textu
446 4908 570 4971 apparet,
590 4901 744 4971 apostolum
762 4901 844 4973 plura
862 4917 933 4957 com·
961 4917 1012 4956 nec
1046 4916 1094 4954 cor
1125 4900 1153 4953 in
1186 4899 1352 4956 animalibus
1384 4910 1481 4958 exacte
1509 4904 1630 4958 medium
1659 4904 1792 4960 obtineat

99 4988 191 5060 plecti.
217 4987 336 5054 Quidam
355 4988 384 5041 in
402 4986 501 5058 quinta
513 4987 714 5056 significatione
730 4988 873 5059 accipiunt
884 5006 934 5060 pro
962 4985 1065 5042 Psalm.
1084 4990 1128 5052 46,
1153 5003 1179 5041 v.
1198 4990 1228 5042 ³:
1256 4985 1327 5040 Oum
1351 4989 1532 5043 movebuntur
1559 4999 1664 5045 montes
1690 4991 1720 5044 in
1746 5008 1794 5045 cos·

100 5074 243 5144 sepulcro,
283 5089 356 5145 quae
392 5073 531 5129 sententia
559 5071 728 5129 Calvinianis
762 5075 933 5144 potissimum
961 5074 1098 5138 morium,
1135 5071 1260 5143 Targum
1288 5072 1409 5129 reddidit
1439 5059 1582 5152 wibba,
1610 5076 1640 5129 iss
1666 5076 1794 5146 priapus.

101 5161 221 5225 arridet3
238 5160 287 5214 sed
303 5162 443 5231 apostolus
462 5167 609 5228 utrumque
622 5159 676 5213 sibi
691 5159 934 5216 demonstrandum
960 5158 1063 5214 Erech.
1081 5165 1122 5228 26,
1140 5176 1166 5215 v.
1184 5163 1214 5216 21
1250 5160 1358 5214 Habito
1383 5163 1414 5215 ia
1439 5164 1524 5217 corde
1543 5165 1678 5229 moriam,
1702 5163 1732 5217 id
1752 5170 1795 5218 est

100 5252 282 5316 proposuerat
299 5264 323 5299 v.
343 5249 384 5302 24.
421 5243 563 5299 Christum
582 5260 638 5300 non
655 5245 737 5300 modo
752 5264 769 5298 α
784 5255 872 5300 morte
885 5263 936 5317 per
961 5246 1049 5301 maria
1073 5263 1118 5302 me
1141 5245 1283 5316 ambiunt,
1312 5254 1373 5302 sum
1399 5249 1428 5303 in
1452 5248 1515 5305 loco
1537 5266 1634 5304 securo
1659 5267 1694 5304 sc
1718 5251 1793 5306 forti.

100 5331 353 5398 resuscitationem,
382 5331 430 5385 sed
456 5330 539 5385 etiam
565 5348 584 5383 a
603 5331 747 5384 dolositas
767 5335 866 5386 mortis
885 5350 935 5404 per
961 5333 1025 5389 Huc
1048 5331 1146 5390 referri
1166 5339 1259 5404 potest
1275 5335 1386 5405 regula,
1408 5351 1491 5406 quam
1511 5337 1641 5407 proponit
1659 5341 1687 5391 st
1704 5354 1793 5392 exem·

102 5418 299 5473 exaltationem
318 5417 404 5471 inisse
425 5414 608 5480 liberandum,
627 5415 664 5469 ad
683 5421 831 5488 utrumqne
849 5418 936 5489 igitur
961 5419 1015 5491 plis
1039 5435 1055 5475 e
1077 5417 1222 5490 Scriptura
1244 5421 1339 5491 petitis
1357 5421 1479 5477 illustrat
1498 5422 1626 5480 Sanctius
1648 5426 1676 5477 in
1696 5440 1794 5479 comm.

102 5501 199 5559 referri
222 5502 318 5571 debet,
344 5501 419 5575 quod
444 5500 616 5573 probationis
637 5500 700 5558 loco
717 5518 751 5556 ex
771 5501 871 5559 Psslm.
894 5510 935 5575 16,
961 5504 1035 5560 lissi
1055 5522 1081 5576 p.
1104 5510 1167 5563 itt:
1192 5508 1314 5562 Ptrue‘s
1339 5507 1368 5562 in
1395 5509 1487 5564 medio
1512 5510 1595 5578 jueta
1621 5510 1794 5567 idiotismum
