4050 6014
169 186 230 247 324
829 173 1224 234 mamauuseaxuus

169 332 261 388 minua
279 331 398 387 firmiter
414 337 445 387 et
459 330 617 386 indubitato
637 334 807 396 atatuamua,
827 329 936 385 coelam
948 346 1010 385 eree
1036 331 1156 401 caffari
1173 338 1307 400 poemat,
1331 348 1389 386 non
1411 339 1501 386 errent
1525 347 1622 387 omnes
1637 331 1707 385 ellac
1722 327 1878 400 paceium

170 419 263 473 locum
287 417 409 488 aliquam
434 431 620 487 corporeum,
634 431 726 487 noque
749 416 823 471 ineat
839 415 1010 488 argumentis
1036 417 1154 485 dignam
1171 418 1302 471 meritam
1318 419 1367 472 ari>
1377 418 1599 473 consecutionem
1614 419 1735 483 murae
1751 415 1877 484 alariae,

173 503 202 557 iu
237 503 407 558 mnirarium
442 500 572 555 adductio
602 501 744 556 immotum
776 501 890 572 aliquod
916 500 1009 557 robur.
1036 516 1110 571 guae
1140 503 1237 557 abiate
1265 505 1342 557 omni
1365 504 1504 558 uelamine
1529 503 1702 557 revelabitur
1728 500 1759 554 in
1784 501 1877 566 who.

173 588 245 644 Nam
275 589 300 658 1)
319 587 522 658 appellationes
540 587 607 641 illae
625 594 691 641 eunt
706 586 896 658 parabolicae,
925 594 1010 641 meta·
1036 590 1152 656 quando
1167 591 1359 659 percipiemae
1379 591 1468 659 illud,
1496 591 1574 659 guod
1598 589 1696 644 aculae
1720 604 1777 641 aon
1799 587 1877 642 cidit

174 674 306 745 phoricae
327 691 361 729 ac
379 675 529 745 mysticae,
553 673 655 744 quibua
677 691 733 730 nou
754 681 811 730 tem
830 674 909 728 loeae
926 690 1010 744 quam
1037 679 1089 728 etc.
1121 673 1194 745 Eph.
1213 679 1238 743 1,
1256 693 1282 730 v.
1302 680 1344 731 ιε.
1361 675 1467 730 Gratia
1491 676 1600 729 calcati
1617 674 1686 729 ertia
1704 691 1760 747 per
1778 674 1875 740 fidem,

172 769 263 816 etatae
291 761 437 816 beatorum
468 759 641 814 describitur.
694 763 720 828 1)
747 760 913 832 Ubicunque
940 761 1010 815 coeli
1036 768 1064 812 et
1080 761 1132 814 hoc
1149 778 1206 814 non
1223 778 1258 816 ea
1274 763 1567 825 normanorum
1584 769 1639 825 cet,
1664 777 1690 817 v.
1708 765 1733 816 9.
1759 777 1815 814 non
1842 776 1877 813 ee

172 849 277 903 creatio
295 848 425 918 ponitur,
449 846 615 916 intelligitur
640 846 748 901 vieibile
771 852 801 901 et
818 846 1010 917 adspectahile
1038 847 1176 913 operihaa
1194 863 1230 900 ne
1249 847 1311 915 pair
1323 847 1470 914 glorietur.
1499 845 1571 902 Phil.
1587 851 1612 915 3,
1630 863 1657 901 r.
1676 850 1707 902 tic
1724 844 1876 913 loriano,

171 932 243 988 illud
254 933 371 1001 coelum,
392 934 472 1004 cujua
488 931 600 1002 hloyaea
616 933 644 986 iu
661 931 826 987 hexaimero
843 933 1009 987 mentionem
1037 932 1132 985 omnia
1149 934 1317 987 domnicata
1334 949 1394 987 cece
1407 942 1528 1006 propter
1548 933 1709 987 eminentem
1726 932 1876 987 ieiunam

172 1018 249 1076 iacit
296 1020 325 1085 3)
348 1018 430 1074 Sicut
452 1019 512 1088 ipen
537 1018 634 1072 civitae
656 1017 783 1072 coelestia
806 1034 862 1073 uon
885 1025 928 1072 eat
945 1017 1009 1072 auh·
1036 1019 1109 1071 Jcaa
1131 1017 1239 1074 cariat
1264 1019 1384 1074 Domini
1407 1020 1463 1073 mei
1487 1028 1538 1073 etc.
1574 1017 1630 1075 Tit.
1650 1022 1675 1086 3,
1692 1035 1719 1077 v.
1739 1023 1768 1074 t:
1805 1017 1877 1071 Non

172 1105 279 1160 euntia
290 1105 385 1174 aliqua
395 1120 537 1175 corporea,
557 1104 597 1157 ita
609 1120 720 1175 quoque
733 1109 873 1158 etrucmra
886 1103 1010 1174 ejusdem
1035 1120 1070 1156 en
1087 1105 1227 1174 operibor,
1248 1121 1321 1175 quae
1338 1121 1392 1158 noa
1407 1105 1537 1172 seeirneec,
1554 1106 1606 1158 aad
1621 1105 1775 1158 emendam
1793 1102 1876 1157 miae·

173 1207 231 1246 uon
250 1196 293 1246 eet
312 1206 453 1260 corporea,
472 1190 521 1244 aed
541 1207 591 1260 per
610 1189 731 1242 civitatia
748 1189 822 1243 illiue
843 1191 1010 1244 creationem
1036 1191 1195 1244 ricordiam
1213 1208 1295 1244 auam
1311 1190 1408 1244 caloae
1421 1209 1472 1244 noe
1488 1191 1567 1254 fecit,
1587 1207 1613 1247 v.
1630 1196 1655 1246 ’1.
1674 1197 1706 1243 at
1722 1188 1878 1258 laetificati

174 1278 302 1334 oceleetia
320 1279 426 1349 gloriae
442 1277 628 1332 etfelioitatie
646 1277 820 1346 praeparatio
838 1275 1009 1347 intelligitur.
1036 1277 1127 1345 ipeiar
1152 1278 1249 1346 gratia
1276 1277 1452 1342 afficoeemar
1473 1276 1592 1330 haeder
1615 1277 1769 1329 ceramon
1794 1291 1875 1344 opem

174 1365 206 1432 1)
224 1363 338 1419 Caelum
357 1363 515 1426 beatorum,
532 1369 565 1416 ut
584 1361 711 1431 auperiua
727 1362 898 1431 monuimus,
921 1362 1009 1433 tripli·
1037 1365 1110 1416 citae
1135 1371 1275 1417 aeternae.
1316 1363 1400 1418 iliaco
1426 1362 1509 1417 dictia
1533 1362 1608 1417 adde
1629 1362 1697 1420 Luc.
1720 1366 1761 1432 12,
1778 1378 1805 1417 v.
1825 1363 1874 1418 32:

172 1451 243 1506 citer
258 1455 353 1521 poteet
369 1449 468 1519 accipi,
486 1449 575 1519 primo
594 1449 728 1516 objectiva
746 1456 772 1502 et
787 1449 950 1518 efficienter,
968 1465 1009 1503 ae·
1037 1447 1213 1518 Complacait
1244 1448 1331 1503 Patri
1365 1448 1437 1502 clare
1461 1450 1540 1503 nobie
1574 1464 1692 1516 regnam
1723 1448 1873 1502 coeloram

172 1535 267 1592 eundo
276 1536 455 1603 formaliter,
474 1534 556 1588 tertio
574 1534 735 1602 collective.
772 1533 801 1589 Si
821 1535 910 1603 primo
927 1534 1010 1589 modo
1038 1533 1142 1592 l.'l'im.
1154 1540 1179 1601 t,
1200 1552 1226 1587 v.
1240 1538 1264 1588 2.
1278 1534 1328 1588 ubi
1340 1534 1486 1591 credentee
1504 1535 1636 1589 dicuutur
1648 1536 1698 1601 τῆς
1714 1535 1875 1608 εὐεργεσίας

174 1621 329 1693 accipiatur
349 1619 456 1675 coelum
473 1619 632 1686 beatorum,
650 1626 694 1673 eet
711 1621 772 1690 ipae
791 1619 869 1675 Deua
889 1625 1010 1689 creator3
1036 1618 1327 1696 ἀντιλαμβανόμενοι,
1351 1637 1401 1692 per
1422 1637 1507 1693 quam
1527 1621 1748 1685 bmcficcntiam,
1776 1618 1875 1690 utique

173 1709 197 1763 ei
215 1707 337 1763 aecundo
361 1707 459 1770 modo,
490 1707 598 1760 coelam
626 1704 771 1760 beatorum
798 1711 841 1760 eet
865 1705 1011 1775 aliquida
1036 1707 1458 1779 gratuitam,intelligiturvitae
1467 1704 1873 1763 aeteruaehereditaa.2.'l*im.

172 1794 234 1849 Deo
251 1791 429 1859 distinctum,
452 1791 581 1845 videlicet
599 1790 687 1859 gloria
705 1807 738 1845 ac
757 1791 865 1845 laetitia
883 1791 1011 1845 coelectis
1040 1800 1061 1860 1,
1079 1813 1104 1846 r.
1127 1798 1172 1850 18:
1199 1795 1257 1847 Det
1275 1794 1324 1847 illi
1342 1793 1483 1846 Dominae
1500 1794 1626 1847 invenire
1645 1791 1875 1846 mirericordiam

172 1879 202 1933 in
218 1877 287 1948 ipeia
307 1877 423 1942 muntia,
446 1894 501 1931 nou
523 1883 617 1930 tamen
637 1883 680 1931 eet
703 1876 859 1930 euhetantia
877 1891 1010 1946 corporea
1036 1897 1054 1933 a
1079 1879 1204 1932 Domino
1226 1879 1257 1931 in
1280 1879 1326 1933 die
1352 1879 1413 1934 iilo.
1457 1885 1479 1934 l.
1498 1878 1572 1933 Petr.
1591 1882 1622 1944 3,
1645 1893 1672 1937 v.
1697 1884 1720 1935 ’1.
1745 1876 1875 1931 mdiaree

173 1964 202 2018 in
223 1964 314 2034 prima
331 1963 471 2017 creatione
490 1979 507 2017 a
527 1961 587 2016 Deo
607 1962 755 2032 producta3
774 1963 799 2016 ai
819 1962 901 2017 tertio
920 1962 1010 2029 modu,
1035 1965 1167 2020 dicuntur
1184 1961 1410 2038 συγκληρονόμοι
1425 1960 1543 2038 χάριτος
1563 1966 1638 2032 ζωῆς,
1657 1965 1770 2033 gratiae
1788 1963 1875 2025 citae,

175 2049 293 2105 dicimur
311 2044 369 2104 πού
382 2049 459 2102 illiue
473 2047 674 2118 qrvidditetem,
694 2048 857 2117 qualitatem
873 2063 908 2102 ao
924 2048 1009 2102 eitum
1037 2050 1066 2104 id
1085 2055 1129 2104 eet
1144 2049 1219 2104 vitae
1236 2055 1374 2117 aeternae,
1399 2065 1475 2120 quae
1490 2064 1524 2104 ex
1542 2049 1667 2121 gratuite
1683 2047 1875 2103 misericordia

175 2135 204 2188 in
222 2133 374 2204 Scripturia
394 2151 448 2189 non
466 2149 527 2188 eeee
549 2133 631 2189 nobie
648 2133 778 2198 revelata,
794 2133 857 2188 idco
877 2140 1010 2203 praeatat,
1035 2135 1212 2192 credentibua
1238 2135 1267 2189 in
1292 2134 1432 2191 Christum
1455 2135 1545 2190 datur.
1569 2134 1638 2190 lad.
1661 2135 1743 2204 epiat.
1771 2152 1798 2191 v.
1823 2140 1873 2191 ²1:

174 2220 210 2274 de
230 2221 291 2291 ejua
316 2221 491 2289 poaeeeaione
518 2236 602 2290 quam
631 2225 763 2273 accurata
792 2221 954 2283 infindionc
980 2219 1009 2273 iu
1039 2223 1151 2276 Vosmet
1170 2223 1246 2293 ipaoe
1267 2222 1298 2275 in
1316 2218 1467 2274 dilectione
1486 2228 1593 2274 cereale
1613 2227 1804 2290 amaricatae
1822 2219 1875 2274 mi·

173 2307 226 2362 hac
243 2307 302 2360 vita
322 2305 461 2360 aolicitum
478 2321 547 2359 ecee.
885 2320 890 2328 ·
1035 2308 1223 2362 aericordiam
1249 2307 1370 2360 Domini
1393 2307 1487 2359 noatri
1506 2305 1579 2359 Jeea
1604 2305 1711 2360 Christi
1731 2307 1761 2359 in
1787 2307 1874 2359 oetam

43 2373 161 2465 ,1⁰2¹:32
208 2396 249 2447 ει.
277 2373 375 2456 areo,
395 2391 470 2461 quor
488 2408 577 2466 cama
595 2392 724 2459 ernam
742 2391 918 2460 praemon
936 2391 1010 2446 viae
1036 2401 1189 2449 aaran
1214 2394 1305 2463 upoe.
1321 2396 1363 2460 rr,
1385 2409 1411 2446 v.
1432 2397 1461 2445 e:
1486 2390 1600 2472 sanna
1626 2393 1701 2446 eaeo
1729 2394 1766 2447 aa
1792 2393 1875 2457 rone

45 2476 160 2516 “ww“
175 2484 304 2533 εειεειιεε
322 2477 359 2531 eit
377 2478 469 2548 gratia
479 2475 533 2531 Dei
552 2477 693 2540 salvantia,
711 2476 758 2530 vel
776 2477 851 2546 quod
869 2476 941 2532 idem
959 2482 1011 2544 eet,
1035 2496 1128 2550 aquae
1144 2479 1220 2532 vitae
1237 2477 1338 2547 granio.
1361 2492 1384 2530 c.
1403 2481 1445 2540 12,
1462 2495 1487 2532 v.
1507 2481 1552 2532 l'l:
1581 2476 1638 2539 Qui
1654 2478 1726 2543 nult,
1748 2479 1875 2547 accepiet

30 2527 161 2619 ‹iiiiiiiii'
174 2563 252 2620 Dea
271 2563 360 2634 gratie
379 2564 498 2629 salvane,
516 2566 726 2638 abnegationis
742 2561 907 2634 colligimue,
924 2564 1010 2617 amn
1037 2585 1141 2639 aquam
1163 2566 1238 2620 aiae
1260 2564 1359 2630 ρεαιίε.
1396 2566 1421 2617 1.
1442 2564 1488 2616 En
1505 2563 1627 2617 immolre
1644 2563 1826 2633 argumentis,
1848 2565 1874 2632 1)

175 2657 319 2705 ammom
343 2666 400 2702 non
421 2664 480 2714 ecee
506 2648 627 2701 acroam
650 2664 766 2718 operam
786 2657 946 2703 neutrorum
961 2650 1011 2703 cti-
1037 2671 1070 2707 ea
1092 2652 1221 2720 prataita
1245 2649 1387 2703 electione.
1432 2647 1539 2702 Electio
1563 2648 1599 2702 ad
1623 2648 1708 2704 vitam
1731 2655 1874 2705 aeternam

171 2736 307 2807 pendium
329 2751 386 2803 per
412 2735 515 2788 merita
538 2735 660 2804 propera
684 2750 717 2788 ea
735 2736 874 2804 condigno
893 2754 912 2790 a
929 2735 1012 2790 nobie
1036 2745 1080 2794 eat
1099 2753 1132 2792 ex
1150 2734 1257 2807 gratia,
1283 2750 1341 2788 nou
1363 2750 1398 2788 ex
1423 2733 1562 2804 operibus.
1603 2735 1680 2806 Ergo
1705 2735 1790 2791 etiam
1813 2736 1875 2792 vita

171 2823 387 2891 acquirendam,
402 2822 456 2874 aed
466 2821 620 2889 aaronem
629 2820 824 2875 mirericordia
835 2823 894 2875 Dei
901 2823 1011 2891 daneon,
1036 2830 1150 2879 aeterua
1174 2822 1257 2876 datur
1281 2836 1315 2873 ex
1338 2819 1444 2890 gratia,
1472 2834 1528 2873 uon
1552 2835 1586 2873 ex
1611 2818 1749 2890 operibus.
1781 2821 1808 2890 2)
1826 2823 1875 2876 Ea

174 2925 259 2981 quam
280 2906 460 2962 necmionem
480 2911 575 2961 contm
593 2904 753 2961 Pontificioa
772 2906 930 2962 meritorum
948 2924 1010 2977 pro
1037 2911 1165 2980 ρεαιιιέια
1176 2907 1390 2978 §notificatione
1415 2904 1583 2962 laetificatio
1599 2912 1642 2960 eet
1656 2922 1689 2961 ex
1702 2908 1802 2978 gratim
1816 2924 1874 2962 non

174 2995 299 3066 priorum
320 3000 453 3063 patrouoe
475 2993 503 3047 in
521 2998 630 3047 tractat
650 2992 763 3052 debon.
781 2993 913 3063 operihua
930 2993 1011 3063 §.ti
1037 3013 1072 3052 ex
1100 2995 1238 3066 operibua.
1280 2994 1355 3063 Ergo
1381 2993 1465 3047 etiam
1484 2991 1650 3063 glorificatio
1671 2994 1729 3048 eive
1748 2995 1807 3050 vita
1824 3012 1874 3051 ae·

176 3087 206 3137 et
241 3097 319 3152 seqq.
349 3079 406 3134 late
443 3077 677 3135 confirmavimus.
725 3085 749 3135 1.
780 3081 828 3134 Ec
850 3082 1012 3149 perepimeie
1036 3089 1125 3138 terna.
1158 3083 1185 3146 3)
1205 3083 1252 3135 or
1269 3078 1492 3135 temananaon
1509 3082 1759 3148 praefiguratione.
1784 3081 1875 3137 Terra

177 3168 347 3236 Scriptarae
369 3166 464 3221 dictio.
503 3165 606 3219 Paalm.
628 3169 685 3232 1113,
712 3182 738 3219 v.
758 3171 787 3221 l:
806 3167 948 3220 Dominae
966 3184 1010 3220 oo·
1037 3169 1151 3225 Canaan
1184 3167 1313 3222 oceleetia
1350 3164 1512 3220 hereditatio
1547 3170 1633 3236 typua
1665 3181 1726 3220 nou
1759 3173 1875 3239 prepter

175 3261 259 3308 renat
283 3261 309 3306 te
333 3253 533 3306 misericordia
560 3260 585 3304 et
609 3252 841 3308 minorationihue.
883 3251 950 3307 Eea.
970 3259 1013 3320 ti,
1038 3271 1154 3325 operum
1180 3252 1294 3313 merita,
1326 3251 1374 3305 aad
1405 3267 1439 3306 ex
1468 3251 1591 3322 gratuita
1617 3250 1672 3306 Dei
1701 3252 1875 3324 benignitate

175 3357 202 3396 v.
220 3345 248 3393 1:
278 3338 411 3393 Siticntee
433 3338 522 3392 venie
541 3340 583 3390 ad
606 3354 709 3407 agaae,
735 3339 816 3392 emite
838 3338 943 3407 alapae
965 3357 1011 3391 ar·
1037 3338 1173 3394 Iaraiilitie
1191 3337 1245 3393 11111
1260 3339 1328 3391 data
1347 3339 1430 3391 Deut.
1451 3342 1476 3406 9,
1499 3355 1526 3390 v.
1545 3342 1568 3392 1.
1608 3336 1685 3408 Ergo
1704 3345 1733 3391 et
1751 3339 1811 3393 vita
1827 3354 1874 3394 ae·

176 3431 256 3494 penio
275 3433 301 3478 et
319 3425 423 3493 amque
442 3424 544 3492 pretio.
573 3423 641 3480 Luc.
664 3430 704 3488 17,
718 3442 744 3482 v.
766 3429 811 3480 loz
833 3423 900 3477 (hcm
917 3425 1011 3477 onrnia
1036 3432 1184 3482 ternanoa
1198 3441 1231 3478 ex
1244 3439 1358 3494 operum
1367 3423 1481 3490 multia,
1494 3422 1543 3476 aed
1556 3422 1875 3494 gratuitaDeibeuigni·

175 3509 317 3573 familie,
342 3511 444 3575 dicite,
466 3511 543 3563 cerui
564 3511 679 3564 inoliter
700 3527 805 3566 aarum.
843 3508 960 3563 Roman.
987 3516 1012 3575 h,
1038 3520 1096 3567 tate
1114 3509 1305 3580 spiritualibus
1320 3509 1456 3563 leraillitie
1475 3508 1566 3562 datur.
1596 3508 1624 3576 4)
1645 3510 1691 3562 En
1707 3510 1874 3565 hereditatis

175 3611 203 3650 v.
221 3598 268 3650 aaz
285 3590 422 3668 χάρισμα,
443 3598 547 3650 donum
563 3596 726 3663 preteritum,
756 3595 816 3648 Dei
832 3601 873 3648 ecl
889 3597 948 3648 vita
966 3612 1012 3648 aa·
1039 3598 1240 3668 appellatione.
1285 3595 1352 3651 Vita
1384 3600 1498 3649 aeterua
1523 3596 1607 3648 datur
1634 3594 1815 3650 credentibus
1843 3602 1877 3652 ut

176 3688 257 3736 tuna
280 3680 311 3732 in
335 3679 462 3746 Chrieto,
488 3680 516 3735 iu
540 3697 623 3751 quem
643 3680 733 3735 locum
752 3679 1013 3735 eieoommentatur
1038 3682 1178 3738 hereditas
1197 3680 1262 3735 filiia
1279 3680 1359 3735 Rom.
1372 3685 1397 3745 8,
1417 3697 1443 3734 v.
1463 3686 1500 3735 11.
1519 3680 1623 3735 Colore.
1641 3685 1665 3749 3,
1683 3695 1709 3733 v.
1727 3686 1769 3736 14.
1798 3681 1876 3753 Ergo

176 3764 352 3836 Augustiana
370 3763 419 3818 lib.
440 3765 474 3818 de
493 3771 564 3835 grat
583 3772 611 3820 et
628 3764 675 3820 lib
693 3764 790 3820 arbitr.
810 3782 870 3836 cep.
891 3773 921 3823 ιε
944 3769 1013 3823 stem
1039 3786 1094 3825 non
1105 3767 1247 3823 obtinetur
1258 3784 1292 3821 ex
1304 3782 1417 3836 operum
1431 3766 1546 3831 meritie,
1563 3767 1609 3820 cui
1626 3767 1877 3836 argumentoadde

172 3858 270 3921 peceat
298 3851 406 3916 dicere,
432 3859 457 3905 et
483 3859 557 3904 recte
588 3852 695 3914 dicere,
720 3853 894 3920 elipandiani
921 3862 1013 3906 amem
1040 3855 1184 3925 emphaeiu
1202 3862 1235 3908 'ex
1255 3852 1330 3907 dioto
1351 3852 1454 3907 Chrieti
1472 3851 1559 3908 llarc.
1580 3856 1620 3920 10,
1639 3869 1665 3909 v.
1687 3857 1727 3907 11.
1748 3852 1816 3906 Lac.
1835 3858 1875 3919 le,
1911 3912 1914 3917 f

171 3936 306 4006 jurano
332 3935 392 3990 aito
411 3943 534 4004 aeterna,
554 3937 655 3990 maluit
674 3938 784 4005 (licere,
806 3940 904 4006 pratia
922 3947 1014 3992 autem
1039 3959 1064 3996 v.
1086 3947 1132 3997 17:
1163 3939 1298 4008 eramo
1321 3955 1378 3992 non
1394 3941 1533 4007 receperit
1550 3955 1668 4007 regnam
1686 3939 1746 3992 Dei
1754 3947 1792 3993 at
1805 3955 1875 4009 par·-
1896 3940 1898 3945 ’

178 4022 238 4077 Dei
255 4022 315 4074 nita
333 4027 463 4085 acurna,
489 4021 602 4074 uthina
622 4022 857 4090 intelligeremur,
884 4041 940 4076 non
958 4041 1014 4077 me·
1038 4027 1129 4096 maai,
1149 4043 1204 4080 nan
1224 4025 1343 4079 intrabit
1361 4026 1391 4077 in
1408 4025 1489 4081 illud.
1527 4024 1592 4080 lam
1609 4040 1676 4080 vero
1692 4024 1876 4094 parvulinon

176 4108 243 4162 ritia
259 4107 366 4161 nocuit
383 4107 478 4160 Deam
497 4123 550 4160 noe
567 4110 609 4160 'ad
624 4108 711 4160 vitam
728 4115 874 4162 aeternam
893 4113 946 4164 red
957 4129 1014 4179 pro
1036 4117 1100 4184 jure
1117 4111 1261 4176 mercedis,
1287 4111 1336 4165 aed
1351 4112 1410 4166 eolo
1426 4112 1489 4180 jure
1507 4110 1666 4167 hereditatio
1686 4111 1773 4165 vitam
1788 4115 1876 4166 aeter·

175 4192 445 4248 raomicerieordio
457 4194 627 4262 producere.
667 4192 857 4250 Theodoretaa
881 4196 910 4250 iu
931 4197 1013 4253 eund.
1039 4215 1104 4253 nam
1122 4198 1272 4268 accipiunt,
1290 4197 1442 4252 fatentibue
1459 4195 1620 4252 Pontificiie.
1648 4197 1723 4268 Ergo
1741 4195 1794 4251 ulai
1813 4196 1877 4269 quia

176 4277 245 4338 loe:
273 4277 342 4332 Cum
361 4278 487 4347 tomam
505 4279 541 4332 de
556 4278 616 4330 vita
633 4284 765 4347 aeterna,
791 4298 864 4350 qaae
881 4283 1013 4336 redditur
1038 4286 1098 4340 eolo
1110 4287 1175 4356 jure
1192 4283 1356 4338 hereditatio
1367 4285 1453 4337 vitam
1472 4290 1614 4338 aeternam
1627 4280 1748 4353 aeclpiat
1765 4288 1797 4338 ut
1814 4298 1877 4352 par·

58 4414 59 4417 ,
171 4364 311 4434 jecetitiae,
328 4382 383 4418 non
403 4365 483 4429 dicit,
500 4381 563 4418 eam
577 4380 636 4418 eree
650 4367 805 4418 mercedem
819 4367 870 4419 aed
880 4368 1012 4433 gratiam,
1039 4370 1128 4438 vulne,
1148 4385 1204 4423 nou
1218 4369 1336 4423 intrabit
1349 4369 1377 4422 in
1395 4384 1463 4423 eam.
1497 4368 1525 4435 5)
1538 4369 1585 4422 En
1600 4369 1763 4422 neceaearia
1773 4383 1877 4437 pecca·

176 4457 218 4506 eat
236 4451 310 4504 caim
327 4453 433 4504 donam
449 4451 511 4504 Dei
527 4451 587 4505 uita
606 4459 731 4505 aeterna.
762 4452 913 4523 Cajetanue
932 4452 1013 4508 ibid:
1038 4464 1131 4509 taram
1155 4456 1370 4509 condonatione.
1412 4453 1544 4518 Quotidie
1569 4469 1718 4523 peccamus
1735 4461 1764 4509 et
1781 4453 1877 4509 debita

178 4537 245 4592 Non
263 4537 349 4602 dicit,
364 4544 487 4606 propter
506 4539 651 4606 stipendia
666 4538 792 4605 φἰεειίιίειε
812 4540 873 4592 uita
886 4546 1013 4608 aetem,
1039 4541 1225 4596 contrahimur
1248 4541 1348 4594 Matth.
1369 4546 1395 4604 6,
1420 4557 1445 4591 v.
1468 4544 1507 4595 12.
1534 4539 1610 4610 Ergo
1625 4539 1757 4610 operibue
1774 4541 1876 4596 noctua

177 4622 230 4677 aad
248 4623 351 4676 donam
369 4623 431 4675 Dei
452 4623 512 4676 vita
530 4631 657 4690 aeterna,
679 4632 710 4677 at
728 4623 936 4692 intelligamur,
957 4642 1013 4679 non
1040 4643 1095 4680 non
1118 4643 1256 4682 meremur
1278 4627 1364 4681 vitam
1391 4631 1541 4682 aeternam.
1584 4628 1609 4688 6)
1634 4626 1682 4678 Ea
1700 4627 1797 4678 meriti
1812 4643 1877 4681 con-

177 4725 212 4762 ea
228 4724 345 4776 operum
362 4708 479 4768 meritis,
502 4711 555 4761 ced
573 4725 607 4761 ea
624 4709 750 4777 gratuito
770 4710 829 4764 Dei
834 4711 923 4764 ,dorio
938 4727 1014 4764 acea·
1040 4713 1156 4768 dinam.
1193 4712 1285 4767 hieriti
1304 4717 1406 4765 natura
1423 4709 1554 4779 portulat,
1572 4716 1605 4764 ut
1622 4726 1692 4781 opue
1712 4709 1797 4776 illud,
1820 4726 1876 4782 qao

178 4793 230 4862 pai
253 4811 304 4849 noe
326 4810 383 4864 pro
407 4795 463 4856 fine
488 4795 576 4847 eitam
600 4803 759 4862 aeternam,
787 4803 910 4866 propter
938 4800 1016 4865 paod
1041 4812 1186 4864 meremur,
1206 4799 1244 4852 eit
1261 4805 1394 4865 acetrum,
1412 4801 1445 4848 ut
1462 4796 1499 4850 ait
1517 4813 1587 4867 opue
1606 4796 1769 4864 indebitum,
1788 4802 1821 4851 ut
1841 4797 1878 4851 ait

178 4880 273 4934 aahdd
299 4880 329 4933 in
355 4878 467 4934 Cleriato
486 4880 615 4934 Domino
637 4889 749 4935 noatro:
776 4882 853 4936 Ecce
875 4883 1014 4948 meritam
1040 4882 1109 4936 utile
1128 4889 1214 4952 atque
1232 4882 1407 4936 commodum
1430 4881 1485 4948 illl,
1514 4883 1559 4938 cui
1584 4889 1755 4954 praestatur,
1782 4889 1815 4939 ut
1841 4884 1878 4938 ait

178 4981 240 5020 eoae
257 4966 412 5034 laetitiam,
442 4965 524 5031 calae
548 4967 720 5037 etependiam
744 4974 786 5020 eet
807 4967 866 5020 vita
890 4975 1015 5033 aeterna,
1041 4969 1130 5039 pretio
1149 4975 1178 5022 et
1195 4969 1333 5040 dignitate
1351 4968 1470 5038 aequale
1485 4969 1539 5037 illi,
1567 4971 1640 5040 quod
1661 4985 1711 5040 pro
1728 4986 1813 5040 opere
1828 4987 1878 5025 uo·

60 5073 105 5117 xx,
119 5051 260 5116 eea,nobie
278 5060 371 5106 aretem
389 5053 495 5107 donam
513 5052 626 5105 ratione
645 5052 736 5120 ε’]εείεε
757 5052 871 5106 Cariati.
899 5052 1015 5123 Romi,
1041 5061 1098 5108 atro
1117 5054 1250 5112 redditur.
1281 5053 1411 5109 Ooaterua
1427 5055 1456 5109 in
1473 5054 1575 5109 enchir.
1591 5071 1617 5111 c.
1637 5060 1666 5111 i:
1684 5057 1821 5110 Merimm
1837 5064 1879 5111 cet

177 5154 204 5193 v.
224 5144 270 5197 18:
288 5140 356 5194 Non
372 5147 437 5194 earn
449 5139 607 5207 condignae
620 5140 770 5206 paaeionce
784 5140 869 5208 trojae
882 5141 1016 5208 imparia
1041 5141 1117 5195 actio
1134 5140 1234 5205 libera,
1254 5140 1304 5193 ceci
1323 5156 1427 5194 mercer
1444 5141 1561 5194 deletam
1579 5157 1612 5193 ee
1623 5141 1751 5210 ιφἐεειείία,
1770 5142 1819 5195 cai
1835 5143 1878 5195 in·

178 5225 221 5278 ad
242 5225 374 5287 futuram
396 5226 520 5292 gloriam
544 5229 596 5280 ete.
621 5224 651 5277 iu
674 5240 757 5295 quem
773 5223 865 5279 locum
885 5229 927 5279 eie
942 5241 1015 5281 com·
1041 5224 1491 5294 nairarpropceraeqoalitacem
1522 5225 1650 5282 Becauua
1666 5232 1738 5296 part.
1753 5233 1778 5282 2.
1794 5227 1878 5282 theol.

179 5313 319 5363 meumtur
336 5308 518 5365 Anahelmue:
546 5310 580 5364 se·
596 5310 659 5379 aaa
675 5317 822 5378 pateam
843 5328 937 5364 omnee
946 5327 1015 5382 poe·
1040 5309 1127 5365 echol.
1141 5328 1169 5381 p.
1187 5315 1252 5366 491:
1270 5310 1361 5377 Rigor
1371 5311 1503 5379 jaatitiae
1519 5313 1639 5381 reareirit
1656 5313 1743 5366 tatem
1763 5319 1879 5366 eontra-

178 5411 278 5448 ncram
296 5395 471 5464 arabicam,
492 5413 563 5465 iace
583 5397 613 5449 in
631 5403 753 5465 tempore
763 5397 924 5464 praecentio
940 5356 1029 5454 racel
1041 5405 1126 5462 ctam,
1149 5406 1180 5451 at
1199 5399 1272 5451 inter
1286 5397 1480 5452 contrahentcc
1498 5399 1580 5453 nulla
1597 5400 1756 5454 intercedat
1774 5398 1879 5452 libera·
