<?xml version="1.0" encoding="UTF-8"?>
<!DOCTYPE html PUBLIC "-//W3C//DTD XHTML 1.0 Transitional//EN"
    "http://www.w3.org/TR/xhtml1/DTD/xhtml1-transitional.dtd">
<html xmlns="http://www.w3.org/1999/xhtml" xml:lang="en" lang="en">
 <head>
  <title>
</title>
<meta http-equiv="Content-Type" content="text/html;charset=utf-8" />
  <meta name='ocr-system' content='tesseract 3.04.00' />
  <meta name='ocr-capabilities' content='ocr_page ocr_carea ocr_par ocr_line ocrx_word'/>
</head>
<body>
  <div class='ocr_page' id='page_1' title='image "./locitheologicic02gerhgoog/locitheologicic02gerhgoog_0398.png"; bbox 0 0 4050 6014; ppageno 0'>
   <div class='ocr_carea' id='block_1_1' title="bbox 806 221 1849 292">
    <p class='ocr_par' dir='ltr' id='par_1_1' title="bbox 806 221 1849 292">
     <span class='ocr_line' id='line_1_1' title="bbox 806 221 1849 292; baseline 0.015 -16"><span class='ocrx_word' id='word_1_1' title='bbox 806 221 858 277; x_wconf 79' lang='lat' dir='ltr'><strong>DE</strong></span> <span class='ocrx_word' id='word_1_2' title='bbox 876 221 970 279; x_wconf 75' lang='lat' dir='ltr'><strong>vm</strong></span> <span class='ocrx_word' id='word_1_3' title='bbox 986 223 1176 282; x_wconf 66' lang='lat' dir='ltr'><strong>AETERNA-</strong></span> <span class='ocrx_word' id='word_1_4' title='bbox 1788 232 1849 292; x_wconf 75' lang='lat'><strong>365</strong></span> 
     </span>
    </p>
   </div>
   <div class='ocr_carea' id='block_1_2' title="bbox 138 369 1966 5513">
    <p class='ocr_par' dir='ltr' id='par_1_2' title="bbox 138 369 1966 5513">
     <span class='ocr_line' id='line_1_2' title="bbox 146 369 1966 448; baseline 0.002 -17"><span class='ocrx_word' id='word_1_5' title='bbox 146 369 271 444; x_wconf 58' lang='lat' dir='ltr'><strong>conatu</strong></span> <span class='ocrx_word' id='word_1_6' title='bbox 289 381 340 443; x_wconf 87' lang='lat' dir='ltr'><strong>ert,</strong></span> <span class='ocrx_word' id='word_1_7' title='bbox 364 375 441 446; x_wconf 86' lang='lat' dir='ltr'><strong>quod</strong></span> <span class='ocrx_word' id='word_1_8' title='bbox 459 392 510 446; x_wconf 91' lang='lat' dir='ltr'><strong>per</strong></span> <span class='ocrx_word' id='word_1_9' title='bbox 526 377 668 433; x_wconf 84' lang='lat' dir='ltr'><strong>naturales</strong></span> <span class='ocrx_word' id='word_1_10' title='bbox 685 377 795 433; x_wconf 86' lang='lat' dir='ltr'><strong>animae</strong></span> <span class='ocrx_word' id='word_1_11' title='bbox 808 377 983 447; x_wconf 74' lang='lat' dir='ltr'><strong>operationes</strong></span> <span class='ocrx_word' id='word_1_12' title='bbox 1011 377 1140 446; x_wconf 73' lang='lat' dir='ltr'><strong>uoniam</strong></span> <span class='ocrx_word' id='word_1_13' title='bbox 1151 378 1362 447; x_wconf 79' lang='lat' dir='ltr'><strong>auimalcs3sed</strong></span> <span class='ocrx_word' id='word_1_14' title='bbox 1372 378 1539 448; x_wconf 67' lang='lat' dir='ltr'><strong>spiriuaks</strong></span> <span class='ocrx_word' id='word_1_15' title='bbox 1550 378 1689 433; x_wconf 71' lang='lat' dir='ltr'><strong>lambunt</strong></span> <span class='ocrx_word' id='word_1_16' title='bbox 1697 379 1849 448; x_wconf 83' lang='lat' dir='ltr'><strong>perfectis·</strong></span> <span class='ocrx_word' id='word_1_17' title='bbox 1862 396 1906 439; x_wconf 78' lang='lat' dir='ltr'><strong>xx.</strong></span> <span class='ocrx_word' id='word_1_18' title='bbox 1919 397 1966 442; x_wconf 74' lang='lat' dir='ltr'><strong>un</strong></span> 
     </span>
     <span class='ocr_line' id='line_1_3' title="bbox 145 458 1849 536; baseline 0.005 -22"><span class='ocrx_word' id='word_1_19' title='bbox 145 459 255 532; x_wconf 76' lang='lat' dir='ltr'><strong>regitur</strong></span> <span class='ocrx_word' id='word_1_20' title='bbox 278 476 312 516; x_wconf 86' lang='lat' dir='ltr'><strong>ac</strong></span> <span class='ocrx_word' id='word_1_21' title='bbox 335 466 521 530; x_wconf 70' lang='lat' dir='ltr'><strong>manuscr,</strong></span> <span class='ocrx_word' id='word_1_22' title='bbox 547 479 649 533; x_wconf 89' lang='lat' dir='ltr'><strong>corpus</strong></span> <span class='ocrx_word' id='word_1_23' title='bbox 673 458 881 536; x_wconf 62' lang='lat' dir='ltr'><strong>arremarensis,</strong></span> <span class='ocrx_word' id='word_1_24' title='bbox 909 461 984 534; x_wconf 91' lang='lat' dir='ltr'><strong>qnod</strong></span> <span class='ocrx_word' id='word_1_25' title='bbox 1011 464 1106 517; x_wconf 65' lang='lat' dir='ltr'><strong>umas.</strong></span> <span class='ocrx_word' id='word_1_26' title='bbox 1141 463 1221 520; x_wconf 84' lang='lat' dir='ltr'><strong>Haec</strong></span> <span class='ocrx_word' id='word_1_27' title='bbox 1240 463 1395 521; x_wconf 87' lang='lat' dir='ltr'><strong>Chemnicii</strong></span> <span class='ocrx_word' id='word_1_28' title='bbox 1413 463 1561 534; x_wconf 83' lang='lat' dir='ltr'><strong>explicatio</strong></span> <span class='ocrx_word' id='word_1_29' title='bbox 1576 462 1733 519; x_wconf 81' lang='lat' dir='ltr'><strong>confirmari</strong></span> <span class='ocrx_word' id='word_1_30' title='bbox 1756 469 1849 535; x_wconf 85' lang='lat' dir='ltr'><strong>potest</strong></span> 
     </span>
     <span class='ocr_line' id='line_1_4' title="bbox 146 544 1849 621; baseline 0.004 -20"><span class='ocrx_word' id='word_1_31' title='bbox 146 561 198 616; x_wconf 88' lang='lat' dir='ltr'><strong>per</strong></span> <span class='ocrx_word' id='word_1_32' title='bbox 219 544 348 616; x_wconf 86' lang='lat' dir='ltr'><strong>spiritum</strong></span> <span class='ocrx_word' id='word_1_33' title='bbox 366 546 436 603; x_wconf 85' lang='lat' dir='ltr'><strong>citra</strong></span> <span class='ocrx_word' id='word_1_34' title='bbox 456 545 563 616; x_wconf 92' lang='lat' dir='ltr'><strong>cibum,</strong></span> <span class='ocrx_word' id='word_1_35' title='bbox 589 554 700 618; x_wconf 91' lang='lat' dir='ltr'><strong>potum,</strong></span> <span class='ocrx_word' id='word_1_36' title='bbox 722 564 849 603; x_wconf 89' lang='lat' dir='ltr'><strong>somnum</strong></span> <span class='ocrx_word' id='word_1_37' title='bbox 869 564 903 602; x_wconf 87' lang='lat' dir='ltr'><strong>ac</strong></span> <span class='ocrx_word' id='word_1_38' title='bbox 919 564 983 602; x_wconf 92' lang='lat' dir='ltr'><strong>con·</strong></span> <span class='ocrx_word' id='word_1_39' title='bbox 1011 564 1044 602; x_wconf 85' lang='lat' dir='ltr'><strong>cr</strong></span> <span class='ocrx_word' id='word_1_40' title='bbox 1063 567 1110 618; x_wconf 88' lang='lat' dir='ltr'><strong>eo,</strong></span> <span class='ocrx_word' id='word_1_41' title='bbox 1134 554 1194 605; x_wconf 92' lang='lat' dir='ltr'><strong>tum</strong></span> <span class='ocrx_word' id='word_1_42' title='bbox 1219 550 1295 621; x_wconf 91' lang='lat' dir='ltr'><strong>quod</strong></span> <span class='ocrx_word' id='word_1_43' title='bbox 1319 549 1461 619; x_wconf 86' lang='lat' dir='ltr'><strong>apostolus</strong></span> <span class='ocrx_word' id='word_1_44' title='bbox 1482 549 1639 605; x_wconf 71' lang='lat' dir='ltr'>considerat</span> <span class='ocrx_word' id='word_1_45' title='bbox 1661 549 1782 621; x_wconf 86' lang='lat' dir='ltr'><strong>primum</strong></span> <span class='ocrx_word' id='word_1_46' title='bbox 1799 549 1849 607; x_wconf 86' lang='lat' dir='ltr'><strong>hc·</strong></span> 
     </span>
     <span class='ocr_line' id='line_1_5' title="bbox 143 631 1847 706; baseline 0.002 -19"><span class='ocrx_word' id='word_1_47' title='bbox 143 631 300 689; x_wconf 71' lang='lat' dir='ltr'><strong>coctionem</strong></span> <span class='ocrx_word' id='word_1_48' title='bbox 322 633 439 704; x_wconf 82' lang='lat' dir='ltr'><strong>regitur.</strong></span> <span class='ocrx_word' id='word_1_49' title='bbox 482 633 623 689; x_wconf 86' lang='lat' dir='ltr'><strong>Luthcrus</strong></span> <span class='ocrx_word' id='word_1_50' title='bbox 649 635 679 688; x_wconf 94' lang='lat' dir='ltr'><strong>in</strong></span> <span class='ocrx_word' id='word_1_51' title='bbox 700 650 789 691; x_wconf 85' lang='lat' dir='ltr'><strong>enarr.</strong></span> <span class='ocrx_word' id='word_1_52' title='bbox 815 641 837 692; x_wconf 90' lang='lat'><strong>1.</strong></span> <span class='ocrx_word' id='word_1_53' title='bbox 856 634 917 690; x_wconf 75' lang='lat' dir='ltr'><strong>(ior.</strong></span> <span class='ocrx_word' id='word_1_54' title='bbox 939 640 983 690; x_wconf 76' lang='lat'><strong>15:</strong></span> <span class='ocrx_word' id='word_1_55' title='bbox 1010 634 1121 699; x_wconf 81' lang='lat' dir='ltr'><strong>minem,</strong></span> <span class='ocrx_word' id='word_1_56' title='bbox 1150 652 1206 689; x_wconf 93' lang='lat' dir='ltr'><strong>non</strong></span> <span class='ocrx_word' id='word_1_57' title='bbox 1232 634 1324 706; x_wconf 88' lang='lat' dir='ltr'><strong>qualis</strong></span> <span class='ocrx_word' id='word_1_58' title='bbox 1349 634 1405 690; x_wconf 86' lang='lat' dir='ltr'><strong>fuit</strong></span> <span class='ocrx_word' id='word_1_59' title='bbox 1432 641 1498 690; x_wconf 90' lang='lat' dir='ltr'><strong>ante</strong></span> <span class='ocrx_word' id='word_1_60' title='bbox 1522 634 1633 705; x_wconf 84' lang='lat' dir='ltr'><strong>lapsum</strong></span> <span class='ocrx_word' id='word_1_61' title='bbox 1658 634 1788 690; x_wconf 68' lang='lat' dir='ltr'><strong>munis</strong></span> <span class='ocrx_word' id='word_1_62' title='bbox 1810 635 1847 691; x_wconf 86' lang='lat' dir='ltr'><strong>ab</strong></span> 
     </span>
     <span class='ocr_line' id='line_1_6' title="bbox 143 719 1847 791; baseline 0.002 -19"><span class='ocrx_word' id='word_1_63' title='bbox 143 719 215 772; x_wconf 87' lang='lat' dir='ltr'><strong>Nou</strong></span> <span class='ocrx_word' id='word_1_64' title='bbox 232 719 340 773; x_wconf 65' lang='lat' dir='ltr'><strong>dictur</strong></span> <span class='ocrx_word' id='word_1_65' title='bbox 355 728 512 789; x_wconf 82' lang='lat' dir='ltr'><strong>propterea</strong></span> <span class='ocrx_word' id='word_1_66' title='bbox 532 737 636 790; x_wconf 87' lang='lat' dir='ltr'><strong>corpus</strong></span> <span class='ocrx_word' id='word_1_67' title='bbox 655 721 815 789; x_wconf 70' lang='lat' dir='ltr'><strong>spirituale,</strong></span> <span class='ocrx_word' id='word_1_68' title='bbox 832 722 911 790; x_wconf 82' lang='lat' dir='ltr'><strong>quod</strong></span> <span class='ocrx_word' id='word_1_69' title='bbox 922 737 983 775; x_wconf 92' lang='lat' dir='ltr'><strong>cor·</strong></span> <span class='ocrx_word' id='word_1_70' title='bbox 1009 720 1085 775; x_wconf 90' lang='lat' dir='ltr'><strong>omui</strong></span> <span class='ocrx_word' id='word_1_71' title='bbox 1098 720 1189 774; x_wconf 75' lang='lat' dir='ltr'><strong>carme</strong></span> <span class='ocrx_word' id='word_1_72' title='bbox 1201 720 1352 790; x_wconf 87' lang='lat' dir='ltr'><strong>etspiritns</strong></span> <span class='ocrx_word' id='word_1_73' title='bbox 1365 721 1450 784; x_wconf 84' lang='lat' dir='ltr'><strong>lucta,</strong></span> <span class='ocrx_word' id='word_1_74' title='bbox 1469 720 1519 774; x_wconf 89' lang='lat' dir='ltr'><strong>sed</strong></span> <span class='ocrx_word' id='word_1_75' title='bbox 1534 720 1624 791; x_wconf 82' lang='lat' dir='ltr'><strong>qualis</strong></span> <span class='ocrx_word' id='word_1_76' title='bbox 1639 738 1689 791; x_wconf 85' lang='lat' dir='ltr'><strong>per</strong></span> <span class='ocrx_word' id='word_1_77' title='bbox 1700 725 1847 791; x_wconf 85' lang='lat' dir='ltr'><strong>peccatum</strong></span> 
     </span>
     <span class='ocr_line' id='line_1_7' title="bbox 143 803 1847 877; baseline 0.003 -20"><span class='ocrx_word' id='word_1_78' title='bbox 143 803 290 874; x_wconf 80' lang='lat' dir='ltr'><strong>por-aliter</strong></span> <span class='ocrx_word' id='word_1_79' title='bbox 302 822 358 859; x_wconf 90' lang='lat' dir='ltr'><strong>non</strong></span> <span class='ocrx_word' id='word_1_80' title='bbox 369 806 407 859; x_wconf 88' lang='lat' dir='ltr'><strong>sit</strong></span> <span class='ocrx_word' id='word_1_81' title='bbox 418 805 562 874; x_wconf 85' lang='lat' dir='ltr'><strong>uicturum,</strong></span> <span class='ocrx_word' id='word_1_82' title='bbox 581 823 631 860; x_wconf 89' lang='lat' dir='ltr'><strong>nec</strong></span> <span class='ocrx_word' id='word_1_83' title='bbox 650 822 763 861; x_wconf 77' lang='lat' dir='ltr'><strong>carrum</strong></span> <span class='ocrx_word' id='word_1_84' title='bbox 781 815 806 860; x_wconf 88' lang='lat' dir='ltr'><strong>et</strong></span> <span class='ocrx_word' id='word_1_85' title='bbox 818 807 983 876; x_wconf 67' lang='lat' dir='ltr'><strong>sanquinem</strong></span> <span class='ocrx_word' id='word_1_86' title='bbox 1009 805 1102 860; x_wconf 86' lang='lat' dir='ltr'><strong>factus</strong></span> <span class='ocrx_word' id='word_1_87' title='bbox 1121 812 1165 862; x_wconf 90' lang='lat' dir='ltr'><strong>est</strong></span> <span class='ocrx_word' id='word_1_88' title='bbox 1182 812 1246 876; x_wconf 92' lang='lat' dir='ltr'><strong>post</strong></span> <span class='ocrx_word' id='word_1_89' title='bbox 1263 806 1381 876; x_wconf 90' lang='lat' dir='ltr'><strong>lapsum,</strong></span> <span class='ocrx_word' id='word_1_90' title='bbox 1401 805 1514 877; x_wconf 89' lang='lat' dir='ltr'><strong>qnando</strong></span> <span class='ocrx_word' id='word_1_91' title='bbox 1532 805 1641 877; x_wconf 91' lang='lat' dir='ltr'><strong>accepit</strong></span> <span class='ocrx_word' id='word_1_92' title='bbox 1660 823 1761 876; x_wconf 90' lang='lat' dir='ltr'><strong>corpus</strong></span> <span class='ocrx_word' id='word_1_93' title='bbox 1774 822 1847 862; x_wconf 86' lang='lat' dir='ltr'><strong>mor·</strong></span> 
     </span>
     <span class='ocr_line' id='line_1_8' title="bbox 143 890 1846 962; baseline 0.001 -18"><span class='ocrx_word' id='word_1_94' title='bbox 143 890 320 959; x_wconf 68' lang='lat' dir='ltr'><strong>habituum,</strong></span> <span class='ocrx_word' id='word_1_95' title='bbox 343 891 474 960; x_wconf 80' lang='lat' dir='ltr'><strong>alioquin</strong></span> <span class='ocrx_word' id='word_1_96' title='bbox 496 893 570 946; x_wconf 89' lang='lat' dir='ltr'><strong>enim</strong></span> <span class='ocrx_word' id='word_1_97' title='bbox 594 909 689 946; x_wconf 87' lang='lat' dir='ltr'><strong>oerum</strong></span> <span class='ocrx_word' id='word_1_98' title='bbox 717 909 821 962; x_wconf 88' lang='lat' dir='ltr'><strong>corpus</strong></span> <span class='ocrx_word' id='word_1_99' title='bbox 845 893 907 947; x_wconf 84' lang='lat' dir='ltr'><strong>alisi</strong></span> <span class='ocrx_word' id='word_1_100' title='bbox 926 910 983 947; x_wconf 90' lang='lat' dir='ltr'><strong>non</strong></span> <span class='ocrx_word' id='word_1_101' title='bbox 1010 890 1066 945; x_wconf 88' lang='lat' dir='ltr'><strong>tale</strong></span> <span class='ocrx_word' id='word_1_102' title='bbox 1094 907 1126 946; x_wconf 87' lang='lat' dir='ltr'><strong>sc</strong></span> <span class='ocrx_word' id='word_1_103' title='bbox 1153 898 1279 946; x_wconf 71' lang='lat' dir='ltr'><strong>terrem</strong></span> <span class='ocrx_word' id='word_1_104' title='bbox 1305 891 1398 945; x_wconf 85' lang='lat' dir='ltr'><strong>iactus</strong></span> <span class='ocrx_word' id='word_1_105' title='bbox 1426 890 1529 945; x_wconf 89' lang='lat' dir='ltr'><strong>dicitur</strong></span> <span class='ocrx_word' id='word_1_106' title='bbox 1553 909 1578 945; x_wconf 83' lang='lat' dir='ltr'><strong>r.</strong></span> <span class='ocrx_word' id='word_1_107' title='bbox 1599 896 1641 946; x_wconf 80' lang='lat'><strong>47.</strong></span> <span class='ocrx_word' id='word_1_108' title='bbox 1665 908 1721 946; x_wconf 91' lang='lat' dir='ltr'><strong>non</strong></span> <span class='ocrx_word' id='word_1_109' title='bbox 1737 896 1846 946; x_wconf 69' lang='lat' dir='ltr'><strong>mutum</strong></span> 
     </span>
     <span class='ocr_line' id='line_1_9' title="bbox 140 975 1846 1049; baseline 0.001 -17"><span class='ocrx_word' id='word_1_110' title='bbox 140 976 251 1046; x_wconf 55' lang='lat' dir='ltr'><strong>possim</strong></span> <span class='ocrx_word' id='word_1_111' title='bbox 274 978 328 1032; x_wconf 83' lang='lat' dir='ltr'><strong>sed</strong></span> <span class='ocrx_word' id='word_1_112' title='bbox 351 978 416 1032; x_wconf 81' lang='lat' dir='ltr'><strong>ideo</strong></span> <span class='ocrx_word' id='word_1_113' title='bbox 440 978 593 1049; x_wconf 88' lang='lat' dir='ltr'><strong>spirituale</strong></span> <span class='ocrx_word' id='word_1_114' title='bbox 619 978 739 1046; x_wconf 82' lang='lat' dir='ltr'><strong>dicitur,</strong></span> <span class='ocrx_word' id='word_1_115' title='bbox 768 980 846 1048; x_wconf 80' lang='lat' dir='ltr'><strong>qnod</strong></span> <span class='ocrx_word' id='word_1_116' title='bbox 869 980 982 1047; x_wconf 82' lang='lat' dir='ltr'><strong>quidem</strong></span> <span class='ocrx_word' id='word_1_117' title='bbox 1009 978 1121 1031; x_wconf 86' lang='lat' dir='ltr'><strong>ratione</strong></span> <span class='ocrx_word' id='word_1_118' title='bbox 1142 976 1277 1045; x_wconf 81' lang='lat' dir='ltr'><strong>oripinis,</strong></span> <span class='ocrx_word' id='word_1_119' title='bbox 1304 975 1353 1031; x_wconf 85' lang='lat' dir='ltr'><strong>sed</strong></span> <span class='ocrx_word' id='word_1_120' title='bbox 1376 975 1461 1032; x_wconf 84' lang='lat' dir='ltr'><strong>ctiam</strong></span> <span class='ocrx_word' id='word_1_121' title='bbox 1485 993 1518 1032; x_wconf 82' lang='lat' dir='ltr'><strong>uc</strong></span> <span class='ocrx_word' id='word_1_122' title='bbox 1536 978 1582 1032; x_wconf 83' lang='lat' dir='ltr'><strong>vel</strong></span> <span class='ocrx_word' id='word_1_123' title='bbox 1599 977 1718 1032; x_wconf 86' lang='lat' dir='ltr'><strong>maxime</strong></span> <span class='ocrx_word' id='word_1_124' title='bbox 1735 978 1846 1033; x_wconf 73' lang='lat' dir='ltr'><strong>raama</strong></span> 
     </span>
     <span class='ocr_line' id='line_1_10' title="bbox 142 1062 1846 1133; baseline 0.001 -18"><span class='ocrx_word' id='word_1_125' title='bbox 142 1062 182 1115; x_wconf 86' lang='lat' dir='ltr'><strong>sit</strong></span> <span class='ocrx_word' id='word_1_126' title='bbox 199 1062 353 1132; x_wconf 65' lang='lat' dir='ltr'><strong>emturum,</strong></span> <span class='ocrx_word' id='word_1_127' title='bbox 376 1065 430 1118; x_wconf 79' lang='lat' dir='ltr'><strong>sed</strong></span> <span class='ocrx_word' id='word_1_128' title='bbox 455 1080 511 1116; x_wconf 88' lang='lat' dir='ltr'><strong>non</strong></span> <span class='ocrx_word' id='word_1_129' title='bbox 533 1072 734 1132; x_wconf 83' lang='lat' dir='ltr'><strong>comesturum,</strong></span> <span class='ocrx_word' id='word_1_130' title='bbox 748 1082 805 1118; x_wconf 89' lang='lat' dir='ltr'><strong>nou</strong></span> <span class='ocrx_word' id='word_1_131' title='bbox 824 1064 983 1133; x_wconf 79' lang='lat' dir='ltr'><strong>bibiturum,</strong></span> <span class='ocrx_word' id='word_1_132' title='bbox 1010 1063 1176 1117; x_wconf 86' lang='lat' dir='ltr'><strong>vitiosarum</strong></span> <span class='ocrx_word' id='word_1_133' title='bbox 1205 1063 1375 1132; x_wconf 75' lang='lat' dir='ltr'><strong>qualitatum</strong></span> <span class='ocrx_word' id='word_1_134' title='bbox 1402 1071 1429 1117; x_wconf 92' lang='lat' dir='ltr'><strong>et</strong></span> <span class='ocrx_word' id='word_1_135' title='bbox 1451 1063 1665 1118; x_wconf 71' lang='lat' dir='ltr'><strong>inclinationum</strong></span> <span class='ocrx_word' id='word_1_136' title='bbox 1686 1079 1846 1131; x_wconf 62' lang='lat' dir='ltr'><strong>praecum</strong></span> 
     </span>
     <span class='ocr_line' id='line_1_11' title="bbox 143 1148 1846 1220; baseline -0.001 -15"><span class='ocrx_word' id='word_1_137' title='bbox 143 1164 201 1205; x_wconf 78' lang='lat' dir='ltr'><strong>non</strong></span> <span class='ocrx_word' id='word_1_138' title='bbox 224 1148 427 1218; x_wconf 76' lang='lat' dir='ltr'><strong>domsiturum,</strong></span> <span class='ocrx_word' id='word_1_139' title='bbox 445 1167 502 1204; x_wconf 91' lang='lat' dir='ltr'><strong>non</strong></span> <span class='ocrx_word' id='word_1_140' title='bbox 521 1158 731 1220; x_wconf 75' lang='lat' dir='ltr'><strong>concoctarum,</strong></span> <span class='ocrx_word' id='word_1_141' title='bbox 758 1167 855 1205; x_wconf 88' lang='lat' dir='ltr'><strong>oerum</strong></span> <span class='ocrx_word' id='word_1_142' title='bbox 879 1171 898 1205; x_wconf 92' lang='lat' dir='ltr'><strong>a</strong></span> <span class='ocrx_word' id='word_1_143' title='bbox 921 1151 983 1205; x_wconf 86' lang='lat' dir='ltr'><strong>solo</strong></span> <span class='ocrx_word' id='word_1_144' title='bbox 1009 1156 1107 1204; x_wconf 88' lang='lat' dir='ltr'><strong>contra</strong></span> <span class='ocrx_word' id='word_1_145' title='bbox 1119 1148 1174 1204; x_wconf 91' lang='lat' dir='ltr'><strong>Dei</strong></span> <span class='ocrx_word' id='word_1_146' title='bbox 1193 1150 1286 1220; x_wconf 73' lang='lat' dir='ltr'><strong>legem</strong></span> <span class='ocrx_word' id='word_1_147' title='bbox 1304 1148 1454 1218; x_wconf 87' lang='lat' dir='ltr'><strong>ruentium,</strong></span> <span class='ocrx_word' id='word_1_148' title='bbox 1470 1149 1595 1219; x_wconf 85' lang='lat' dir='ltr'><strong>adeoque</strong></span> <span class='ocrx_word' id='word_1_149' title='bbox 1609 1154 1737 1218; x_wconf 87' lang='lat' dir='ltr'><strong>respectu</strong></span> <span class='ocrx_word' id='word_1_150' title='bbox 1749 1148 1846 1205; x_wconf 82' lang='lat' dir='ltr'><strong>habito</strong></span> 
     </span>
     <span class='ocr_line' id='line_1_12' title="bbox 145 1233 1846 1306; baseline 0.002 -19"><span class='ocrx_word' id='word_1_151' title='bbox 145 1235 209 1287; x_wconf 90' lang='lat' dir='ltr'><strong>Deo</strong></span> <span class='ocrx_word' id='word_1_152' title='bbox 235 1233 386 1287; x_wconf 66' lang='lat' dir='ltr'><strong>abundum</strong></span> <span class='ocrx_word' id='word_1_153' title='bbox 413 1241 441 1287; x_wconf 90' lang='lat' dir='ltr'><strong>st</strong></span> <span class='ocrx_word' id='word_1_154' title='bbox 463 1238 690 1305; x_wconf 75' lang='lat' dir='ltr'><strong>uutemaudum,</strong></span> <span class='ocrx_word' id='word_1_155' title='bbox 715 1239 745 1291; x_wconf 91' lang='lat' dir='ltr'><strong>in</strong></span> <span class='ocrx_word' id='word_1_156' title='bbox 768 1254 823 1305; x_wconf 82' lang='lat' dir='ltr'><strong>quo</strong></span> <span class='ocrx_word' id='word_1_157' title='bbox 848 1244 875 1290; x_wconf 88' lang='lat' dir='ltr'><strong>et</strong></span> <span class='ocrx_word' id='word_1_158' title='bbox 896 1238 983 1291; x_wconf 84' lang='lat' dir='ltr'><strong>eitam</strong></span> <span class='ocrx_word' id='word_1_159' title='bbox 1009 1235 1045 1290; x_wconf 88' lang='lat' dir='ltr'><strong>ad</strong></span> <span class='ocrx_word' id='word_1_160' title='bbox 1056 1241 1160 1290; x_wconf 86' lang='lat' dir='ltr'><strong>statum</strong></span> <span class='ocrx_word' id='word_1_161' title='bbox 1173 1235 1357 1306; x_wconf 78' lang='lat' dir='ltr'><strong>corruptionis</strong></span> <span class='ocrx_word' id='word_1_162' title='bbox 1370 1234 1510 1305; x_wconf 83' lang='lat' dir='ltr'><strong>&#39;adjuncta</strong></span> <span class='ocrx_word' id='word_1_163' title='bbox 1523 1243 1552 1292; x_wconf 84' lang='lat' dir='ltr'><strong>et</strong></span> <span class='ocrx_word' id='word_1_164' title='bbox 1567 1235 1683 1290; x_wconf 85' lang='lat' dir='ltr'><strong>effectus</strong></span> <span class='ocrx_word' id='word_1_165' title='bbox 1705 1235 1801 1305; x_wconf 86' lang='lat' dir='ltr'><strong>lapsus</strong></span> <span class='ocrx_word' id='word_1_166' title='bbox 1816 1233 1846 1291; x_wconf 87' lang='lat' dir='ltr'><strong>in</strong></span> 
     </span>
     <span class='ocr_line' id='line_1_13' title="bbox 143 1318 1847 1393; baseline 0.002 -20"><span class='ocrx_word' id='word_1_167' title='bbox 143 1318 309 1373; x_wconf 79' lang='lat' dir='ltr'><strong>babituram</strong></span> <span class='ocrx_word' id='word_1_168' title='bbox 327 1326 379 1376; x_wconf 86' lang='lat' dir='ltr'><strong>est.</strong></span> <span class='ocrx_word' id='word_1_169' title='bbox 415 1321 545 1392; x_wconf 81' lang='lat' dir='ltr'><strong>Corpora</strong></span> <span class='ocrx_word' id='word_1_170' title='bbox 564 1329 676 1388; x_wconf 85' lang='lat' dir='ltr'><strong>nostra,</strong></span> <span class='ocrx_word' id='word_1_171' title='bbox 696 1321 788 1393; x_wconf 89' lang='lat' dir='ltr'><strong>inquit</strong></span> <span class='ocrx_word' id='word_1_172' title='bbox 804 1321 981 1377; x_wconf 87' lang='lat' dir='ltr'><strong>Chemnicius</strong></span> <span class='ocrx_word' id='word_1_173' title='bbox 1008 1338 1039 1377; x_wconf 88' lang='lat' dir='ltr'><strong>se</strong></span> <span class='ocrx_word' id='word_1_174' title='bbox 1060 1321 1296 1391; x_wconf 80' lang='lat' dir='ltr'><strong>complectentem</strong></span> <span class='ocrx_word' id='word_1_175' title='bbox 1345 1318 1465 1384; x_wconf 83' lang='lat' dir='ltr'><strong>Quando</strong></span> <span class='ocrx_word' id='word_1_176' title='bbox 1489 1336 1557 1391; x_wconf 76' lang='lat' dir='ltr'><strong>ergo</strong></span> <span class='ocrx_word' id='word_1_177' title='bbox 1580 1319 1690 1374; x_wconf 75' lang='lat' dir='ltr'><strong>Ademo</strong></span> <span class='ocrx_word' id='word_1_178' title='bbox 1713 1320 1847 1376; x_wconf 79' lang='lat' dir='ltr'><strong>tribuitur</strong></span> 
     </span>
     <span class='ocr_line' id='line_1_14' title="bbox 144 1403 1846 1477; baseline 0.001 -18"><span class='ocrx_word' id='word_1_179' title='bbox 144 1405 163 1459; x_wconf 94' lang='lat' dir='ltr'><strong>l.</strong></span> <span class='ocrx_word' id='word_1_180' title='bbox 182 1403 218 1459; x_wconf 91' lang='lat' dir='ltr'><strong>de</strong></span> <span class='ocrx_word' id='word_1_181' title='bbox 237 1403 323 1460; x_wconf 84' lang='lat' dir='ltr'><strong>duab.</strong></span> <span class='ocrx_word' id='word_1_182' title='bbox 341 1411 433 1465; x_wconf 86' lang='lat' dir='ltr'><strong>natur.</strong></span> <span class='ocrx_word' id='word_1_183' title='bbox 452 1405 481 1460; x_wconf 92' lang='lat' dir='ltr'><strong>in</strong></span> <span class='ocrx_word' id='word_1_184' title='bbox 494 1405 606 1463; x_wconf 85' lang='lat' dir='ltr'><strong>Christo</strong></span> <span class='ocrx_word' id='word_1_185' title='bbox 624 1423 648 1461; x_wconf 91' lang='lat' dir='ltr'><strong>c.</strong></span> <span class='ocrx_word' id='word_1_186' title='bbox 667 1411 709 1462; x_wconf 90' lang='grc'><strong>30.</strong></span> <span class='ocrx_word' id='word_1_187' title='bbox 726 1424 754 1477; x_wconf 92' lang='lat' dir='ltr'><strong>p.</strong></span> <span class='ocrx_word' id='word_1_188' title='bbox 768 1413 828 1466; x_wconf 80' lang='lat' dir='ltr'><strong>tte.</strong></span> <span class='ocrx_word' id='word_1_189' title='bbox 845 1415 981 1462; x_wconf 83' lang='lat' dir='ltr'><strong>vocantur</strong></span> <span class='ocrx_word' id='word_1_190' title='bbox 1008 1423 1108 1476; x_wconf 90' lang='lat' dir='ltr'><strong>corpus</strong></span> <span class='ocrx_word' id='word_1_191' title='bbox 1133 1406 1254 1460; x_wconf 66' lang='lat' dir='ltr'><strong>ammam</strong></span> <span class='ocrx_word' id='word_1_192' title='bbox 1279 1411 1308 1460; x_wconf 88' lang='lat' dir='ltr'><strong>et</strong></span> <span class='ocrx_word' id='word_1_193' title='bbox 1330 1406 1443 1476; x_wconf 86' lang='lat' dir='ltr'><strong>quando</strong></span> <span class='ocrx_word' id='word_1_194' title='bbox 1467 1423 1518 1460; x_wconf 92' lang='lat' dir='ltr'><strong>nos</strong></span> <span class='ocrx_word' id='word_1_195' title='bbox 1541 1405 1578 1460; x_wconf 86' lang='lat' dir='ltr'><strong>ab</strong></span> <span class='ocrx_word' id='word_1_196' title='bbox 1596 1405 1707 1460; x_wconf 79' lang='lat' dir='ltr'><strong>Adamo</strong></span> <span class='ocrx_word' id='word_1_197' title='bbox 1727 1405 1846 1461; x_wconf 83' lang='lat' dir='ltr'><strong>dicimur</strong></span> 
     </span>
     <span class='ocr_line' id='line_1_15' title="bbox 143 1487 1843 1562; baseline 0.002 -19"><span class='ocrx_word' id='word_1_198' title='bbox 143 1489 174 1543; x_wconf 91' lang='lat' dir='ltr'><strong>in</strong></span> <span class='ocrx_word' id='word_1_199' title='bbox 186 1490 241 1543; x_wconf 76' lang='lat' dir='ltr'><strong>isac</strong></span> <span class='ocrx_word' id='word_1_200' title='bbox 253 1491 314 1544; x_wconf 86' lang='lat' dir='ltr'><strong>uita</strong></span> <span class='ocrx_word' id='word_1_201' title='bbox 328 1487 444 1562; x_wconf 79' lang='grc' dir='ltr'><strong><em>ψυχινά,</em></strong></span> <span class='ocrx_word' id='word_1_202' title='bbox 463 1508 519 1545; x_wconf 89' lang='lat' dir='ltr'><strong>non</strong></span> <span class='ocrx_word' id='word_1_203' title='bbox 536 1495 614 1562; x_wconf 79' lang='lat' dir='ltr'><strong>quod</strong></span> <span class='ocrx_word' id='word_1_204' title='bbox 628 1492 658 1544; x_wconf 90' lang='lat' dir='ltr'><strong>in</strong></span> <span class='ocrx_word' id='word_1_205' title='bbox 677 1494 801 1546; x_wconf 87' lang='lat' dir='ltr'><strong>animam</strong></span> <span class='ocrx_word' id='word_1_206' title='bbox 818 1493 875 1547; x_wconf 88' lang='lat' dir='ltr'><strong>sint</strong></span> <span class='ocrx_word' id='word_1_207' title='bbox 888 1502 980 1547; x_wconf 90' lang='lat' dir='ltr'><strong>trans·</strong></span> <span class='ocrx_word' id='word_1_208' title='bbox 1007 1493 1135 1562; x_wconf 89' lang='lat' dir='ltr'><strong>accipere</strong></span> <span class='ocrx_word' id='word_1_209' title='bbox 1156 1508 1257 1561; x_wconf 88' lang='lat' dir='ltr'><strong>corpus</strong></span> <span class='ocrx_word' id='word_1_210' title='bbox 1277 1491 1405 1557; x_wconf 89' lang='lat' dir='ltr'><strong>animale,</strong></span> <span class='ocrx_word' id='word_1_211' title='bbox 1423 1509 1479 1547; x_wconf 93' lang='lat' dir='ltr'><strong>non</strong></span> <span class='ocrx_word' id='word_1_212' title='bbox 1496 1497 1605 1546; x_wconf 90' lang='lat' dir='ltr'><strong>tantum</strong></span> <span class='ocrx_word' id='word_1_213' title='bbox 1623 1492 1660 1547; x_wconf 85' lang='lat' dir='ltr'><strong>ad</strong></span> <span class='ocrx_word' id='word_1_214' title='bbox 1676 1490 1741 1559; x_wconf 92' lang='lat' dir='ltr'><strong>cibi,</strong></span> <span class='ocrx_word' id='word_1_215' title='bbox 1758 1497 1843 1562; x_wconf 84' lang='lat' dir='ltr'><strong>potus</strong></span> 
     </span>
     <span class='ocr_line' id='line_1_16' title="bbox 143 1577 1843 1648; baseline 0.001 -18"><span class='ocrx_word' id='word_1_216' title='bbox 143 1582 255 1630; x_wconf 65' lang='lat' dir='ltr'><strong>munta</strong></span> <span class='ocrx_word' id='word_1_217' title='bbox 279 1584 329 1631; x_wconf 88' lang='lat' dir='ltr'><strong>aut</strong></span> <span class='ocrx_word' id='word_1_218' title='bbox 347 1577 477 1645; x_wconf 84' lang='lat' dir='ltr'><strong>ejusdem</strong></span> <span class='ocrx_word' id='word_1_219' title='bbox 495 1595 558 1632; x_wconf 88' lang='lat' dir='ltr'><strong>cum</strong></span> <span class='ocrx_word' id='word_1_220' title='bbox 578 1579 675 1633; x_wconf 90' lang='lat' dir='ltr'><strong>anima</strong></span> <span class='ocrx_word' id='word_1_221' title='bbox 697 1579 880 1642; x_wconf 84' lang='lat' dir='ltr'><strong>substantiae,</strong></span> <span class='ocrx_word' id='word_1_222' title='bbox 907 1596 979 1648; x_wconf 86' lang='lat' dir='ltr'><strong>quae</strong></span> <span class='ocrx_word' id='word_1_223' title='bbox 1007 1585 1036 1634; x_wconf 86' lang='lat' dir='ltr'><strong>et</strong></span> <span class='ocrx_word' id='word_1_224' title='bbox 1061 1578 1180 1633; x_wconf 85' lang='lat' dir='ltr'><strong>vestium</strong></span> <span class='ocrx_word' id='word_1_225' title='bbox 1204 1594 1284 1632; x_wconf 88' lang='lat' dir='ltr'><strong>nsum</strong></span> <span class='ocrx_word' id='word_1_226' title='bbox 1309 1584 1338 1632; x_wconf 88' lang='lat' dir='ltr'><strong>et</strong></span> <span class='ocrx_word' id='word_1_227' title='bbox 1365 1578 1402 1631; x_wconf 93' lang='lat' dir='ltr'><strong>ad</strong></span> <span class='ocrx_word' id='word_1_228' title='bbox 1428 1578 1515 1633; x_wconf 83' lang='lat' dir='ltr'><strong>vitam</strong></span> <span class='ocrx_word' id='word_1_229' title='bbox 1540 1578 1570 1632; x_wconf 89' lang='lat' dir='ltr'><strong>in</strong></span> <span class='ocrx_word' id='word_1_230' title='bbox 1588 1578 1669 1633; x_wconf 83' lang='lat' dir='ltr'><strong>terris</strong></span> <span class='ocrx_word' id='word_1_231' title='bbox 1687 1578 1843 1646; x_wconf 80' lang='lat' dir='ltr'><strong>animalem,</strong></span> 
     </span>
     <span class='ocr_line' id='line_1_17' title="bbox 142 1661 1844 1735; baseline 0.001 -19"><span class='ocrx_word' id='word_1_232' title='bbox 142 1669 185 1716; x_wconf 88' lang='lat' dir='ltr'><strong>est</strong></span> <span class='ocrx_word' id='word_1_233' title='bbox 200 1661 365 1731; x_wconf 88' lang='lat' dir='ltr'><strong>spiritualis</strong></span> <span class='ocrx_word' id='word_1_234' title='bbox 382 1665 518 1731; x_wconf 66' lang='lat' dir='ltr'><strong>essenua,</strong></span> <span class='ocrx_word' id='word_1_235' title='bbox 542 1667 594 1719; x_wconf 85' lang='lat' dir='ltr'><strong>sed</strong></span> <span class='ocrx_word' id='word_1_236' title='bbox 616 1666 685 1733; x_wconf 79' lang='lat' dir='ltr'><strong>quia</strong></span> <span class='ocrx_word' id='word_1_237' title='bbox 708 1682 765 1717; x_wconf 90' lang='lat' dir='ltr'><strong>non</strong></span> <span class='ocrx_word' id='word_1_238' title='bbox 788 1681 817 1717; x_wconf 89' lang='lat' dir='ltr'><strong>se</strong></span> <span class='ocrx_word' id='word_1_239' title='bbox 841 1666 913 1735; x_wconf 90' lang='lat' dir='ltr'><strong>ipsis</strong></span> <span class='ocrx_word' id='word_1_240' title='bbox 931 1674 980 1720; x_wconf 87' lang='lat' dir='ltr'><strong>cat</strong></span> <span class='ocrx_word' id='word_1_241' title='bbox 1006 1663 1152 1719; x_wconf 87' lang='lat' dir='ltr'><strong>sedetiam</strong></span> <span class='ocrx_word' id='word_1_242' title='bbox 1166 1662 1202 1717; x_wconf 91' lang='lat' dir='ltr'><strong>ad</strong></span> <span class='ocrx_word' id='word_1_243' title='bbox 1215 1663 1418 1733; x_wconf 85' lang='lat' dir='ltr'><strong>corruptionem</strong></span> <span class='ocrx_word' id='word_1_244' title='bbox 1436 1678 1487 1734; x_wconf 87' lang='lat' dir='ltr'><strong>per</strong></span> <span class='ocrx_word' id='word_1_245' title='bbox 1499 1669 1644 1733; x_wconf 88' lang='lat' dir='ltr'><strong>peccatum</strong></span> <span class='ocrx_word' id='word_1_246' title='bbox 1657 1663 1844 1718; x_wconf 83' lang='lat' dir='ltr'><strong>introductam</strong></span> 
     </span>
     <span class='ocr_line' id='line_1_18' title="bbox 142 1747 1844 1821; baseline 0.002 -21"><span class='ocrx_word' id='word_1_247' title='bbox 142 1748 271 1816; x_wconf 88' lang='lat' dir='ltr'><strong>propriis</strong></span> <span class='ocrx_word' id='word_1_248' title='bbox 295 1756 401 1803; x_wconf 89' lang='lat' dir='ltr'><strong>tantum</strong></span> <span class='ocrx_word' id='word_1_249' title='bbox 424 1750 485 1802; x_wconf 87' lang='lat' dir='ltr'><strong>suis</strong></span> <span class='ocrx_word' id='word_1_250' title='bbox 509 1751 653 1821; x_wconf 81' lang='lat' dir='ltr'><strong>corporeis</strong></span> <span class='ocrx_word' id='word_1_251' title='bbox 671 1750 887 1820; x_wconf 80' lang='lat' dir='ltr'><strong>conditionibus,</strong></span> <span class='ocrx_word' id='word_1_252' title='bbox 909 1769 978 1821; x_wconf 91' lang='lat' dir='ltr'><strong>pro·</strong></span> <span class='ocrx_word' id='word_1_253' title='bbox 1006 1754 1149 1819; x_wconf 84' lang='lat' dir='ltr'><strong>respectus</strong></span> <span class='ocrx_word' id='word_1_254' title='bbox 1183 1747 1317 1812; x_wconf 87' lang='lat' dir='ltr'><strong>habetur,</strong></span> <span class='ocrx_word' id='word_1_255' title='bbox 1349 1764 1384 1803; x_wconf 88' lang='lat' dir='ltr'><strong>ac</strong></span> <span class='ocrx_word' id='word_1_256' title='bbox 1416 1748 1527 1818; x_wconf 89' lang='lat' dir='ltr'><strong>utrique</strong></span> <span class='ocrx_word' id='word_1_257' title='bbox 1560 1749 1684 1819; x_wconf 87' lang='lat' dir='ltr'><strong>corporis</strong></span> <span class='ocrx_word' id='word_1_258' title='bbox 1716 1748 1844 1804; x_wconf 79' lang='lat' dir='ltr'><strong>animalis</strong></span> 
     </span>
     <span class='ocr_line' id='line_1_19' title="bbox 138 1833 1842 1906; baseline 0.002 -19"><span class='ocrx_word' id='word_1_259' title='bbox 138 1833 309 1902; x_wconf 71' lang='lat' dir='ltr'><strong>priuatim</strong></span> <span class='ocrx_word' id='word_1_260' title='bbox 341 1842 368 1888; x_wconf 92' lang='lat' dir='ltr'><strong>et</strong></span> <span class='ocrx_word' id='word_1_261' title='bbox 396 1834 590 1902; x_wconf 81' lang='lat' dir='ltr'><strong>facultatibus</strong></span> <span class='ocrx_word' id='word_1_262' title='bbox 618 1837 659 1889; x_wconf 85' lang='lat' dir='ltr'><strong>ad</strong></span> <span class='ocrx_word' id='word_1_263' title='bbox 687 1837 811 1890; x_wconf 62' lang='lat' dir='ltr'><strong>aciones</strong></span> <span class='ocrx_word' id='word_1_264' title='bbox 836 1845 980 1891; x_wconf 84' lang='lat' dir='ltr'><strong>mouentur</strong></span> <span class='ocrx_word' id='word_1_265' title='bbox 1006 1836 1149 1892; x_wconf 82' lang='lat' dir='ltr'><strong>affectioni</strong></span> <span class='ocrx_word' id='word_1_266' title='bbox 1166 1835 1288 1906; x_wconf 88' lang='lat' dir='ltr'><strong>corporis</strong></span> <span class='ocrx_word' id='word_1_267' title='bbox 1306 1834 1455 1906; x_wconf 75' lang='lat' dir='ltr'><strong>glorificati</strong></span> <span class='ocrx_word' id='word_1_268' title='bbox 1473 1835 1656 1906; x_wconf 87' lang='lat' dir='ltr'><strong>spiritualitas</strong></span> <span class='ocrx_word' id='word_1_269' title='bbox 1678 1835 1842 1906; x_wconf 69' lang='lat' dir='ltr'><strong>opponitm</strong></span> 
     </span>
     <span class='ocr_line' id='line_1_20' title="bbox 144 1919 1844 1992; baseline 0.001 -20"><span class='ocrx_word' id='word_1_270' title='bbox 144 1934 274 1988; x_wconf 87' lang='lat' dir='ltr'><strong>corpora,</strong></span> <span class='ocrx_word' id='word_1_271' title='bbox 294 1922 346 1974; x_wconf 78' lang='lat' dir='ltr'><strong>seel</strong></span> <span class='ocrx_word' id='word_1_272' title='bbox 365 1921 401 1975; x_wconf 83' lang='lat' dir='ltr'><strong>ab</strong></span> <span class='ocrx_word' id='word_1_273' title='bbox 420 1921 534 1975; x_wconf 89' lang='lat' dir='ltr'><strong>animas</strong></span> <span class='ocrx_word' id='word_1_274' title='bbox 551 1923 687 1991; x_wconf 84' lang='lat' dir='ltr'><strong>potentiis</strong></span> <span class='ocrx_word' id='word_1_275' title='bbox 703 1939 756 1992; x_wconf 88' lang='lat' dir='ltr'><strong>per</strong></span> <span class='ocrx_word' id='word_1_276' title='bbox 769 1923 851 1977; x_wconf 73' lang='lat' dir='ltr'><strong>cilios</strong></span> <span class='ocrx_word' id='word_1_277' title='bbox 868 1930 894 1976; x_wconf 88' lang='lat' dir='ltr'><strong>et</strong></span> <span class='ocrx_word' id='word_1_278' title='bbox 909 1923 980 1987; x_wconf 89' lang='lat' dir='ltr'><strong>alia,</strong></span> <span class='ocrx_word' id='word_1_279' title='bbox 1007 1929 1066 1976; x_wconf 91' lang='lat' dir='ltr'><strong>tum</strong></span> <span class='ocrx_word' id='word_1_280' title='bbox 1097 1919 1173 1992; x_wconf 91' lang='lat' dir='ltr'><strong>quod</strong></span> <span class='ocrx_word' id='word_1_281' title='bbox 1199 1920 1390 1990; x_wconf 81' lang='lat' dir='ltr'><strong>spiritualitati</strong></span> <span class='ocrx_word' id='word_1_282' title='bbox 1424 1920 1547 1992; x_wconf 88' lang='lat' dir='ltr'><strong>corporis</strong></span> <span class='ocrx_word' id='word_1_283' title='bbox 1574 1940 1600 1974; x_wconf 85' lang='lat' dir='ltr'><strong>v.</strong></span> <span class='ocrx_word' id='word_1_284' title='bbox 1626 1928 1667 1977; x_wconf 83' lang='lat'><strong>50.</strong></span> <span class='ocrx_word' id='word_1_285' title='bbox 1694 1920 1844 1991; x_wconf 88' lang='lat' dir='ltr'><strong>opponitur</strong></span> 
     </span>
     <span class='ocr_line' id='line_1_21' title="bbox 143 2006 1843 2078; baseline 0.001 -19"><span class='ocrx_word' id='word_1_286' title='bbox 143 2022 216 2074; x_wconf 88' lang='lat' dir='ltr'><strong>quae</strong></span> <span class='ocrx_word' id='word_1_287' title='bbox 228 2007 269 2059; x_wconf 80' lang='lat' dir='ltr'><strong>ad</strong></span> <span class='ocrx_word' id='word_1_288' title='bbox 279 2006 469 2076; x_wconf 89' lang='lat' dir='ltr'><strong>nutritionem,</strong></span> <span class='ocrx_word' id='word_1_289' title='bbox 481 2009 742 2078; x_wconf 80' lang='lat' dir='ltr'><strong>aupmentationsm,</strong></span> <span class='ocrx_word' id='word_1_290' title='bbox 753 2009 980 2063; x_wconf 88' lang='lat' dir='ltr'><strong>sustentationem</strong></span> <span class='ocrx_word' id='word_1_291' title='bbox 1007 2025 1076 2064; x_wconf 86' lang='lat' dir='ltr'><strong>caro</strong></span> <span class='ocrx_word' id='word_1_292' title='bbox 1094 2017 1121 2062; x_wconf 88' lang='lat' dir='ltr'><strong>et</strong></span> <span class='ocrx_word' id='word_1_293' title='bbox 1135 2008 1264 2076; x_wconf 79' lang='lat' dir='ltr'><strong>sanpuis,</strong></span> <span class='ocrx_word' id='word_1_294' title='bbox 1285 2024 1342 2078; x_wconf 90' lang='lat' dir='ltr'><strong>quo</strong></span> <span class='ocrx_word' id='word_1_295' title='bbox 1361 2008 1472 2064; x_wconf 89' lang='lat' dir='ltr'><strong>nomine</strong></span> <span class='ocrx_word' id='word_1_296' title='bbox 1489 2007 1542 2063; x_wconf 90' lang='lat' dir='ltr'><strong>hoc</strong></span> <span class='ocrx_word' id='word_1_297' title='bbox 1559 2007 1620 2062; x_wconf 94' lang='lat' dir='ltr'><strong>loco</strong></span> <span class='ocrx_word' id='word_1_298' title='bbox 1637 2006 1768 2077; x_wconf 86' lang='lat' dir='ltr'><strong>intelligit</strong></span> <span class='ocrx_word' id='word_1_299' title='bbox 1787 2022 1843 2060; x_wconf 94' lang='lat' dir='ltr'><strong>non</strong></span> 
     </span>
     <span class='ocr_line' id='line_1_22' title="bbox 143 2091 1844 2163; baseline 0.002 -18"><span class='ocrx_word' id='word_1_300' title='bbox 143 2108 178 2146; x_wconf 92' lang='lat' dir='ltr'><strong>ac</strong></span> <span class='ocrx_word' id='word_1_301' title='bbox 204 2100 293 2146; x_wconf 90' lang='lat' dir='ltr'><strong>totam</strong></span> <span class='ocrx_word' id='word_1_302' title='bbox 319 2092 393 2146; x_wconf 80' lang='lat' dir='ltr'><strong>citae</strong></span> <span class='ocrx_word' id='word_1_303' title='bbox 420 2093 505 2162; x_wconf 82' lang='lat' dir='ltr'><strong>nujus</strong></span> <span class='ocrx_word' id='word_1_304' title='bbox 534 2094 673 2147; x_wconf 86' lang='lat' dir='ltr'><strong>rationem</strong></span> <span class='ocrx_word' id='word_1_305' title='bbox 691 2102 718 2147; x_wconf 88' lang='lat' dir='ltr'><strong>et</strong></span> <span class='ocrx_word' id='word_1_306' title='bbox 742 2095 930 2149; x_wconf 76' lang='lat' dir='ltr'><strong>conditionum</strong></span> <span class='ocrx_word' id='word_1_307' title='bbox 949 2103 981 2148; x_wconf 91' lang='lat' dir='ltr'><strong>ut</strong></span> <span class='ocrx_word' id='word_1_308' title='bbox 1007 2094 1190 2148; x_wconf 86' lang='lat' dir='ltr'><strong>substantiam</strong></span> <span class='ocrx_word' id='word_1_309' title='bbox 1210 2093 1300 2148; x_wconf 87' lang='lat' dir='ltr'><strong>carnis</strong></span> <span class='ocrx_word' id='word_1_310' title='bbox 1319 2098 1348 2148; x_wconf 88' lang='lat' dir='ltr'><strong>et</strong></span> <span class='ocrx_word' id='word_1_311' title='bbox 1366 2093 1518 2163; x_wconf 77' lang='lat' dir='ltr'><strong>sanguinis,</strong></span> <span class='ocrx_word' id='word_1_312' title='bbox 1537 2093 1586 2147; x_wconf 88' lang='lat' dir='ltr'><strong>sed</strong></span> <span class='ocrx_word' id='word_1_313' title='bbox 1603 2091 1844 2163; x_wconf 75' lang='lat' dir='ltr'><strong>concupiscentiae</strong></span> 
     </span>
     <span class='ocr_line' id='line_1_23' title="bbox 143 2177 1844 2249; baseline 0.001 -18"><span class='ocrx_word' id='word_1_314' title='bbox 143 2177 405 2248; x_wconf 81' lang='lat' dir='ltr'><strong>mediapertincnt,</strong></span> <span class='ocrx_word' id='word_1_315' title='bbox 423 2187 599 2248; x_wconf 80' lang='lat' dir='ltr'><strong>repetantur,</strong></span> <span class='ocrx_word' id='word_1_316' title='bbox 618 2187 852 2235; x_wconf 70' lang='lat' dir='ltr'><strong>annumeraret</strong></span> <span class='ocrx_word' id='word_1_317' title='bbox 870 2198 980 2236; x_wconf 85' lang='lat' dir='ltr'><strong>conser-</strong></span> <span class='ocrx_word' id='word_1_318' title='bbox 1009 2180 1214 2249; x_wconf 89' lang='lat' dir='ltr'><strong>corruptionem</strong></span> <span class='ocrx_word' id='word_1_319' title='bbox 1241 2179 1272 2233; x_wconf 92' lang='lat' dir='ltr'><strong>in</strong></span> <span class='ocrx_word' id='word_1_320' title='bbox 1305 2178 1363 2233; x_wconf 84' lang='lat' dir='ltr'><strong>vita</strong></span> <span class='ocrx_word' id='word_1_321' title='bbox 1388 2185 1503 2234; x_wconf 88' lang='lat' dir='ltr'><strong>aeterna</strong></span> <span class='ocrx_word' id='word_1_322' title='bbox 1527 2179 1639 2249; x_wconf 91' lang='lat' dir='ltr'><strong>penitus</strong></span> <span class='ocrx_word' id='word_1_323' title='bbox 1667 2178 1844 2242; x_wconf 84' lang='lat' dir='ltr'><strong>abolendam,</strong></span> 
     </span>
     <span class='ocr_line' id='line_1_24' title="bbox 142 2263 1844 2336; baseline 0 -18"><span class='ocrx_word' id='word_1_324' title='bbox 142 2271 252 2318; x_wconf 86' lang='lat' dir='ltr'><strong>cantur.</strong></span> <span class='ocrx_word' id='word_1_325' title='bbox 288 2263 370 2334; x_wconf 83' lang='lat' dir='ltr'><strong>Item,</strong></span> <span class='ocrx_word' id='word_1_326' title='bbox 393 2264 462 2335; x_wconf 84' lang='lat' dir='ltr'><strong>quia</strong></span> <span class='ocrx_word' id='word_1_327' title='bbox 481 2266 517 2319; x_wconf 81' lang='lat' dir='ltr'><strong>ab</strong></span> <span class='ocrx_word' id='word_1_328' title='bbox 537 2268 648 2320; x_wconf 84' lang='lat' dir='ltr'><strong>animae</strong></span> <span class='ocrx_word' id='word_1_329' title='bbox 664 2267 801 2335; x_wconf 67' lang='lat' dir='ltr'><strong>potentis</strong></span> <span class='ocrx_word' id='word_1_330' title='bbox 820 2269 861 2321; x_wconf 84' lang='lat' dir='ltr'><strong>ad</strong></span> <span class='ocrx_word' id='word_1_331' title='bbox 878 2268 979 2322; x_wconf 74' lang='lat' dir='ltr'><strong>uitalm</strong></span> <span class='ocrx_word' id='word_1_332' title='bbox 1007 2265 1120 2336; x_wconf 90' lang='lat' dir='ltr'><strong>quando</strong></span> <span class='ocrx_word' id='word_1_333' title='bbox 1145 2281 1196 2335; x_wconf 88' lang='lat' dir='ltr'><strong>pro</strong></span> <span class='ocrx_word' id='word_1_334' title='bbox 1213 2265 1328 2320; x_wconf 84' lang='lat' dir='ltr'><strong>animali</strong></span> <span class='ocrx_word' id='word_1_335' title='bbox 1351 2280 1466 2334; x_wconf 87' lang='lat' dir='ltr'><strong>corpore</strong></span> <span class='ocrx_word' id='word_1_336' title='bbox 1484 2264 1560 2319; x_wconf 87' lang='lat' dir='ltr'><strong>beati</strong></span> <span class='ocrx_word' id='word_1_337' title='bbox 1579 2263 1723 2333; x_wconf 85' lang='lat' dir='ltr'><strong>spirituale</strong></span> <span class='ocrx_word' id='word_1_338' title='bbox 1743 2280 1844 2335; x_wconf 87' lang='lat' dir='ltr'><strong>corpas</strong></span> 
     </span>
     <span class='ocr_line' id='line_1_25' title="bbox 141 2349 1844 2422; baseline 0.001 -19"><span class='ocrx_word' id='word_1_339' title='bbox 141 2356 170 2403; x_wconf 89' lang='lat' dir='ltr'><strong>et</strong></span> <span class='ocrx_word' id='word_1_340' title='bbox 195 2349 334 2404; x_wconf 77' lang='lat' dir='ltr'><strong>ammalcs</strong></span> <span class='ocrx_word' id='word_1_341' title='bbox 360 2352 486 2405; x_wconf 78' lang='lat' dir='ltr'><strong>actiones</strong></span> <span class='ocrx_word' id='word_1_342' title='bbox 508 2369 630 2420; x_wconf 82' lang='lat' dir='ltr'><strong>corpora</strong></span> <span class='ocrx_word' id='word_1_343' title='bbox 654 2359 800 2406; x_wconf 84' lang='lat' dir='ltr'><strong>mouentur</strong></span> <span class='ocrx_word' id='word_1_344' title='bbox 827 2361 853 2406; x_wconf 86' lang='lat' dir='ltr'><strong>et</strong></span> <span class='ocrx_word' id='word_1_345' title='bbox 881 2355 979 2421; x_wconf 81' lang='lat' dir='ltr'><strong>puter·</strong></span> <span class='ocrx_word' id='word_1_346' title='bbox 1007 2351 1150 2422; x_wconf 84' lang='lat' dir='ltr'><strong>recipient.</strong></span> <span class='ocrx_word' id='word_1_347' title='bbox 1186 2349 1371 2422; x_wconf 87' lang='lat' dir='ltr'><strong>Nequaquam</strong></span> <span class='ocrx_word' id='word_1_348' title='bbox 1383 2356 1478 2405; x_wconf 74' lang='lat' dir='ltr'><strong>minen</strong></span> <span class='ocrx_word' id='word_1_349' title='bbox 1489 2350 1675 2417; x_wconf 86' lang='lat' dir='ltr'><strong>statuendum,</strong></span> <span class='ocrx_word' id='word_1_350' title='bbox 1688 2350 1763 2419; x_wconf 91' lang='lat' dir='ltr'><strong>qnod</strong></span> <span class='ocrx_word' id='word_1_351' title='bbox 1777 2367 1844 2421; x_wconf 87' lang='lat' dir='ltr'><strong>apo·</strong></span> 
     </span>
     <span class='ocr_line' id='line_1_26' title="bbox 142 2435 1845 2507; baseline 0.001 -18"><span class='ocrx_word' id='word_1_352' title='bbox 142 2442 253 2490; x_wconf 72' lang='lat' dir='ltr'><strong>muner.</strong></span> <span class='ocrx_word' id='word_1_353' title='bbox 287 2435 424 2490; x_wconf 75' lang='lat' dir='ltr'><strong>Animata</strong></span> <span class='ocrx_word' id='word_1_354' title='bbox 445 2438 518 2490; x_wconf 86' lang='lat' dir='ltr'><strong>enim</strong></span> <span class='ocrx_word' id='word_1_355' title='bbox 538 2454 663 2506; x_wconf 86' lang='lat' dir='ltr'><strong>corpora</strong></span> <span class='ocrx_word' id='word_1_356' title='bbox 682 2438 783 2492; x_wconf 80' lang='lat' dir='ltr'><strong>bahent</strong></span> <span class='ocrx_word' id='word_1_357' title='bbox 802 2437 887 2491; x_wconf 79' lang='lat' dir='ltr'><strong>talem</strong></span> <span class='ocrx_word' id='word_1_358' title='bbox 906 2457 979 2494; x_wconf 93' lang='lat' dir='ltr'><strong>com·</strong></span> <span class='ocrx_word' id='word_1_359' title='bbox 1007 2436 1094 2492; x_wconf 88' lang='lat' dir='ltr'><strong>stolus</strong></span> <span class='ocrx_word' id='word_1_360' title='bbox 1111 2435 1301 2507; x_wconf 86' lang='lat' dir='ltr'><strong>appellatione</strong></span> <span class='ocrx_word' id='word_1_361' title='bbox 1313 2437 1476 2506; x_wconf 87' lang='lat' dir='ltr'><strong>spiritualis</strong></span> <span class='ocrx_word' id='word_1_362' title='bbox 1493 2437 1625 2505; x_wconf 84' lang='lat' dir='ltr'><strong>corporis</strong></span> <span class='ocrx_word' id='word_1_363' title='bbox 1638 2441 1748 2490; x_wconf 86' lang='lat' dir='ltr'><strong>tantum</strong></span> <span class='ocrx_word' id='word_1_364' title='bbox 1764 2436 1845 2491; x_wconf 83' lang='lat' dir='ltr'><strong>vitio·</strong></span> 
     </span>
     <span class='ocr_line' id='line_1_27' title="bbox 142 2521 1844 2594; baseline 0.002 -19"><span class='ocrx_word' id='word_1_365' title='bbox 142 2522 302 2576; x_wconf 83' lang='lat' dir='ltr'><strong>munionem</strong></span> <span class='ocrx_word' id='word_1_366' title='bbox 325 2539 387 2576; x_wconf 77' lang='lat' dir='ltr'><strong>aim</strong></span> <span class='ocrx_word' id='word_1_367' title='bbox 406 2524 543 2592; x_wconf 87' lang='lat' dir='ltr'><strong>potentiis</strong></span> <span class='ocrx_word' id='word_1_368' title='bbox 567 2523 692 2592; x_wconf 87' lang='lat' dir='ltr'><strong>animas,</strong></span> <span class='ocrx_word' id='word_1_369' title='bbox 717 2531 748 2576; x_wconf 92' lang='lat' dir='ltr'><strong>ut</strong></span> <span class='ocrx_word' id='word_1_370' title='bbox 772 2540 895 2592; x_wconf 89' lang='lat' dir='ltr'><strong>corpora</strong></span> <span class='ocrx_word' id='word_1_371' title='bbox 911 2525 979 2577; x_wconf 83' lang='lat' dir='ltr'><strong>inde</strong></span> <span class='ocrx_word' id='word_1_372' title='bbox 1007 2539 1099 2576; x_wconf 85' lang='lat' dir='ltr'><strong>serum</strong></span> <span class='ocrx_word' id='word_1_373' title='bbox 1119 2531 1147 2577; x_wconf 91' lang='lat' dir='ltr'><strong>et</strong></span> <span class='ocrx_word' id='word_1_374' title='bbox 1160 2523 1314 2579; x_wconf 88' lang='lat' dir='ltr'><strong>carnalium</strong></span> <span class='ocrx_word' id='word_1_375' title='bbox 1326 2522 1493 2593; x_wconf 75' lang='lat' dir='ltr'><strong>qualitatum</strong></span> <span class='ocrx_word' id='word_1_376' title='bbox 1505 2521 1684 2578; x_wconf 88' lang='lat' dir='ltr'><strong>abolitionem</strong></span> <span class='ocrx_word' id='word_1_377' title='bbox 1696 2521 1844 2594; x_wconf 78' lang='lat' dir='ltr'><strong>intelliget,</strong></span> 
     </span>
     <span class='ocr_line' id='line_1_28' title="bbox 141 2607 1845 2679; baseline 0.001 -18"><span class='ocrx_word' id='word_1_378' title='bbox 141 2607 327 2672; x_wconf 69' lang='lat' dir='ltr'><strong>cnddiones,</strong></span> <span class='ocrx_word' id='word_1_379' title='bbox 342 2607 498 2673; x_wconf 73' lang='lat' dir='ltr'><strong>facultates</strong></span> <span class='ocrx_word' id='word_1_380' title='bbox 517 2615 544 2662; x_wconf 88' lang='lat' dir='ltr'><strong>et</strong></span> <span class='ocrx_word' id='word_1_381' title='bbox 557 2609 682 2663; x_wconf 86' lang='lat' dir='ltr'><strong>actiones</strong></span> <span class='ocrx_word' id='word_1_382' title='bbox 693 2608 979 2679; x_wconf 79' lang='lat' dir='ltr'><strong>animatasladcant‚</strong></span> <span class='ocrx_word' id='word_1_383' title='bbox 1006 2608 1056 2663; x_wconf 89' lang='lat' dir='ltr'><strong>sed</strong></span> <span class='ocrx_word' id='word_1_384' title='bbox 1084 2607 1167 2678; x_wconf 89' lang='lat' dir='ltr'><strong>plura</strong></span> <span class='ocrx_word' id='word_1_385' title='bbox 1190 2607 1302 2662; x_wconf 88' lang='lat' dir='ltr'><strong>omnino</strong></span> <span class='ocrx_word' id='word_1_386' title='bbox 1326 2607 1396 2661; x_wconf 86' lang='lat' dir='ltr'><strong>haec</strong></span> <span class='ocrx_word' id='word_1_387' title='bbox 1418 2607 1570 2678; x_wconf 86' lang='lat' dir='ltr'><strong>appellatio</strong></span> <span class='ocrx_word' id='word_1_388' title='bbox 1590 2608 1793 2677; x_wconf 85' lang='lat' dir='ltr'><strong>complectitur,</strong></span> <span class='ocrx_word' id='word_1_389' title='bbox 1812 2613 1845 2663; x_wconf 91' lang='lat' dir='ltr'><strong>ut</strong></span> 
     </span>
     <span class='ocr_line' id='line_1_29' title="bbox 142 2690 1844 2770; baseline 0 -22"><span class='ocrx_word' id='word_1_390' title='bbox 142 2695 239 2748; x_wconf 87' lang='lat' dir='ltr'><strong>anima</strong></span> <span class='ocrx_word' id='word_1_391' title='bbox 259 2695 335 2748; x_wconf 87' lang='lat' dir='ltr'><strong>enim</strong></span> <span class='ocrx_word' id='word_1_392' title='bbox 346 2710 403 2763; x_wconf 89' lang='lat' dir='ltr'><strong>per</strong></span> <span class='ocrx_word' id='word_1_393' title='bbox 422 2711 532 2766; x_wconf 79' lang='lat' dir='ltr'><strong>crpana</strong></span> <span class='ocrx_word' id='word_1_394' title='bbox 549 2696 679 2764; x_wconf 77' lang='lat' dir='ltr'><strong>corporis</strong></span> <span class='ocrx_word' id='word_1_395' title='bbox 701 2690 868 2770; x_wconf 65' lang='lat' dir='ltr'><strong>alacerrima</strong></span> <span class='ocrx_word' id='word_1_396' title='bbox 886 2697 978 2760; x_wconf 89' lang='lat' dir='ltr'><strong>sentit,</strong></span> <span class='ocrx_word' id='word_1_397' title='bbox 1006 2710 1041 2748; x_wconf 86' lang='lat' dir='ltr'><strong>ex</strong></span> <span class='ocrx_word' id='word_1_398' title='bbox 1058 2709 1135 2764; x_wconf 88' lang='lat' dir='ltr'><strong>seqq.</strong></span> <span class='ocrx_word' id='word_1_399' title='bbox 1152 2693 1330 2748; x_wconf 86' lang='lat' dir='ltr'><strong>manifestum</strong></span> <span class='ocrx_word' id='word_1_400' title='bbox 1349 2693 1409 2748; x_wconf 90' lang='lat' dir='ltr'><strong>erit.</strong></span> <span class='ocrx_word' id='word_1_401' title='bbox 1443 2691 1582 2748; x_wconf 79' lang='lat' dir='ltr'><strong>Addimus</strong></span> <span class='ocrx_word' id='word_1_402' title='bbox 1602 2693 1676 2748; x_wconf 90' lang='lat' dir='ltr'><strong>euim</strong></span> <span class='ocrx_word' id='word_1_403' title='bbox 1694 2700 1719 2750; x_wconf 84' lang='lat'><strong>2.</strong></span> <span class='ocrx_word' id='word_1_404' title='bbox 1738 2695 1844 2748; x_wconf 81' lang='lat' dir='ltr'><strong>atauu</strong></span> 
     </span>
     <span class='ocr_line' id='line_1_30' title="bbox 138 2779 1845 2848; baseline 0 -14"><span class='ocrx_word' id='word_1_405' title='bbox 138 2795 195 2848; x_wconf 85' lang='lat' dir='ltr'><strong>per</strong></span> <span class='ocrx_word' id='word_1_406' title='bbox 220 2795 322 2834; x_wconf 85' lang='lat' dir='ltr'><strong>neruos</strong></span> <span class='ocrx_word' id='word_1_407' title='bbox 338 2780 467 2835; x_wconf 81' lang='lat' dir='ltr'><strong>uirtutem</strong></span> <span class='ocrx_word' id='word_1_408' title='bbox 492 2797 574 2835; x_wconf 90' lang='lat' dir='ltr'><strong>suam</strong></span> <span class='ocrx_word' id='word_1_409' title='bbox 594 2780 789 2834; x_wconf 87' lang='lat' dir='ltr'><strong>locomotiuam</strong></span> <span class='ocrx_word' id='word_1_410' title='bbox 805 2790 927 2847; x_wconf 71' lang='lat' dir='ltr'><strong>saaca,</strong></span> <span class='ocrx_word' id='word_1_411' title='bbox 953 2790 979 2835; x_wconf 89' lang='lat' dir='ltr'><strong>et</strong></span> <span class='ocrx_word' id='word_1_412' title='bbox 1007 2779 1115 2834; x_wconf 71' lang='lat' dir='ltr'><strong>Christi</strong></span> <span class='ocrx_word' id='word_1_413' title='bbox 1131 2779 1230 2834; x_wconf 82' lang='lat' dir='ltr'><strong>Matth.</strong></span> <span class='ocrx_word' id='word_1_414' title='bbox 1243 2783 1329 2843; x_wconf 66' lang='lat' dir='ltr'><strong>tm.</strong></span> <span class='ocrx_word' id='word_1_415' title='bbox 1343 2785 1385 2835; x_wconf 84' lang='grc'><strong>30.</strong></span> <span class='ocrx_word' id='word_1_416' title='bbox 1409 2779 1479 2834; x_wconf 87' lang='lat' dir='ltr'><strong>Luc.</strong></span> <span class='ocrx_word' id='word_1_417' title='bbox 1493 2784 1535 2847; x_wconf 84' lang='lat'><strong>20,</strong></span> <span class='ocrx_word' id='word_1_418' title='bbox 1554 2796 1582 2832; x_wconf 83' lang='grc' dir='ltr'><strong>ν.</strong></span> <span class='ocrx_word' id='word_1_419' title='bbox 1602 2784 1646 2834; x_wconf 76' lang='lat'><strong>³6:</strong></span> <span class='ocrx_word' id='word_1_420' title='bbox 1665 2780 1754 2833; x_wconf 85' lang='lat' dir='ltr'><strong>Beati</strong></span> <span class='ocrx_word' id='word_1_421' title='bbox 1763 2787 1845 2834; x_wconf 88' lang='lat' dir='ltr'><strong>eruut</strong></span> 
     </span>
     <span class='ocr_line' id='line_1_31' title="bbox 142 2859 1843 2937; baseline 0.001 -19"><span class='ocrx_word' id='word_1_422' title='bbox 142 2864 221 2919; x_wconf 77' lang='lat' dir='ltr'><strong>cents·</strong></span> <span class='ocrx_word' id='word_1_423' title='bbox 240 2865 352 2920; x_wconf 83' lang='lat' dir='ltr'><strong>animae</strong></span> <span class='ocrx_word' id='word_1_424' title='bbox 376 2866 480 2920; x_wconf 85' lang='lat' dir='ltr'><strong>uirtute</strong></span> <span class='ocrx_word' id='word_1_425' title='bbox 501 2865 611 2934; x_wconf 72' lang='lat' dir='ltr'><strong>vident,</strong></span> <span class='ocrx_word' id='word_1_426' title='bbox 633 2883 718 2921; x_wconf 86' lang='lat' dir='ltr'><strong>auree</strong></span> <span class='ocrx_word' id='word_1_427' title='bbox 743 2867 872 2934; x_wconf 82' lang='lat' dir='ltr'><strong>audiunt,</strong></span> <span class='ocrx_word' id='word_1_428' title='bbox 900 2868 982 2920; x_wconf 79' lang='lat' dir='ltr'><strong>nerui</strong></span> <span class='ocrx_word' id='word_1_429' title='bbox 1006 2863 1044 2928; x_wconf 77' lang='grc' dir='ltr'><strong>ὥς</strong></span> <span class='ocrx_word' id='word_1_430' title='bbox 1064 2859 1182 2937; x_wconf 71' lang='grc' dir='ltr'><strong>ἄγγελοι</strong></span> <span class='ocrx_word' id='word_1_431' title='bbox 1208 2864 1266 2920; x_wconf 82' lang='lat' dir='ltr'><strong>sive</strong></span> <span class='ocrx_word' id='word_1_432' title='bbox 1292 2863 1453 2936; x_wconf 65' lang='grc' dir='ltr'><strong>ἰσάγγελοι,</strong></span> <span class='ocrx_word' id='word_1_433' title='bbox 1481 2864 1511 2919; x_wconf 90' lang='lat' dir='ltr'><strong>id</strong></span> <span class='ocrx_word' id='word_1_434' title='bbox 1536 2871 1579 2921; x_wconf 83' lang='lat' dir='ltr'><strong>est</strong></span> <span class='ocrx_word' id='word_1_435' title='bbox 1604 2872 1636 2920; x_wconf 86' lang='lat' dir='ltr'><strong>nt</strong></span> <span class='ocrx_word' id='word_1_436' title='bbox 1658 2866 1752 2937; x_wconf 77' lang='lat' dir='ltr'><strong>angeli</strong></span> <span class='ocrx_word' id='word_1_437' title='bbox 1777 2874 1843 2920; x_wconf 85' lang='lat' dir='ltr'><strong>sunt</strong></span> 
     </span>
     <span class='ocr_line' id='line_1_32' title="bbox 142 2946 1844 3024; baseline 0 -18"><span class='ocrx_word' id='word_1_438' title='bbox 142 2967 248 3020; x_wconf 84' lang='lat' dir='ltr'><strong>corpur</strong></span> <span class='ocrx_word' id='word_1_439' title='bbox 271 2958 388 3007; x_wconf 75' lang='lat' dir='ltr'><strong>moueret</strong></span> <span class='ocrx_word' id='word_1_440' title='bbox 425 2951 469 3005; x_wconf 83' lang='lat' dir='ltr'><strong>Aa</strong></span> <span class='ocrx_word' id='word_1_441' title='bbox 492 2951 623 3020; x_wconf 66' lang='lat' dir='ltr'><strong>brenam,</strong></span> <span class='ocrx_word' id='word_1_442' title='bbox 649 2968 752 3021; x_wconf 85' lang='lat' dir='ltr'><strong>corpus</strong></span> <span class='ocrx_word' id='word_1_443' title='bbox 767 2953 920 3021; x_wconf 78' lang='lat' dir='ltr'><strong>subjectum</strong></span> <span class='ocrx_word' id='word_1_444' title='bbox 938 2961 979 3006; x_wconf 87' lang='lat' dir='ltr'><strong>est</strong></span> <span class='ocrx_word' id='word_1_445' title='bbox 1006 2946 1165 3024; x_wconf 79' lang='grc' dir='ltr'><strong><em>πνεύματα,</em></strong></span> <span class='ocrx_word' id='word_1_446' title='bbox 1187 2950 1228 3005; x_wconf 89' lang='lat' dir='ltr'><strong>ita</strong></span> <span class='ocrx_word' id='word_1_447' title='bbox 1245 2950 1321 3005; x_wconf 89' lang='lat' dir='ltr'><strong>beati</strong></span> <span class='ocrx_word' id='word_1_448' title='bbox 1339 2950 1368 3004; x_wconf 92' lang='lat' dir='ltr'><strong>in</strong></span> <span class='ocrx_word' id='word_1_449' title='bbox 1382 2951 1459 3006; x_wconf 84' lang='lat' dir='ltr'><strong>coelo</strong></span> <span class='ocrx_word' id='word_1_450' title='bbox 1471 2949 1615 3006; x_wconf 87' lang='lat' dir='ltr'><strong>habebunt</strong></span> <span class='ocrx_word' id='word_1_451' title='bbox 1631 2967 1749 3022; x_wconf 87' lang='lat' dir='ltr'><strong>corpora</strong></span> <span class='ocrx_word' id='word_1_452' title='bbox 1759 2971 1844 3008; x_wconf 80' lang='lat' dir='ltr'><strong>nuru·</strong></span> 
     </span>
     <span class='ocr_line' id='line_1_33' title="bbox 142 3037 1843 3110; baseline 0.002 -20"><span class='ocrx_word' id='word_1_453' title='bbox 142 3037 255 3091; x_wconf 87' lang='lat' dir='ltr'><strong>animae</strong></span> <span class='ocrx_word' id='word_1_454' title='bbox 281 3037 487 3107; x_wconf 78' lang='lat' dir='ltr'><strong>affectionibus,</strong></span> <span class='ocrx_word' id='word_1_455' title='bbox 519 3053 591 3106; x_wconf 84' lang='lat' dir='ltr'><strong>quae</strong></span> <span class='ocrx_word' id='word_1_456' title='bbox 623 3038 753 3092; x_wconf 62' lang='lat' dir='ltr'><strong>mammis</strong></span> <span class='ocrx_word' id='word_1_457' title='bbox 778 3039 909 3107; x_wconf 83' lang='lat' dir='ltr'><strong>corporis</strong></span> <span class='ocrx_word' id='word_1_458' title='bbox 923 3057 979 3109; x_wconf 83' lang='lat' dir='ltr'><strong>pro</strong></span> <span class='ocrx_word' id='word_1_459' title='bbox 1005 3037 1120 3110; x_wconf 74' lang='lat' dir='ltr'><strong>pareri,</strong></span> <span class='ocrx_word' id='word_1_460' title='bbox 1137 3054 1193 3092; x_wconf 90' lang='lat' dir='ltr'><strong>non</strong></span> <span class='ocrx_word' id='word_1_461' title='bbox 1213 3037 1326 3109; x_wconf 85' lang='lat' dir='ltr'><strong>quidem</strong></span> <span class='ocrx_word' id='word_1_462' title='bbox 1345 3037 1531 3108; x_wconf 81' lang='lat' dir='ltr'><strong>eructangeli</strong></span> <span class='ocrx_word' id='word_1_463' title='bbox 1545 3038 1654 3092; x_wconf 89' lang='lat' dir='ltr'><strong>ratione</strong></span> <span class='ocrx_word' id='word_1_464' title='bbox 1670 3039 1775 3104; x_wconf 73' lang='lat' dir='ltr'><strong>eiciar,</strong></span> <span class='ocrx_word' id='word_1_465' title='bbox 1793 3039 1843 3094; x_wconf 84' lang='lat' dir='ltr'><strong>sed</strong></span> 
     </span>
     <span class='ocr_line' id='line_1_34' title="bbox 141 3120 1845 3195; baseline 0 -17"><span class='ocrx_word' id='word_1_466' title='bbox 141 3141 196 3178; x_wconf 87' lang='lat' dir='ltr'><strong>sua</strong></span> <span class='ocrx_word' id='word_1_467' title='bbox 212 3123 355 3178; x_wconf 83' lang='lat' dir='ltr'><strong>uoluntate</strong></span> <span class='ocrx_word' id='word_1_468' title='bbox 367 3123 538 3192; x_wconf 88' lang='lat' dir='ltr'><strong>etpotcntia,</strong></span> <span class='ocrx_word' id='word_1_469' title='bbox 555 3123 628 3177; x_wconf 75' lang='lat' dir='ltr'><strong>siem</strong></span> <span class='ocrx_word' id='word_1_470' title='bbox 647 3123 707 3177; x_wconf 80' lang='lat' dir='ltr'><strong>ente</strong></span> <span class='ocrx_word' id='word_1_471' title='bbox 726 3132 752 3179; x_wconf 89' lang='lat' dir='ltr'><strong>et</strong></span> <span class='ocrx_word' id='word_1_472' title='bbox 767 3133 870 3193; x_wconf 87' lang='lat' dir='ltr'><strong>potest,</strong></span> <span class='ocrx_word' id='word_1_473' title='bbox 882 3126 978 3195; x_wconf 74' lang='lat' dir='ltr'><strong>etiem,</strong></span> <span class='ocrx_word' id='word_1_474' title='bbox 1007 3122 1269 3194; x_wconf 81' lang='lat' dir='ltr'><strong>ernntsicutangeli</strong></span> <span class='ocrx_word' id='word_1_475' title='bbox 1278 3129 1307 3177; x_wconf 90' lang='lat' dir='ltr'><strong>ct</strong></span> <span class='ocrx_word' id='word_1_476' title='bbox 1319 3124 1453 3192; x_wconf 79' lang='lat' dir='ltr'><strong>aeqssales</strong></span> <span class='ocrx_word' id='word_1_477' title='bbox 1461 3123 1569 3194; x_wconf 76' lang='lat' dir='ltr'><strong>angebs</strong></span> <span class='ocrx_word' id='word_1_478' title='bbox 1577 3124 1684 3179; x_wconf 92' lang='lat' dir='ltr'><strong>ratione</strong></span> <span class='ocrx_word' id='word_1_479' title='bbox 1695 3120 1845 3193; x_wconf 80' lang='grc' dir='ltr'><em>ποιότητος</em></span> 
     </span>
     <span class='ocr_line' id='line_1_35' title="bbox 143 3208 1844 3281; baseline 0.001 -18"><span class='ocrx_word' id='word_1_480' title='bbox 143 3216 171 3263; x_wconf 87' lang='lat' dir='ltr'><strong>at</strong></span> <span class='ocrx_word' id='word_1_481' title='bbox 187 3226 291 3279; x_wconf 81' lang='lat' dir='ltr'><strong>corpus</strong></span> <span class='ocrx_word' id='word_1_482' title='bbox 307 3209 409 3263; x_wconf 85' lang='lat' dir='ltr'><strong>uirtute</strong></span> <span class='ocrx_word' id='word_1_483' title='bbox 430 3208 543 3263; x_wconf 90' lang='lat' dir='ltr'><strong>animae</strong></span> <span class='ocrx_word' id='word_1_484' title='bbox 554 3209 644 3263; x_wconf 87' lang='lat' dir='ltr'><strong>utitur</strong></span> <span class='ocrx_word' id='word_1_485' title='bbox 656 3212 699 3263; x_wconf 81' lang='lat' dir='ltr'><strong>ad</strong></span> <span class='ocrx_word' id='word_1_486' title='bbox 708 3217 799 3263; x_wconf 89' lang='lat' dir='ltr'><strong>motus</strong></span> <span class='ocrx_word' id='word_1_487' title='bbox 818 3211 979 3263; x_wconf 86' lang='lat' dir='ltr'><strong>etactiones</strong></span> <span class='ocrx_word' id='word_1_488' title='bbox 1007 3208 1166 3281; x_wconf 84' lang='lat' dir='ltr'><strong>spiritualis.</strong></span> <span class='ocrx_word' id='word_1_489' title='bbox 1190 3208 1231 3266; x_wconf 90' lang='lat' dir='ltr'><strong>Ut</strong></span> <span class='ocrx_word' id='word_1_490' title='bbox 1250 3208 1344 3280; x_wconf 80' lang='lat' dir='ltr'><strong>angeli</strong></span> <span class='ocrx_word' id='word_1_491' title='bbox 1361 3225 1414 3264; x_wconf 90' lang='lat' dir='ltr'><strong>uec</strong></span> <span class='ocrx_word' id='word_1_492' title='bbox 1425 3209 1497 3278; x_wconf 90' lang='lat' dir='ltr'><strong>cibo,</strong></span> <span class='ocrx_word' id='word_1_493' title='bbox 1516 3226 1567 3264; x_wconf 89' lang='lat' dir='ltr'><strong>nec</strong></span> <span class='ocrx_word' id='word_1_494' title='bbox 1583 3216 1661 3280; x_wconf 89' lang='lat' dir='ltr'><strong>potu,</strong></span> <span class='ocrx_word' id='word_1_495' title='bbox 1676 3226 1728 3265; x_wconf 90' lang='lat' dir='ltr'><strong>nec</strong></span> <span class='ocrx_word' id='word_1_496' title='bbox 1739 3226 1844 3277; x_wconf 90' lang='lat' dir='ltr'><strong>somno,</strong></span> 
     </span>
     <span class='ocr_line' id='line_1_36' title="bbox 142 3293 1846 3365; baseline 0 -15"><span class='ocrx_word' id='word_1_497' title='bbox 142 3313 212 3350; x_wconf 88' lang='lat' dir='ltr'><strong>suas</strong></span> <span class='ocrx_word' id='word_1_498' title='bbox 228 3295 431 3365; x_wconf 78' lang='lat' dir='ltr'><strong>perficiendas.</strong></span> <span class='ocrx_word' id='word_1_499' title='bbox 467 3296 581 3349; x_wconf 80' lang='lat' dir='ltr'><strong>Eadem</strong></span> <span class='ocrx_word' id='word_1_500' title='bbox 599 3296 709 3349; x_wconf 86' lang='lat' dir='ltr'><strong>ratione</strong></span> <span class='ocrx_word' id='word_1_501' title='bbox 727 3296 757 3348; x_wconf 93' lang='lat' dir='ltr'><strong>in</strong></span> <span class='ocrx_word' id='word_1_502' title='bbox 776 3296 980 3351; x_wconf 85' lang='lat' dir='ltr'><strong>resurrectione</strong></span> <span class='ocrx_word' id='word_1_503' title='bbox 1007 3311 1059 3352; x_wconf 85' lang='lat' dir='ltr'><strong>nec</strong></span> <span class='ocrx_word' id='word_1_504' title='bbox 1073 3293 1197 3349; x_wconf 84' lang='lat' dir='ltr'><strong>vestibus</strong></span> <span class='ocrx_word' id='word_1_505' title='bbox 1209 3293 1352 3364; x_wconf 81' lang='lat' dir='ltr'><strong>indigent,</strong></span> <span class='ocrx_word' id='word_1_506' title='bbox 1373 3293 1522 3364; x_wconf 85' lang='lat' dir='ltr'><strong>quierunt</strong></span> <span class='ocrx_word' id='word_1_507' title='bbox 1545 3294 1659 3365; x_wconf 89' lang='lat' dir='ltr'><strong>spiritus</strong></span> <span class='ocrx_word' id='word_1_508' title='bbox 1681 3295 1846 3362; x_wconf 85' lang='lat' dir='ltr'><strong>incorporei,</strong></span> 
     </span>
     <span class='ocr_line' id='line_1_37' title="bbox 143 3376 1844 3454; baseline -0.001 -18"><span class='ocrx_word' id='word_1_509' title='bbox 143 3389 226 3436; x_wconf 67' lang='lat' dir='ltr'><strong>munt</strong></span> <span class='ocrx_word' id='word_1_510' title='bbox 242 3397 366 3450; x_wconf 83' lang='lat' dir='ltr'><strong>corpora</strong></span> <span class='ocrx_word' id='word_1_511' title='bbox 377 3376 553 3454; x_wconf 69' lang='lat' dir='ltr'><strong>aucupaturi</strong></span> <span class='ocrx_word' id='word_1_512' title='bbox 571 3396 621 3434; x_wconf 88' lang='lat' dir='ltr'><strong>ssu</strong></span> <span class='ocrx_word' id='word_1_513' title='bbox 638 3382 813 3450; x_wconf 81' lang='lat' dir='ltr'><strong>spiritualia,</strong></span> <span class='ocrx_word' id='word_1_514' title='bbox 830 3399 886 3434; x_wconf 88' lang='lat' dir='ltr'><strong>non</strong></span> <span class='ocrx_word' id='word_1_515' title='bbox 904 3383 981 3450; x_wconf 82' lang='lat' dir='ltr'><strong>quod</strong></span> <span class='ocrx_word' id='word_1_516' title='bbox 1007 3380 1047 3435; x_wconf 89' lang='lat' dir='ltr'><strong>sic</strong></span> <span class='ocrx_word' id='word_1_517' title='bbox 1060 3380 1135 3435; x_wconf 89' lang='lat' dir='ltr'><strong>beati</strong></span> <span class='ocrx_word' id='word_1_518' title='bbox 1146 3396 1199 3434; x_wconf 88' lang='lat' dir='ltr'><strong>nec</strong></span> <span class='ocrx_word' id='word_1_519' title='bbox 1211 3379 1283 3445; x_wconf 91' lang='lat' dir='ltr'><strong>cibo,</strong></span> <span class='ocrx_word' id='word_1_520' title='bbox 1301 3395 1353 3434; x_wconf 91' lang='lat' dir='ltr'><strong>nec</strong></span> <span class='ocrx_word' id='word_1_521' title='bbox 1371 3384 1448 3450; x_wconf 88' lang='lat' dir='ltr'><strong>potu,</strong></span> <span class='ocrx_word' id='word_1_522' title='bbox 1467 3397 1521 3435; x_wconf 87' lang='lat' dir='ltr'><strong>nec</strong></span> <span class='ocrx_word' id='word_1_523' title='bbox 1532 3396 1635 3448; x_wconf 88' lang='lat' dir='ltr'><strong>somno,</strong></span> <span class='ocrx_word' id='word_1_524' title='bbox 1653 3397 1705 3436; x_wconf 86' lang='lat' dir='ltr'><strong>nec</strong></span> <span class='ocrx_word' id='word_1_525' title='bbox 1719 3379 1844 3436; x_wconf 85' lang='lat' dir='ltr'><strong>vestibus</strong></span> 
     </span>
     <span class='ocr_line' id='line_1_38' title="bbox 144 3463 1845 3537; baseline -0.001 -14"><span class='ocrx_word' id='word_1_526' title='bbox 144 3469 175 3522; x_wconf 86' lang='lat' dir='ltr'><strong>irs</strong></span> <span class='ocrx_word' id='word_1_527' title='bbox 186 3469 317 3537; x_wconf 87' lang='lat' dir='ltr'><strong>spiritum</strong></span> <span class='ocrx_word' id='word_1_528' title='bbox 335 3467 607 3532; x_wconf 83' lang='lat' dir='ltr'><strong>transmutabuntur,</strong></span> <span class='ocrx_word' id='word_1_529' title='bbox 627 3475 677 3520; x_wconf 88' lang='lat' dir='ltr'><strong>aut</strong></span> <span class='ocrx_word' id='word_1_530' title='bbox 695 3468 907 3536; x_wconf 75' lang='lat' dir='ltr'><strong>quodejusdcm</strong></span> <span class='ocrx_word' id='word_1_531' title='bbox 918 3468 980 3521; x_wconf 67' lang='lat' dir='ltr'><strong>sub</strong></span> <span class='ocrx_word' id='word_1_532' title='bbox 1007 3464 1188 3536; x_wconf 80' lang='lat' dir='ltr'><strong>indigebunt,</strong></span> <span class='ocrx_word' id='word_1_533' title='bbox 1214 3467 1282 3536; x_wconf 87' lang='lat' dir='ltr'><strong>quia</strong></span> <span class='ocrx_word' id='word_1_534' title='bbox 1308 3463 1452 3519; x_wconf 84' lang='lat' dir='ltr'><strong>habebunt</strong></span> <span class='ocrx_word' id='word_1_535' title='bbox 1476 3481 1593 3536; x_wconf 89' lang='lat' dir='ltr'><strong>corpora</strong></span> <span class='ocrx_word' id='word_1_536' title='bbox 1618 3466 1781 3536; x_wconf 81' lang='lat' dir='ltr'><strong>spiritualia</strong></span> <span class='ocrx_word' id='word_1_537' title='bbox 1819 3471 1845 3522; x_wconf 91' lang='grc'><strong>3.</strong></span> 
     </span>
     <span class='ocr_line' id='line_1_39' title="bbox 143 3551 1844 3622; baseline -0.001 -15"><span class='ocrx_word' id='word_1_538' title='bbox 143 3555 266 3609; x_wconf 71' lang='lat' dir='ltr'><strong>murae</strong></span> <span class='ocrx_word' id='word_1_539' title='bbox 285 3570 348 3606; x_wconf 87' lang='lat' dir='ltr'><strong>cum</strong></span> <span class='ocrx_word' id='word_1_540' title='bbox 358 3551 470 3621; x_wconf 80' lang='lat' dir='ltr'><strong>Spiritu</strong></span> <span class='ocrx_word' id='word_1_541' title='bbox 482 3560 580 3606; x_wconf 89' lang='lat' dir='ltr'><strong>sancto</strong></span> <span class='ocrx_word' id='word_1_542' title='bbox 598 3559 688 3616; x_wconf 85' lang='lat' dir='ltr'><strong>crunt,</strong></span> <span class='ocrx_word' id='word_1_543' title='bbox 705 3553 843 3607; x_wconf 77' lang='lat' dir='ltr'><strong>nabebunt</strong></span> <span class='ocrx_word' id='word_1_544' title='bbox 863 3553 937 3607; x_wconf 89' lang='lat' dir='ltr'><strong>enim</strong></span> <span class='ocrx_word' id='word_1_545' title='bbox 954 3561 980 3607; x_wconf 91' lang='lat' dir='ltr'><strong>et</strong></span> <span class='ocrx_word' id='word_1_546' title='bbox 1013 3551 1090 3606; x_wconf 89' lang='lat' dir='ltr'><strong>Visio</strong></span> <span class='ocrx_word' id='word_1_547' title='bbox 1111 3551 1313 3620; x_wconf 79' lang='lat' dir='ltr'><strong>apocalyptica</strong></span> <span class='ocrx_word' id='word_1_548' title='bbox 1331 3551 1419 3622; x_wconf 86' lang='lat' dir='ltr'><strong>Apoc.</strong></span> <span class='ocrx_word' id='word_1_549' title='bbox 1439 3557 1464 3607; x_wconf 81' lang='grc'><strong>7.</strong></span> <span class='ocrx_word' id='word_1_550' title='bbox 1485 3567 1511 3606; x_wconf 85' lang='lat' dir='ltr'><strong>v.</strong></span> <span class='ocrx_word' id='word_1_551' title='bbox 1532 3557 1576 3607; x_wconf 78' lang='lat'><strong>1⁵:</strong></span> <span class='ocrx_word' id='word_1_552' title='bbox 1596 3551 1750 3605; x_wconf 75' lang='lat' dir='ltr'><strong>Santouta</strong></span> <span class='ocrx_word' id='word_1_553' title='bbox 1768 3553 1844 3606; x_wconf 75' lang='lat' dir='ltr'><strong>tiero-</strong></span> 
     </span>
     <span class='ocr_line' id='line_1_40' title="bbox 142 3637 1845 3708; baseline -0.002 -14"><span class='ocrx_word' id='word_1_554' title='bbox 142 3638 301 3694; x_wconf 78' lang='lat' dir='ltr'><strong>retinslunt</strong></span> <span class='ocrx_word' id='word_1_555' title='bbox 323 3645 455 3692; x_wconf 88' lang='lat' dir='ltr'><strong>naturam</strong></span> <span class='ocrx_word' id='word_1_556' title='bbox 475 3655 525 3692; x_wconf 90' lang='lat' dir='ltr'><strong>seu</strong></span> <span class='ocrx_word' id='word_1_557' title='bbox 554 3639 738 3694; x_wconf 80' lang='lat' dir='ltr'><strong>substanttam</strong></span> <span class='ocrx_word' id='word_1_558' title='bbox 764 3639 906 3708; x_wconf 85' lang='lat' dir='ltr'><strong>corporis,</strong></span> <span class='ocrx_word' id='word_1_559' title='bbox 929 3642 981 3694; x_wconf 84' lang='lat' dir='ltr'><strong>sed</strong></span> <span class='ocrx_word' id='word_1_560' title='bbox 1007 3656 1073 3692; x_wconf 89' lang='lat' dir='ltr'><strong>num</strong></span> <span class='ocrx_word' id='word_1_561' title='bbox 1092 3638 1150 3691; x_wconf 89' lang='lat' dir='ltr'><strong>Dei</strong></span> <span class='ocrx_word' id='word_1_562' title='bbox 1165 3643 1191 3690; x_wconf 88' lang='lat' dir='ltr'><strong>et</strong></span> <span class='ocrx_word' id='word_1_563' title='bbox 1209 3637 1334 3691; x_wconf 83' lang='lat' dir='ltr'><strong>seruiunt</strong></span> <span class='ocrx_word' id='word_1_564' title='bbox 1353 3638 1380 3692; x_wconf 91' lang='lat' dir='ltr'><strong>ci</strong></span> <span class='ocrx_word' id='word_1_565' title='bbox 1398 3637 1445 3691; x_wconf 83' lang='lat' dir='ltr'><strong>die</strong></span> <span class='ocrx_word' id='word_1_566' title='bbox 1463 3655 1498 3690; x_wconf 89' lang='lat' dir='ltr'><strong>ac</strong></span> <span class='ocrx_word' id='word_1_567' title='bbox 1515 3645 1595 3691; x_wconf 88' lang='lat' dir='ltr'><strong>nocte</strong></span> <span class='ocrx_word' id='word_1_568' title='bbox 1615 3637 1645 3691; x_wconf 92' lang='lat' dir='ltr'><strong>in</strong></span> <span class='ocrx_word' id='word_1_569' title='bbox 1664 3639 1768 3707; x_wconf 86' lang='lat' dir='ltr'><strong>templo</strong></span> <span class='ocrx_word' id='word_1_570' title='bbox 1782 3639 1845 3707; x_wconf 84' lang='lat' dir='ltr'><strong>ejus</strong></span> 
     </span>
     <span class='ocr_line' id='line_1_41' title="bbox 143 3721 1846 3796; baseline -0.001 -16"><span class='ocrx_word' id='word_1_571' title='bbox 143 3732 227 3780; x_wconf 85' lang='lat' dir='ltr'><strong>erunt</strong></span> <span class='ocrx_word' id='word_1_572' title='bbox 238 3725 415 3794; x_wconf 61' lang='lat' dir='ltr'><strong>pinnata,</strong></span> <span class='ocrx_word' id='word_1_573' title='bbox 435 3725 504 3793; x_wconf 78' lang='lat' dir='ltr'><strong>quia</strong></span> <span class='ocrx_word' id='word_1_574' title='bbox 517 3726 595 3793; x_wconf 78' lang='lat' dir='ltr'><strong>quoa</strong></span> <span class='ocrx_word' id='word_1_575' title='bbox 609 3741 682 3778; x_wconf 86' lang='lat' dir='ltr'><strong>nnnc</strong></span> <span class='ocrx_word' id='word_1_576' title='bbox 695 3725 793 3778; x_wconf 88' lang='lat' dir='ltr'><strong>anima</strong></span> <span class='ocrx_word' id='word_1_577' title='bbox 806 3732 846 3778; x_wconf 88' lang='lat' dir='ltr'><strong>est</strong></span> <span class='ocrx_word' id='word_1_578' title='bbox 856 3727 980 3796; x_wconf 81' lang='lat' dir='ltr'><strong>corpori,</strong></span> <span class='ocrx_word' id='word_1_579' title='bbox 1008 3731 1085 3795; x_wconf 78' lang='lat' dir='ltr'><strong>tergo</strong></span> <span class='ocrx_word' id='word_1_580' title='bbox 1109 3740 1165 3778; x_wconf 91' lang='lat' dir='ltr'><strong>non</strong></span> <span class='ocrx_word' id='word_1_581' title='bbox 1190 3721 1332 3777; x_wconf 86' lang='lat' dir='ltr'><strong>dorminut</strong></span> <span class='ocrx_word' id='word_1_582' title='bbox 1354 3739 1406 3777; x_wconf 87' lang='lat' dir='ltr'><strong>nec</strong></span> <span class='ocrx_word' id='word_1_583' title='bbox 1424 3722 1546 3793; x_wconf 89' lang='lat' dir='ltr'><strong>quictem</strong></span> <span class='ocrx_word' id='word_1_584' title='bbox 1562 3723 1689 3793; x_wconf 85' lang='lat' dir='ltr'><strong>capiunt,</strong></span> <span class='ocrx_word' id='word_1_585' title='bbox 1714 3739 1771 3794; x_wconf 86' lang='lat' dir='ltr'><strong>qua</strong></span> <span class='ocrx_word' id='word_1_586' title='bbox 1791 3723 1846 3778; x_wconf 90' lang='lat' dir='ltr'><strong>Dei</strong></span> 
     </span>
     <span class='ocr_line' id='line_1_42' title="bbox 143 3807 1846 3881; baseline 0.001 -17"><span class='ocrx_word' id='word_1_587' title='bbox 143 3812 197 3866; x_wconf 78' lang='lat' dir='ltr'><strong>isac</strong></span> <span class='ocrx_word' id='word_1_588' title='bbox 220 3817 298 3880; x_wconf 84' lang='lat' dir='ltr'><strong>tunc,</strong></span> <span class='ocrx_word' id='word_1_589' title='bbox 323 3817 439 3878; x_wconf 85' lang='lat' dir='ltr'><strong>sacepta</strong></span> <span class='ocrx_word' id='word_1_590' title='bbox 464 3809 642 3879; x_wconf 72' lang='lat' dir='ltr'><strong>hypostatica</strong></span> <span class='ocrx_word' id='word_1_591' title='bbox 666 3811 780 3864; x_wconf 91' lang='lat' dir='ltr'><strong>animas</strong></span> <span class='ocrx_word' id='word_1_592' title='bbox 805 3819 830 3866; x_wconf 90' lang='lat' dir='ltr'><strong>et</strong></span> <span class='ocrx_word' id='word_1_593' title='bbox 853 3813 982 3881; x_wconf 90' lang='lat' dir='ltr'><strong>corporis</strong></span> <span class='ocrx_word' id='word_1_594' title='bbox 1008 3809 1152 3865; x_wconf 82' lang='lat' dir='ltr'><strong>servitium</strong></span> <span class='ocrx_word' id='word_1_595' title='bbox 1169 3808 1199 3862; x_wconf 90' lang='lat' dir='ltr'><strong>in</strong></span> <span class='ocrx_word' id='word_1_596' title='bbox 1219 3807 1288 3878; x_wconf 88' lang='lat' dir='ltr'><strong>ipsis</strong></span> <span class='ocrx_word' id='word_1_597' title='bbox 1300 3808 1536 3878; x_wconf 85' lang='lat' dir='ltr'><strong>interrumpatur),</strong></span> <span class='ocrx_word' id='word_1_598' title='bbox 1554 3826 1580 3863; x_wconf 85' lang='lat' dir='ltr'><strong>v.</strong></span> <span class='ocrx_word' id='word_1_599' title='bbox 1594 3815 1635 3865; x_wconf 83' lang='grc'><strong>16.</strong></span> <span class='ocrx_word' id='word_1_600' title='bbox 1653 3827 1711 3864; x_wconf 92' lang='lat' dir='ltr'><strong>non</strong></span> <span class='ocrx_word' id='word_1_601' title='bbox 1722 3810 1846 3865; x_wconf 73' lang='lat' dir='ltr'><strong>uariant</strong></span> 
     </span>
     <span class='ocr_line' id='line_1_43' title="bbox 143 3894 1846 3967; baseline -0.001 -15"><span class='ocrx_word' id='word_1_602' title='bbox 143 3896 257 3964; x_wconf 88' lang='lat' dir='ltr'><strong>unione,</strong></span> <span class='ocrx_word' id='word_1_603' title='bbox 280 3894 399 3965; x_wconf 81' lang='lat' dir='ltr'><strong>spiritus</strong></span> <span class='ocrx_word' id='word_1_604' title='bbox 417 3902 445 3949; x_wconf 90' lang='lat' dir='ltr'><strong>et</strong></span> <span class='ocrx_word' id='word_1_605' title='bbox 462 3895 575 3949; x_wconf 89' lang='lat' dir='ltr'><strong>animae</strong></span> <span class='ocrx_word' id='word_1_606' title='bbox 595 3896 648 3950; x_wconf 90' lang='lat' dir='ltr'><strong>erit</strong></span> <span class='ocrx_word' id='word_1_607' title='bbox 666 3905 694 3950; x_wconf 91' lang='lat' dir='ltr'><strong>st</strong></span> <span class='ocrx_word' id='word_1_608' title='bbox 712 3898 835 3966; x_wconf 85' lang='lat' dir='ltr'><strong>corpori.</strong></span> <span class='ocrx_word' id='word_1_609' title='bbox 874 3897 982 3967; x_wconf 84' lang='lat' dir='ltr'><strong>Corpus</strong></span> <span class='ocrx_word' id='word_1_610' title='bbox 1008 3911 1097 3965; x_wconf 82' lang='lat' dir='ltr'><strong>nsque</strong></span> <span class='ocrx_word' id='word_1_611' title='bbox 1117 3895 1215 3948; x_wconf 88' lang='lat' dir='ltr'><strong>sitient</strong></span> <span class='ocrx_word' id='word_1_612' title='bbox 1238 3894 1363 3963; x_wconf 88' lang='lat' dir='ltr'><strong>amplius</strong></span> <span class='ocrx_word' id='word_1_613' title='bbox 1388 3895 1471 3963; x_wconf 87' lang='lat' dir='ltr'><strong>(sicut</strong></span> <span class='ocrx_word' id='word_1_614' title='bbox 1487 3896 1516 3949; x_wconf 91' lang='lat' dir='ltr'><strong>in</strong></span> <span class='ocrx_word' id='word_1_615' title='bbox 1530 3896 1584 3950; x_wconf 89' lang='lat' dir='ltr'><strong>hac</strong></span> <span class='ocrx_word' id='word_1_616' title='bbox 1602 3896 1675 3963; x_wconf 80' lang='lat' dir='ltr'><strong>vita,</strong></span> <span class='ocrx_word' id='word_1_617' title='bbox 1699 3912 1767 3967; x_wconf 75' lang='lat' dir='ltr'><strong>ergo</strong></span> <span class='ocrx_word' id='word_1_618' title='bbox 1790 3912 1846 3951; x_wconf 90' lang='lat' dir='ltr'><strong>non</strong></span> 
     </span>
     <span class='ocr_line' id='line_1_44' title="bbox 144 3980 1845 4053; baseline 0.001 -16"><span class='ocrx_word' id='word_1_619' title='bbox 144 3983 218 4038; x_wconf 85' lang='lat' dir='ltr'><strong>enim</strong></span> <span class='ocrx_word' id='word_1_620' title='bbox 238 3981 342 4050; x_wconf 69' lang='lat' dir='ltr'><strong>atique</strong></span> <span class='ocrx_word' id='word_1_621' title='bbox 364 3981 467 4035; x_wconf 82' lang='lat' dir='ltr'><strong>mediis</strong></span> <span class='ocrx_word' id='word_1_622' title='bbox 489 4001 509 4035; x_wconf 92' lang='lat' dir='ltr'><strong>a</strong></span> <span class='ocrx_word' id='word_1_623' title='bbox 530 3982 634 4051; x_wconf 86' lang='lat' dir='ltr'><strong>spiritu</strong></span> <span class='ocrx_word' id='word_1_624' title='bbox 652 3984 851 4037; x_wconf 81' lang='lat' dir='ltr'><strong>sustentabitur</strong></span> <span class='ocrx_word' id='word_1_625' title='bbox 871 3991 897 4037; x_wconf 89' lang='lat' dir='ltr'><strong>et</strong></span> <span class='ocrx_word' id='word_1_626' title='bbox 919 4001 982 4038; x_wconf 89' lang='lat' dir='ltr'><strong>con·</strong></span> <span class='ocrx_word' id='word_1_627' title='bbox 1009 3980 1176 4053; x_wconf 81' lang='lat' dir='ltr'><strong>indigebunt</strong></span> <span class='ocrx_word' id='word_1_628' title='bbox 1212 3980 1412 4035; x_wconf 84' lang='lat' dir='ltr'><strong>sustentatione</strong></span> <span class='ocrx_word' id='word_1_629' title='bbox 1449 3998 1500 4052; x_wconf 87' lang='lat' dir='ltr'><strong>per</strong></span> <span class='ocrx_word' id='word_1_630' title='bbox 1533 3981 1627 4038; x_wconf 91' lang='lat' dir='ltr'><strong>cibum</strong></span> <span class='ocrx_word' id='word_1_631' title='bbox 1662 3998 1696 4037; x_wconf 89' lang='lat' dir='ltr'><strong>ac</strong></span> <span class='ocrx_word' id='word_1_632' title='bbox 1731 3984 1845 4053; x_wconf 76' lang='lat' dir='ltr'><strong>potumi.</strong></span> 
     </span>
     <span class='ocr_line' id='line_1_45' title="bbox 144 4065 1845 4139; baseline -0.002 -15"><span class='ocrx_word' id='word_1_633' title='bbox 144 4066 315 4135; x_wconf 71' lang='lat' dir='ltr'><strong>caracter,</strong></span> <span class='ocrx_word' id='word_1_634' title='bbox 338 4075 366 4120; x_wconf 88' lang='lat' dir='ltr'><strong>ct</strong></span> <span class='ocrx_word' id='word_1_635' title='bbox 383 4083 485 4137; x_wconf 76' lang='lat' dir='ltr'><strong>corpses</strong></span> <span class='ocrx_word' id='word_1_636' title='bbox 506 4086 565 4122; x_wconf 89' lang='lat' dir='ltr'><strong>una</strong></span> <span class='ocrx_word' id='word_1_637' title='bbox 583 4085 645 4122; x_wconf 89' lang='lat' dir='ltr'><strong>cum</strong></span> <span class='ocrx_word' id='word_1_638' title='bbox 663 4069 761 4122; x_wconf 90' lang='lat' dir='ltr'><strong>anima</strong></span> <span class='ocrx_word' id='word_1_639' title='bbox 775 4069 983 4138; x_wconf 80' lang='lat' dir='ltr'><strong>perfectissime</strong></span> <span class='ocrx_word' id='word_1_640' title='bbox 1009 4074 1035 4124; x_wconf 79' lang='lat' dir='ltr'><strong>t.</strong></span> <span class='ocrx_word' id='word_1_641' title='bbox 1060 4069 1156 4139; x_wconf 80' lang='lat' dir='ltr'><strong>Tppas</strong></span> <span class='ocrx_word' id='word_1_642' title='bbox 1168 4066 1280 4134; x_wconf 75' lang='lat' dir='ltr'><strong>Moysis</strong></span> <span class='ocrx_word' id='word_1_643' title='bbox 1298 4074 1325 4120; x_wconf 91' lang='lat' dir='ltr'><strong>et</strong></span> <span class='ocrx_word' id='word_1_644' title='bbox 1339 4067 1435 4124; x_wconf 87' lang='lat' dir='ltr'><strong>Elias.</strong></span> <span class='ocrx_word' id='word_1_645' title='bbox 1471 4065 1584 4137; x_wconf 81' lang='lat' dir='ltr'><strong>Moyses</strong></span> <span class='ocrx_word' id='word_1_646' title='bbox 1604 4069 1633 4123; x_wconf 93' lang='lat' dir='ltr'><strong>in</strong></span> <span class='ocrx_word' id='word_1_647' title='bbox 1647 4072 1741 4123; x_wconf 88' lang='lat' dir='ltr'><strong>monte</strong></span> <span class='ocrx_word' id='word_1_648' title='bbox 1753 4066 1845 4121; x_wconf 88' lang='lat' dir='ltr'><strong>Deum</strong></span> 
     </span>
     <span class='ocr_line' id='line_1_46' title="bbox 144 4150 1845 4224; baseline -0.003 -14"><span class='ocrx_word' id='word_1_649' title='bbox 144 4155 272 4224; x_wconf 78' lang='lat' dir='ltr'><strong>subjecta</strong></span> <span class='ocrx_word' id='word_1_650' title='bbox 292 4161 373 4208; x_wconf 79' lang='lat' dir='ltr'><strong>errsnt</strong></span> <span class='ocrx_word' id='word_1_651' title='bbox 392 4154 491 4207; x_wconf 78' lang='lat' dir='ltr'><strong>aeaut</strong></span> <span class='ocrx_word' id='word_1_652' title='bbox 510 4171 544 4209; x_wconf 92' lang='lat' dir='ltr'><strong>ac</strong></span> <span class='ocrx_word' id='word_1_653' title='bbox 562 4155 762 4224; x_wconf 79' lang='lat' dir='ltr'><strong>paternationi</strong></span> <span class='ocrx_word' id='word_1_654' title='bbox 783 4155 910 4224; x_wconf 84' lang='lat' dir='ltr'><strong>spiritus.</strong></span> <span class='ocrx_word' id='word_1_655' title='bbox 945 4155 982 4208; x_wconf 89' lang='lat' dir='ltr'><strong>ln</strong></span> <span class='ocrx_word' id='word_1_656' title='bbox 1008 4153 1107 4208; x_wconf 86' lang='lat' dir='ltr'><strong>videns</strong></span> <span class='ocrx_word' id='word_1_657' title='bbox 1131 4170 1182 4223; x_wconf 92' lang='lat' dir='ltr'><strong>per</strong></span> <span class='ocrx_word' id='word_1_658' title='bbox 1204 4150 1392 4223; x_wconf 76' lang='lat' dir='ltr'><strong>quadraginta</strong></span> <span class='ocrx_word' id='word_1_659' title='bbox 1415 4150 1474 4206; x_wconf 88' lang='lat' dir='ltr'><strong>dies</strong></span> <span class='ocrx_word' id='word_1_660' title='bbox 1499 4160 1528 4206; x_wconf 90' lang='lat' dir='ltr'><strong>et</strong></span> <span class='ocrx_word' id='word_1_661' title='bbox 1547 4158 1641 4206; x_wconf 89' lang='lat' dir='ltr'><strong>noctes</strong></span> <span class='ocrx_word' id='word_1_662' title='bbox 1655 4153 1771 4221; x_wconf 86' lang='lat' dir='ltr'><strong>jejunus</strong></span> <span class='ocrx_word' id='word_1_663' title='bbox 1789 4167 1845 4205; x_wconf 88' lang='lat' dir='ltr'><strong>rnn-</strong></span> 
     </span>
     <span class='ocr_line' id='line_1_47' title="bbox 144 4236 1846 4312; baseline -0.004 -16"><span class='ocrx_word' id='word_1_664' title='bbox 144 4242 199 4296; x_wconf 79' lang='lat' dir='ltr'><strong>iiac</strong></span> <span class='ocrx_word' id='word_1_665' title='bbox 226 4240 301 4297; x_wconf 89' lang='lat' dir='ltr'><strong>euim</strong></span> <span class='ocrx_word' id='word_1_666' title='bbox 331 4240 390 4295; x_wconf 87' lang='lat' dir='ltr'><strong>cita</strong></span> <span class='ocrx_word' id='word_1_667' title='bbox 423 4242 519 4296; x_wconf 87' lang='lat' dir='ltr'><strong>renati</strong></span> <span class='ocrx_word' id='word_1_668' title='bbox 545 4243 576 4294; x_wconf 89' lang='lat' dir='ltr'><strong>iu</strong></span> <span class='ocrx_word' id='word_1_669' title='bbox 607 4241 692 4295; x_wconf 83' lang='lat' dir='ltr'><strong>rebus</strong></span> <span class='ocrx_word' id='word_1_670' title='bbox 719 4243 761 4295; x_wconf 85' lang='lat' dir='ltr'><strong>ad</strong></span> <span class='ocrx_word' id='word_1_671' title='bbox 793 4244 887 4296; x_wconf 88' lang='lat' dir='ltr'><strong>Deum</strong></span> <span class='ocrx_word' id='word_1_672' title='bbox 914 4257 981 4312; x_wconf 88' lang='lat' dir='ltr'><strong>per·</strong></span> <span class='ocrx_word' id='word_1_673' title='bbox 1007 4255 1075 4294; x_wconf 88' lang='lat' dir='ltr'><strong>nens</strong></span> <span class='ocrx_word' id='word_1_674' title='bbox 1093 4238 1233 4308; x_wconf 88' lang='lat' dir='ltr'><strong>corporali</strong></span> <span class='ocrx_word' id='word_1_675' title='bbox 1256 4238 1320 4293; x_wconf 92' lang='lat' dir='ltr'><strong>cibo</strong></span> <span class='ocrx_word' id='word_1_676' title='bbox 1338 4253 1394 4292; x_wconf 90' lang='lat' dir='ltr'><strong>non</strong></span> <span class='ocrx_word' id='word_1_677' title='bbox 1411 4237 1569 4309; x_wconf 63' lang='lat' dir='ltr'><strong>indigebam</strong></span> <span class='ocrx_word' id='word_1_678' title='bbox 1597 4237 1638 4291; x_wconf 91' lang='lat' dir='ltr'><strong>sic</strong></span> <span class='ocrx_word' id='word_1_679' title='bbox 1656 4237 1725 4290; x_wconf 79' lang='lat' dir='ltr'><strong>visio</strong></span> <span class='ocrx_word' id='word_1_680' title='bbox 1743 4236 1798 4292; x_wconf 87' lang='lat' dir='ltr'><strong>Dei</strong></span> <span class='ocrx_word' id='word_1_681' title='bbox 1816 4236 1846 4290; x_wconf 93' lang='lat' dir='ltr'><strong>in</strong></span> 
     </span>
     <span class='ocr_line' id='line_1_48' title="bbox 145 4321 1846 4400; baseline -0.004 -18"><span class='ocrx_word' id='word_1_682' title='bbox 145 4325 294 4382; x_wconf 70' lang='lat' dir='ltr'><strong>amentiae</strong></span> <span class='ocrx_word' id='word_1_683' title='bbox 311 4332 435 4392; x_wconf 79' lang='lat' dir='ltr'><strong>apuntur</strong></span> <span class='ocrx_word' id='word_1_684' title='bbox 448 4325 559 4394; x_wconf 76' lang='lat' dir='ltr'><strong>Spiritu</strong></span> <span class='ocrx_word' id='word_1_685' title='bbox 568 4327 635 4391; x_wconf 87' lang='lat' dir='ltr'><strong>Dei,</strong></span> <span class='ocrx_word' id='word_1_686' title='bbox 653 4328 706 4380; x_wconf 82' lang='lat' dir='ltr'><strong>sed</strong></span> <span class='ocrx_word' id='word_1_687' title='bbox 723 4342 756 4380; x_wconf 83' lang='lat' dir='ltr'><strong>ec</strong></span> <span class='ocrx_word' id='word_1_688' title='bbox 768 4335 855 4400; x_wconf 87' lang='lat' dir='ltr'><strong>parte</strong></span> <span class='ocrx_word' id='word_1_689' title='bbox 873 4335 981 4381; x_wconf 84' lang='lat' dir='ltr'><strong>tantum</strong></span> <span class='ocrx_word' id='word_1_690' title='bbox 1007 4326 1067 4380; x_wconf 80' lang='lat' dir='ltr'><strong>vita</strong></span> <span class='ocrx_word' id='word_1_691' title='bbox 1086 4330 1201 4381; x_wconf 88' lang='lat' dir='ltr'><strong>aeterna</strong></span> <span class='ocrx_word' id='word_1_692' title='bbox 1226 4323 1333 4395; x_wconf 89' lang='lat' dir='ltr'><strong>absque</strong></span> <span class='ocrx_word' id='word_1_693' title='bbox 1352 4322 1408 4378; x_wconf 93' lang='lat' dir='ltr'><strong>cibi</strong></span> <span class='ocrx_word' id='word_1_694' title='bbox 1429 4339 1462 4378; x_wconf 92' lang='lat' dir='ltr'><strong>ac</strong></span> <span class='ocrx_word' id='word_1_695' title='bbox 1482 4329 1566 4393; x_wconf 91' lang='lat' dir='ltr'><strong>potus</strong></span> <span class='ocrx_word' id='word_1_696' title='bbox 1585 4322 1710 4392; x_wconf 88' lang='lat' dir='ltr'><strong>corporei</strong></span> <span class='ocrx_word' id='word_1_697' title='bbox 1729 4321 1846 4377; x_wconf 86' lang='lat' dir='ltr'><strong>admini-</strong></span> 
     </span>
     <span class='ocr_line' id='line_1_49' title="bbox 146 4407 1845 4481; baseline -0.003 -12"><span class='ocrx_word' id='word_1_698' title='bbox 146 4422 173 4469; x_wconf 90' lang='lat' dir='ltr'><strong>et</strong></span> <span class='ocrx_word' id='word_1_699' title='bbox 191 4411 370 4481; x_wconf 81' lang='lat' dir='ltr'><strong>imperfecte,</strong></span> <span class='ocrx_word' id='word_1_700' title='bbox 394 4419 483 4465; x_wconf 87' lang='lat' dir='ltr'><strong>mente</strong></span> <span class='ocrx_word' id='word_1_701' title='bbox 501 4412 574 4465; x_wconf 89' lang='lat' dir='ltr'><strong>enim</strong></span> <span class='ocrx_word' id='word_1_702' title='bbox 592 4414 745 4467; x_wconf 78' lang='lat' dir='ltr'><strong>recaredum</strong></span> <span class='ocrx_word' id='word_1_703' title='bbox 759 4412 919 4468; x_wconf 85' lang='lat' dir='ltr'><strong>interiorem</strong></span> <span class='ocrx_word' id='word_1_704' title='bbox 935 4414 982 4468; x_wconf 78' lang='lat' dir='ltr'><strong>lio·</strong></span> <span class='ocrx_word' id='word_1_705' title='bbox 1008 4412 1071 4467; x_wconf 91' lang='lat' dir='ltr'><strong>culo</strong></span> <span class='ocrx_word' id='word_1_706' title='bbox 1098 4427 1199 4481; x_wconf 88' lang='lat' dir='ltr'><strong>corpus</strong></span> <span class='ocrx_word' id='word_1_707' title='bbox 1222 4416 1252 4464; x_wconf 87' lang='lat' dir='ltr'><strong>ct</strong></span> <span class='ocrx_word' id='word_1_708' title='bbox 1274 4409 1394 4464; x_wconf 87' lang='lat' dir='ltr'><strong>animam</strong></span> <span class='ocrx_word' id='word_1_709' title='bbox 1416 4408 1561 4464; x_wconf 84' lang='lat' dir='ltr'><strong>beatorum</strong></span> <span class='ocrx_word' id='word_1_710' title='bbox 1587 4408 1709 4468; x_wconf 74' lang='lat' dir='ltr'><strong>sedabit.</strong></span> <span class='ocrx_word' id='word_1_711' title='bbox 1754 4407 1845 4464; x_wconf 86' lang='lat' dir='ltr'><strong>Eliam</strong></span> 
     </span>
     <span class='ocr_line' id='line_1_50' title="bbox 145 4493 1846 4567; baseline -0.001 -14"><span class='ocrx_word' id='word_1_712' title='bbox 145 4498 247 4553; x_wconf 87' lang='lat' dir='ltr'><strong>minem</strong></span> <span class='ocrx_word' id='word_1_713' title='bbox 268 4496 383 4550; x_wconf 63' lang='lat' dir='ltr'><strong>duntur</strong></span> <span class='ocrx_word' id='word_1_714' title='bbox 404 4497 515 4551; x_wconf 78' lang='lat' dir='ltr'><strong>Pasira</strong></span> <span class='ocrx_word' id='word_1_715' title='bbox 536 4497 649 4566; x_wconf 76' lang='lat' dir='ltr'><strong>Spiritu</strong></span> <span class='ocrx_word' id='word_1_716' title='bbox 666 4498 726 4552; x_wconf 89' lang='lat' dir='ltr'><strong>Dei</strong></span> <span class='ocrx_word' id='word_1_717' title='bbox 750 4499 829 4552; x_wconf 83' lang='lat' dir='ltr'><strong>Rom.</strong></span> <span class='ocrx_word' id='word_1_718' title='bbox 853 4503 875 4553; x_wconf 89' lang='lat'><strong>7.</strong></span> <span class='ocrx_word' id='word_1_719' title='bbox 899 4506 983 4567; x_wconf 82' lang='lat' dir='ltr'><strong>atque</strong></span> <span class='ocrx_word' id='word_1_720' title='bbox 1008 4497 1104 4551; x_wconf 90' lang='lat' dir='ltr'><strong>itidem</strong></span> <span class='ocrx_word' id='word_1_721' title='bbox 1125 4495 1186 4550; x_wconf 91' lang='lat' dir='ltr'><strong>sine</strong></span> <span class='ocrx_word' id='word_1_722' title='bbox 1200 4494 1264 4549; x_wconf 92' lang='lat' dir='ltr'><strong>cibo</strong></span> <span class='ocrx_word' id='word_1_723' title='bbox 1281 4499 1309 4549; x_wconf 89' lang='lat' dir='ltr'><strong>ct</strong></span> <span class='ocrx_word' id='word_1_724' title='bbox 1327 4499 1397 4564; x_wconf 92' lang='lat' dir='ltr'><strong>potu</strong></span> <span class='ocrx_word' id='word_1_725' title='bbox 1416 4493 1598 4563; x_wconf 83' lang='lat' dir='ltr'><strong>omnipotenti</strong></span> <span class='ocrx_word' id='word_1_726' title='bbox 1616 4510 1667 4548; x_wconf 86' lang='lat' dir='ltr'><strong>sna</strong></span> <span class='ocrx_word' id='word_1_727' title='bbox 1679 4494 1782 4551; x_wconf 69' lang='lat' dir='ltr'><strong>urtnte</strong></span> <span class='ocrx_word' id='word_1_728' title='bbox 1796 4510 1846 4566; x_wconf 86' lang='lat' dir='ltr'><strong>per</strong></span> 
     </span>
     <span class='ocr_line' id='line_1_51' title="bbox 146 4577 1846 4651; baseline -0.002 -12"><span class='ocrx_word' id='word_1_729' title='bbox 146 4583 280 4639; x_wconf 78' lang='lat' dir='ltr'><strong>natata</strong></span> <span class='ocrx_word' id='word_1_730' title='bbox 294 4588 444 4639; x_wconf 75' lang='grc' dir='ltr'><strong><em>κοινωνίαν</em></strong></span> <span class='ocrx_word' id='word_1_731' title='bbox 459 4581 586 4651; x_wconf 60' lang='lat' dir='ltr'><strong>muna</strong></span> <span class='ocrx_word' id='word_1_732' title='bbox 600 4584 686 4637; x_wconf 89' lang='lat' dir='ltr'><strong>etiam</strong></span> <span class='ocrx_word' id='word_1_733' title='bbox 703 4585 733 4637; x_wconf 92' lang='lat' dir='ltr'><strong>in</strong></span> <span class='ocrx_word' id='word_1_734' title='bbox 745 4581 982 4640; x_wconf 71' lang='lat' dir='ltr'><strong>mastruca.</strong></span> <span class='ocrx_word' id='word_1_735' title='bbox 1008 4582 1125 4638; x_wconf 92' lang='lat' dir='ltr'><strong>totidem</strong></span> <span class='ocrx_word' id='word_1_736' title='bbox 1139 4581 1198 4638; x_wconf 87' lang='lat' dir='ltr'><strong>dies</strong></span> <span class='ocrx_word' id='word_1_737' title='bbox 1210 4597 1244 4634; x_wconf 93' lang='lat' dir='ltr'><strong>ac</strong></span> <span class='ocrx_word' id='word_1_738' title='bbox 1257 4585 1352 4635; x_wconf 88' lang='lat' dir='ltr'><strong>noctes</strong></span> <span class='ocrx_word' id='word_1_739' title='bbox 1365 4577 1444 4633; x_wconf 89' lang='lat' dir='ltr'><strong>Deus</strong></span> <span class='ocrx_word' id='word_1_740' title='bbox 1456 4578 1639 4646; x_wconf 88' lang='lat' dir='ltr'><strong>sustentabat,</strong></span> <span class='ocrx_word' id='word_1_741' title='bbox 1656 4581 1755 4651; x_wconf 90' lang='lat' dir='ltr'><strong>quidni</strong></span> <span class='ocrx_word' id='word_1_742' title='bbox 1771 4581 1846 4636; x_wconf 91' lang='lat' dir='ltr'><strong>idem</strong></span> 
     </span>
     <span class='ocr_line' id='line_1_52' title="bbox 147 4661 1846 4738; baseline -0.002 -14"><span class='ocrx_word' id='word_1_743' title='bbox 147 4673 191 4725; x_wconf 79' lang='lat'><strong>13.</strong></span> <span class='ocrx_word' id='word_1_744' title='bbox 219 4684 306 4723; x_wconf 88' lang='lat' dir='ltr'><strong>carne</strong></span> <span class='ocrx_word' id='word_1_745' title='bbox 335 4674 429 4722; x_wconf 69' lang='lat' dir='ltr'><strong>auum</strong></span> <span class='ocrx_word' id='word_1_746' title='bbox 457 4670 543 4723; x_wconf 84' lang='lat' dir='ltr'><strong>seruit</strong></span> <span class='ocrx_word' id='word_1_747' title='bbox 557 4677 681 4738; x_wconf 87' lang='lat' dir='ltr'><strong>peccato,</strong></span> <span class='ocrx_word' id='word_1_748' title='bbox 708 4669 754 4723; x_wconf 80' lang='lat' dir='ltr'><strong>lea</strong></span> <span class='ocrx_word' id='word_1_749' title='bbox 783 4669 855 4722; x_wconf 87' lang='lat' dir='ltr'><strong>enim</strong></span> <span class='ocrx_word' id='word_1_750' title='bbox 871 4669 985 4738; x_wconf 86' lang='lat' dir='ltr'><strong>pcccati</strong></span> <span class='ocrx_word' id='word_1_751' title='bbox 1010 4665 1176 4722; x_wconf 85' lang='lat' dir='ltr'><strong>beneficium</strong></span> <span class='ocrx_word' id='word_1_752' title='bbox 1196 4663 1287 4721; x_wconf 85' lang='lat' dir='ltr'><strong>beatis</strong></span> <span class='ocrx_word' id='word_1_753' title='bbox 1305 4661 1453 4719; x_wconf 87' lang='lat' dir='ltr'><strong>coelitibus</strong></span> <span class='ocrx_word' id='word_1_754' title='bbox 1471 4672 1614 4735; x_wconf 83' lang='lat' dir='ltr'><strong>praestare</strong></span> <span class='ocrx_word' id='word_1_755' title='bbox 1633 4666 1736 4737; x_wconf 80' lang='lat' dir='ltr'><strong>possit?</strong></span> <span class='ocrx_word' id='word_1_756' title='bbox 1770 4666 1846 4726; x_wconf 78' lang='lat' dir='ltr'><strong>Non·</strong></span> 
     </span>
     <span class='ocr_line' id='line_1_53' title="bbox 148 4749 1846 4825; baseline -0.001 -16"><span class='ocrx_word' id='word_1_757' title='bbox 148 4757 178 4810; x_wconf 88' lang='lat' dir='ltr'><strong>in</strong></span> <span class='ocrx_word' id='word_1_758' title='bbox 197 4754 325 4809; x_wconf 61' lang='lat' dir='ltr'><strong>memmii</strong></span> <span class='ocrx_word' id='word_1_759' title='bbox 342 4754 373 4808; x_wconf 88' lang='lat' dir='ltr'><strong>in</strong></span> <span class='ocrx_word' id='word_1_760' title='bbox 390 4753 445 4809; x_wconf 81' lang='lat' dir='ltr'><strong>isac</strong></span> <span class='ocrx_word' id='word_1_761' title='bbox 457 4755 516 4810; x_wconf 84' lang='lat' dir='ltr'><strong>cita</strong></span> <span class='ocrx_word' id='word_1_762' title='bbox 527 4763 669 4825; x_wconf 84' lang='lat' dir='ltr'><strong>repupnat</strong></span> <span class='ocrx_word' id='word_1_763' title='bbox 687 4754 745 4823; x_wconf 79' lang='lat' dir='ltr'><strong>lcpi</strong></span> <span class='ocrx_word' id='word_1_764' title='bbox 755 4755 854 4808; x_wconf 88' lang='lat' dir='ltr'><strong>mentis</strong></span> <span class='ocrx_word' id='word_1_765' title='bbox 865 4756 983 4809; x_wconf 80' lang='lat' dir='ltr'><strong>Romi.</strong></span> <span class='ocrx_word' id='word_1_766' title='bbox 1011 4753 1077 4807; x_wconf 88' lang='lat' dir='ltr'><strong>dum</strong></span> <span class='ocrx_word' id='word_1_767' title='bbox 1096 4750 1209 4822; x_wconf 89' lang='lat' dir='ltr'><strong>quidem</strong></span> <span class='ocrx_word' id='word_1_768' title='bbox 1227 4750 1256 4805; x_wconf 92' lang='lat' dir='ltr'><strong>hi</strong></span> <span class='ocrx_word' id='word_1_769' title='bbox 1277 4750 1333 4805; x_wconf 89' lang='lat' dir='ltr'><strong>duo</strong></span> <span class='ocrx_word' id='word_1_770' title='bbox 1350 4749 1440 4804; x_wconf 89' lang='lat' dir='ltr'><strong>sancti</strong></span> <span class='ocrx_word' id='word_1_771' title='bbox 1457 4749 1610 4820; x_wconf 87' lang='lat' dir='ltr'><strong>prophetae</strong></span> <span class='ocrx_word' id='word_1_772' title='bbox 1627 4751 1781 4823; x_wconf 82' lang='lat' dir='ltr'><strong>glorificata</strong></span> <span class='ocrx_word' id='word_1_773' title='bbox 1799 4769 1846 4808; x_wconf 83' lang='lat' dir='ltr'><strong>ac·</strong></span> 
     </span>
     <span class='ocr_line' id='line_1_54' title="bbox 146 4836 1847 4913; baseline -0.002 -18"><span class='ocrx_word' id='word_1_774' title='bbox 146 4842 184 4896; x_wconf 92' lang='lat' dir='ltr'><strong>In</strong></span> <span class='ocrx_word' id='word_1_775' title='bbox 206 4841 414 4895; x_wconf 86' lang='lat' dir='ltr'><strong>resurrectione</strong></span> <span class='ocrx_word' id='word_1_776' title='bbox 435 4857 502 4895; x_wconf 84' lang='lat' dir='ltr'><strong>cero</strong></span> <span class='ocrx_word' id='word_1_777' title='bbox 523 4849 550 4896; x_wconf 87' lang='lat' dir='ltr'><strong>et</strong></span> <span class='ocrx_word' id='word_1_778' title='bbox 572 4858 675 4913; x_wconf 86' lang='lat' dir='ltr'><strong>corpus</strong></span> <span class='ocrx_word' id='word_1_779' title='bbox 709 4850 735 4894; x_wconf 91' lang='lat' dir='ltr'><strong>et</strong></span> <span class='ocrx_word' id='word_1_780' title='bbox 759 4841 856 4894; x_wconf 88' lang='lat' dir='ltr'><strong>anima</strong></span> <span class='ocrx_word' id='word_1_781' title='bbox 879 4841 984 4909; x_wconf 83' lang='lat' dir='ltr'><strong>absque</strong></span> <span class='ocrx_word' id='word_1_782' title='bbox 1012 4842 1145 4909; x_wconf 87' lang='lat' dir='ltr'><strong>ceperant</strong></span> <span class='ocrx_word' id='word_1_783' title='bbox 1164 4852 1289 4907; x_wconf 89' lang='lat' dir='ltr'><strong>corpora,</strong></span> <span class='ocrx_word' id='word_1_784' title='bbox 1306 4836 1417 4890; x_wconf 86' lang='lat' dir='ltr'><strong>interim</strong></span> <span class='ocrx_word' id='word_1_785' title='bbox 1435 4836 1610 4906; x_wconf 89' lang='lat' dir='ltr'><strong>praeludium</strong></span> <span class='ocrx_word' id='word_1_786' title='bbox 1630 4837 1771 4908; x_wconf 87' lang='lat' dir='ltr'><strong>quoddam</strong></span> <span class='ocrx_word' id='word_1_787' title='bbox 1787 4838 1847 4909; x_wconf 78' lang='lat' dir='ltr'><strong>glo·</strong></span> 
     </span>
     <span class='ocr_line' id='line_1_55' title="bbox 146 4920 1847 4999; baseline -0.004 -15"><span class='ocrx_word' id='word_1_788' title='bbox 146 4929 210 4984; x_wconf 86' lang='lat' dir='ltr'><strong>ullo</strong></span> <span class='ocrx_word' id='word_1_789' title='bbox 232 4926 422 4997; x_wconf 83' lang='lat' dir='ltr'><strong>repupnantia</strong></span> <span class='ocrx_word' id='word_1_790' title='bbox 444 4928 572 4999; x_wconf 85' lang='lat' dir='ltr'><strong>perfecte</strong></span> <span class='ocrx_word' id='word_1_791' title='bbox 596 4928 722 4996; x_wconf 52' lang='lat' dir='ltr'><strong>wacta</strong></span> <span class='ocrx_word' id='word_1_792' title='bbox 745 4936 826 4983; x_wconf 88' lang='lat' dir='ltr'><strong>erunt</strong></span> <span class='ocrx_word' id='word_1_793' title='bbox 843 4927 943 4981; x_wconf 86' lang='lat' dir='ltr'><strong>ductui</strong></span> <span class='ocrx_word' id='word_1_794' title='bbox 959 4936 984 4982; x_wconf 90' lang='lat' dir='ltr'><strong>st</strong></span> <span class='ocrx_word' id='word_1_795' title='bbox 1010 4922 1172 4980; x_wconf 84' lang='lat' dir='ltr'><strong>sificationis</strong></span> <span class='ocrx_word' id='word_1_796' title='bbox 1193 4939 1227 4978; x_wconf 86' lang='lat' dir='ltr'><strong>ec</strong></span> <span class='ocrx_word' id='word_1_797' title='bbox 1247 4920 1451 4993; x_wconf 83' lang='lat' dir='ltr'><strong>spiritualitatis</strong></span> <span class='ocrx_word' id='word_1_798' title='bbox 1472 4921 1501 4977; x_wconf 92' lang='lat' dir='ltr'><strong>in</strong></span> <span class='ocrx_word' id='word_1_799' title='bbox 1521 4922 1588 4993; x_wconf 92' lang='lat' dir='ltr'><strong>ipsis</strong></span> <span class='ocrx_word' id='word_1_800' title='bbox 1608 4922 1771 4994; x_wconf 89' lang='lat' dir='ltr'><strong>corporibus</strong></span> <span class='ocrx_word' id='word_1_801' title='bbox 1789 4923 1847 4978; x_wconf 88' lang='lat' dir='ltr'><strong>suis</strong></span> 
     </span>
     <span class='ocr_line' id='line_1_56' title="bbox 147 5006 1847 5084; baseline 0 -18"><span class='ocrx_word' id='word_1_802' title='bbox 147 5013 345 5084; x_wconf 67' lang='lat' dir='ltr'><strong>pnlmnationi</strong></span> <span class='ocrx_word' id='word_1_803' title='bbox 354 5013 481 5082; x_wconf 84' lang='lat' dir='ltr'><strong>spiritus,</strong></span> <span class='ocrx_word' id='word_1_804' title='bbox 493 5013 581 5081; x_wconf 79' lang='lat' dir='ltr'><strong>quiet</strong></span> <span class='ocrx_word' id='word_1_805' title='bbox 594 5030 712 5083; x_wconf 88' lang='lat' dir='ltr'><strong>corpore</strong></span> <span class='ocrx_word' id='word_1_806' title='bbox 726 5021 752 5068; x_wconf 89' lang='lat' dir='ltr'><strong>et</strong></span> <span class='ocrx_word' id='word_1_807' title='bbox 764 5014 860 5068; x_wconf 91' lang='lat' dir='ltr'><strong>anima</strong></span> <span class='ocrx_word' id='word_1_808' title='bbox 873 5021 983 5067; x_wconf 89' lang='lat' dir='ltr'><strong>sancto·</strong></span> <span class='ocrx_word' id='word_1_809' title='bbox 1010 5008 1169 5068; x_wconf 87' lang='lat' dir='ltr'><strong>sentiebant</strong></span> <span class='ocrx_word' id='word_1_810' title='bbox 1182 5015 1211 5066; x_wconf 90' lang='lat' dir='ltr'><strong>et</strong></span> <span class='ocrx_word' id='word_1_811' title='bbox 1220 5007 1282 5064; x_wconf 89' lang='lat' dir='ltr'><strong>aliis</strong></span> <span class='ocrx_word' id='word_1_812' title='bbox 1296 5006 1475 5067; x_wconf 85' lang='lat' dir='ltr'><strong>exhibebant.</strong></span> <span class='ocrx_word' id='word_1_813' title='bbox 1511 5015 1538 5065; x_wconf 80' lang='lat' dir='ltr'><strong>t.</strong></span> <span class='ocrx_word' id='word_1_814' title='bbox 1565 5011 1704 5078; x_wconf 84' lang='lat' dir='ltr'><strong>Euemplo</strong></span> <span class='ocrx_word' id='word_1_815' title='bbox 1717 5011 1847 5079; x_wconf 88' lang='lat' dir='ltr'><strong>corporis</strong></span> 
     </span>
     <span class='ocr_line' id='line_1_57' title="bbox 146 5095 1847 5168; baseline -0.002 -14"><span class='ocrx_word' id='word_1_816' title='bbox 146 5117 218 5165; x_wconf 77' lang='lat' dir='ltr'><strong>rum,</strong></span> <span class='ocrx_word' id='word_1_817' title='bbox 241 5100 283 5153; x_wconf 86' lang='lat' dir='ltr'><strong>ad</strong></span> <span class='ocrx_word' id='word_1_818' title='bbox 307 5114 484 5168; x_wconf 77' lang='lat' dir='ltr'><strong>quoscunque</strong></span> <span class='ocrx_word' id='word_1_819' title='bbox 503 5105 594 5153; x_wconf 85' lang='lat' dir='ltr'><strong>motas</strong></span> <span class='ocrx_word' id='word_1_820' title='bbox 614 5108 641 5153; x_wconf 91' lang='lat' dir='ltr'><strong>et</strong></span> <span class='ocrx_word' id='word_1_821' title='bbox 659 5100 836 5168; x_wconf 87' lang='lat' dir='ltr'><strong>operationes</strong></span> <span class='ocrx_word' id='word_1_822' title='bbox 854 5099 983 5167; x_wconf 85' lang='lat' dir='ltr'><strong>uoluerit,</strong></span> <span class='ocrx_word' id='word_1_823' title='bbox 1013 5096 1126 5166; x_wconf 72' lang='lat' dir='ltr'><strong>Christi.</strong></span> <span class='ocrx_word' id='word_1_824' title='bbox 1152 5095 1279 5151; x_wconf 84' lang='lat' dir='ltr'><strong>Christus</strong></span> <span class='ocrx_word' id='word_1_825' title='bbox 1294 5102 1598 5165; x_wconf 82' lang='lat' dir='ltr'><strong>corpusnostrumsno</strong></span> <span class='ocrx_word' id='word_1_826' title='bbox 1618 5096 1734 5165; x_wconf 80' lang='lat' dir='ltr'><strong>ampuri</strong></span> <span class='ocrx_word' id='word_1_827' title='bbox 1746 5097 1847 5152; x_wconf 81' lang='lat' dir='ltr'><strong>reddet</strong></span> 
     </span>
     <span class='ocr_line' id='line_1_58' title="bbox 143 5179 1848 5257; baseline -0.001 -17"><span class='ocrx_word' id='word_1_828' title='bbox 143 5203 201 5255; x_wconf 89' lang='lat' dir='ltr'><strong>pro</strong></span> <span class='ocrx_word' id='word_1_829' title='bbox 224 5203 279 5239; x_wconf 85' lang='lat' dir='ltr'><strong>sua</strong></span> <span class='ocrx_word' id='word_1_830' title='bbox 308 5185 510 5256; x_wconf 79' lang='lat' dir='ltr'><strong>omnipotentia</strong></span> <span class='ocrx_word' id='word_1_831' title='bbox 535 5192 636 5240; x_wconf 76' lang='lat' dir='ltr'><strong>utetm.</strong></span> <span class='ocrx_word' id='word_1_832' title='bbox 680 5187 721 5239; x_wconf 84' lang='lat' dir='ltr'><strong>Et</strong></span> <span class='ocrx_word' id='word_1_833' title='bbox 749 5203 872 5257; x_wconf 79' lang='lat' dir='ltr'><strong>corpora</strong></span> <span class='ocrx_word' id='word_1_834' title='bbox 900 5193 983 5254; x_wconf 81' lang='lat' dir='ltr'><strong>atque</strong></span> <span class='ocrx_word' id='word_1_835' title='bbox 1009 5185 1155 5247; x_wconf 79' lang='lat' dir='ltr'><strong>conforme</strong></span> <span class='ocrx_word' id='word_1_836' title='bbox 1173 5180 1275 5251; x_wconf 88' lang='lat' dir='ltr'><strong>Philip.</strong></span> <span class='ocrx_word' id='word_1_837' title='bbox 1293 5186 1318 5247; x_wconf 83' lang='lat'><strong>3,</strong></span> <span class='ocrx_word' id='word_1_838' title='bbox 1337 5186 1415 5238; x_wconf 71' lang='lat' dir='ltr'><strong>uti.</strong></span> <span class='ocrx_word' id='word_1_839' title='bbox 1436 5182 1506 5236; x_wconf 82' lang='grc' dir='ltr'><strong><em>κατὰ</em></strong></span> <span class='ocrx_word' id='word_1_840' title='bbox 1526 5179 1557 5236; x_wconf 83' lang='grc' dir='ltr'><strong>τὸ</strong></span> <span class='ocrx_word' id='word_1_841' title='bbox 1576 5190 1661 5237; x_wconf 84' lang='grc' dir='ltr'><strong><em>ποῖον</em></strong></span> <span class='ocrx_word' id='word_1_842' title='bbox 1680 5181 1796 5250; x_wconf 84' lang='lat' dir='ltr'><strong>scilicet,</strong></span> <span class='ocrx_word' id='word_1_843' title='bbox 1813 5187 1848 5238; x_wconf 87' lang='lat' dir='ltr'><strong>ut</strong></span> 
     </span>
     <span class='ocr_line' id='line_1_59' title="bbox 148 5265 1846 5341; baseline -0.001 -15"><span class='ocrx_word' id='word_1_844' title='bbox 148 5273 260 5327; x_wconf 82' lang='lat' dir='ltr'><strong>animae</strong></span> <span class='ocrx_word' id='word_1_845' title='bbox 284 5278 448 5327; x_wconf 88' lang='lat' dir='ltr'><strong>sauctorum</strong></span> <span class='ocrx_word' id='word_1_846' title='bbox 479 5273 509 5325; x_wconf 92' lang='lat' dir='ltr'><strong>in</strong></span> <span class='ocrx_word' id='word_1_847' title='bbox 538 5271 634 5341; x_wconf 79' lang='lat' dir='ltr'><strong>ploric</strong></span> <span class='ocrx_word' id='word_1_848' title='bbox 660 5273 762 5326; x_wconf 83' lang='lat' dir='ltr'><strong>uirtute</strong></span> <span class='ocrx_word' id='word_1_849' title='bbox 790 5272 909 5341; x_wconf 84' lang='lat' dir='ltr'><strong>spiritus</strong></span> <span class='ocrx_word' id='word_1_850' title='bbox 943 5272 985 5324; x_wconf 84' lang='lat' dir='ltr'><strong>ad</strong></span> <span class='ocrx_word' id='word_1_851' title='bbox 1010 5269 1120 5326; x_wconf 90' lang='lat' dir='ltr'><strong>interim</strong></span> <span class='ocrx_word' id='word_1_852' title='bbox 1148 5266 1330 5323; x_wconf 81' lang='lat' dir='ltr'><strong>ineffabiliter</strong></span> <span class='ocrx_word' id='word_1_853' title='bbox 1356 5268 1455 5336; x_wconf 86' lang='lat' dir='ltr'><strong>majori</strong></span> <span class='ocrx_word' id='word_1_854' title='bbox 1478 5267 1569 5338; x_wconf 84' lang='lat' dir='ltr'><strong>gloria</strong></span> <span class='ocrx_word' id='word_1_855' title='bbox 1588 5267 1706 5323; x_wconf 84' lang='lat' dir='ltr'><strong>excellat</strong></span> <span class='ocrx_word' id='word_1_856' title='bbox 1724 5267 1795 5322; x_wconf 75' lang='lat' dir='ltr'><strong>uari</strong></span> <span class='ocrx_word' id='word_1_857' title='bbox 1813 5265 1846 5325; x_wconf 81' lang='lat' dir='ltr'><strong>ri</strong></span> 
     </span>
     <span class='ocr_line' id='line_1_60' title="bbox 149 5352 1848 5427; baseline -0.002 -14"><span class='ocrx_word' id='word_1_858' title='bbox 149 5375 243 5413; x_wconf 86' lang='lat' dir='ltr'><strong>omnes</strong></span> <span class='ocrx_word' id='word_1_859' title='bbox 262 5366 352 5414; x_wconf 90' lang='lat' dir='ltr'><strong>motus</strong></span> <span class='ocrx_word' id='word_1_860' title='bbox 371 5366 396 5413; x_wconf 93' lang='lat' dir='ltr'><strong>et</strong></span> <span class='ocrx_word' id='word_1_861' title='bbox 417 5359 609 5427; x_wconf 86' lang='lat' dir='ltr'><strong>operationes,</strong></span> <span class='ocrx_word' id='word_1_862' title='bbox 628 5374 699 5426; x_wconf 80' lang='lat' dir='ltr'><strong>qrsas</strong></span> <span class='ocrx_word' id='word_1_863' title='bbox 718 5357 838 5426; x_wconf 87' lang='lat' dir='ltr'><strong>spiritus</strong></span> <span class='ocrx_word' id='word_1_864' title='bbox 855 5357 984 5426; x_wconf 87' lang='lat' dir='ltr'><strong>volucrit,</strong></span> <span class='ocrx_word' id='word_1_865' title='bbox 1011 5352 1108 5421; x_wconf 79' lang='grc' dir='ltr'><strong><em>πόσον,</em></strong></span> <span class='ocrx_word' id='word_1_866' title='bbox 1120 5359 1151 5408; x_wconf 89' lang='lat' dir='ltr'><strong>ut</strong></span> <span class='ocrx_word' id='word_1_867' title='bbox 1165 5353 1358 5409; x_wconf 86' lang='lat' dir='ltr'><strong>Theodorctus</strong></span> <span class='ocrx_word' id='word_1_868' title='bbox 1373 5353 1403 5406; x_wconf 92' lang='lat' dir='ltr'><strong>in</strong></span> <span class='ocrx_word' id='word_1_869' title='bbox 1415 5369 1512 5412; x_wconf 86' lang='lat' dir='ltr'><strong>comm.</strong></span> <span class='ocrx_word' id='word_1_870' title='bbox 1524 5361 1599 5408; x_wconf 86' lang='lat' dir='ltr'><strong>recte</strong></span> <span class='ocrx_word' id='word_1_871' title='bbox 1611 5359 1712 5409; x_wconf 82' lang='lat' dir='ltr'><strong>monet</strong></span> <span class='ocrx_word' id='word_1_872' title='bbox 1733 5353 1848 5409; x_wconf 77' lang='lat' dir='ltr'><strong>Similes</strong></span> 
     </span>
     <span class='ocr_line' id='line_1_61' title="bbox 148 5437 1847 5513; baseline -0.003 -13"><span class='ocrx_word' id='word_1_873' title='bbox 148 5451 261 5500; x_wconf 73' lang='lat' dir='ltr'><strong>atenim</strong></span> <span class='ocrx_word' id='word_1_874' title='bbox 277 5452 305 5498; x_wconf 88' lang='lat' dir='ltr'><strong>et</strong></span> <span class='ocrx_word' id='word_1_875' title='bbox 324 5443 508 5510; x_wconf 82' lang='lat' dir='ltr'><strong>conditiones,</strong></span> <span class='ocrx_word' id='word_1_876' title='bbox 520 5444 675 5508; x_wconf 71' lang='lat' dir='ltr'><strong>facultates</strong></span> <span class='ocrx_word' id='word_1_877' title='bbox 696 5451 780 5512; x_wconf 77' lang='lat' dir='ltr'><strong>atque</strong></span> <span class='ocrx_word' id='word_1_878' title='bbox 798 5443 998 5513; x_wconf 79' lang='lat' dir='ltr'><strong>operationes..</strong></span> <span class='ocrx_word' id='word_1_879' title='bbox 1011 5442 1038 5497; x_wconf 85' lang='lat' dir='ltr'><strong>oi</strong></span> <span class='ocrx_word' id='word_1_880' title='bbox 1057 5442 1174 5505; x_wconf 66' lang='lat' dir='ltr'><strong>emmas,</strong></span> <span class='ocrx_word' id='word_1_881' title='bbox 1197 5439 1237 5494; x_wconf 90' lang='lat' dir='ltr'><strong>ait</strong></span> <span class='ocrx_word' id='word_1_882' title='bbox 1256 5437 1399 5495; x_wconf 82' lang='lat' dir='ltr'><strong>lohannes</strong></span> <span class='ocrx_word' id='word_1_883' title='bbox 1420 5445 1441 5493; x_wconf 87' lang='grc' dir='ltr'><strong>Ι.</strong></span> <span class='ocrx_word' id='word_1_884' title='bbox 1461 5439 1540 5508; x_wconf 83' lang='lat' dir='ltr'><strong>epist.</strong></span> <span class='ocrx_word' id='word_1_885' title='bbox 1560 5444 1584 5507; x_wconf 84' lang='lat'><strong>3,</strong></span> <span class='ocrx_word' id='word_1_886' title='bbox 1602 5456 1628 5493; x_wconf 86' lang='lat' dir='ltr'><strong>v.</strong></span> <span class='ocrx_word' id='word_1_887' title='bbox 1645 5443 1669 5495; x_wconf 79' lang='lat'><strong>2.</strong></span> <span class='ocrx_word' id='word_1_888' title='bbox 1698 5438 1764 5495; x_wconf 81' lang='lat' dir='ltr'><strong>lam</strong></span> <span class='ocrx_word' id='word_1_889' title='bbox 1781 5455 1847 5496; x_wconf 77' lang='lat' dir='ltr'><strong>sero</strong></span> 
     </span>
    </p>
   </div>
   <div class='ocr_carea' id='block_1_3' title="bbox 0 0 2033 6004">
    <p class='ocr_par' dir='ltr' id='par_1_3' title="bbox 0 0 2033 6004">
     <span class='ocr_line' id='line_1_62' title="bbox 0 0 2033 6004; baseline 0 0"><span class='ocrx_word' id='word_1_890' title='bbox 0 0 2033 6004; x_wconf 95' lang='lat' dir='ltr'><strong> </strong></span> 
     </span>
    </p>
   </div>
  </div>
 </body>
</html>
