<?xml version="1.0" encoding="UTF-8"?>
<!DOCTYPE html PUBLIC "-//W3C//DTD XHTML 1.0 Transitional//EN"
    "http://www.w3.org/TR/xhtml1/DTD/xhtml1-transitional.dtd">
<html xmlns="http://www.w3.org/1999/xhtml" xml:lang="en" lang="en">
 <head>
  <title>
</title>
<meta http-equiv="Content-Type" content="text/html;charset=utf-8" />
  <meta name='ocr-system' content='tesseract 3.04.00' />
  <meta name='ocr-capabilities' content='ocr_page ocr_carea ocr_par ocr_line ocrx_word'/>
</head>
<body>
  <div class='ocr_page' id='page_1' title='image "./locitheologicic02gerhgoog/locitheologicic02gerhgoog_0120.png"; bbox 0 0 4050 6014; ppageno 0'>
   <div class='ocr_carea' id='block_1_1' title="bbox 771 309 1834 375">
    <p class='ocr_par' dir='ltr' id='par_1_1' title="bbox 771 309 1834 375">
     <span class='ocr_line' id='line_1_1' title="bbox 771 309 1834 375; baseline 0.012 -13"><span class='ocrx_word' id='word_1_1' title='bbox 771 310 821 362; x_wconf 86' lang='lat' dir='ltr'><strong><em>DE</em></strong></span> <span class='ocrx_word' id='word_1_2' title='bbox 840 309 1024 364; x_wconf 80' lang='lat' dir='ltr'>EXTREMO</span> <span class='ocrx_word' id='word_1_3' title='bbox 1051 309 1211 367; x_wconf 84' lang='lat' dir='ltr'><strong><em>JUDlCIO.</em></strong></span> <span class='ocrx_word' id='word_1_4' title='bbox 1796 319 1834 375; x_wconf 88' lang='grc'><strong><em>87</em></strong></span> 
     </span>
    </p>
   </div>
   <div class='ocr_carea' id='block_1_2' title="bbox 10 464 1976 5540">
    <p class='ocr_par' dir='ltr' id='par_1_2' title="bbox 10 464 1976 5540">
     <span class='ocr_line' id='line_1_2' title="bbox 136 464 1837 534; baseline -0.001 -14"><span class='ocrx_word' id='word_1_5' title='bbox 136 466 326 533; x_wconf 69' lang='lat' dir='ltr'><strong><em>vastissimae,</em></strong></span> <span class='ocrx_word' id='word_1_6' title='bbox 355 467 384 519; x_wconf 90' lang='lat' dir='ltr'><strong><em>in</em></strong></span> <span class='ocrx_word' id='word_1_7' title='bbox 402 466 501 534; x_wconf 85' lang='lat' dir='ltr'><strong><em>quibus</em></strong></span> <span class='ocrx_word' id='word_1_8' title='bbox 521 467 601 520; x_wconf 75' lang='lat' dir='ltr'><strong><em>niella</em></strong></span> <span class='ocrx_word' id='word_1_9' title='bbox 618 474 707 520; x_wconf 78' lang='lat' dir='ltr'><strong><em>enatat</em></strong></span> <span class='ocrx_word' id='word_1_10' title='bbox 725 465 860 519; x_wconf 90' lang='lat' dir='ltr'><strong><em>memoria</em></strong></span> <span class='ocrx_word' id='word_1_11' title='bbox 892 481 974 518; x_wconf 89' lang='lat' dir='ltr'><strong><em>evan·</em></strong></span> <span class='ocrx_word' id='word_1_12' title='bbox 995 465 1146 534; x_wconf 75' lang='lat' dir='ltr'><strong><em>pecoribus</em></strong></span> <span class='ocrx_word' id='word_1_13' title='bbox 1162 465 1250 518; x_wconf 88' lang='lat' dir='ltr'><strong><em>vitam</em></strong></span> <span class='ocrx_word' id='word_1_14' title='bbox 1268 464 1458 529; x_wconf 88' lang='lat' dir='ltr'><strong><em>tolerantium,</em></strong></span> <span class='ocrx_word' id='word_1_15' title='bbox 1476 464 1549 518; x_wconf 89' lang='lat' dir='ltr'><strong><em>inter</em></strong></span> <span class='ocrx_word' id='word_1_16' title='bbox 1570 481 1640 533; x_wconf 82' lang='lat' dir='ltr'><strong><em>quos</em></strong></span> <span class='ocrx_word' id='word_1_17' title='bbox 1664 480 1720 534; x_wconf 87' lang='lat' dir='ltr'><strong><em>per</em></strong></span> <span class='ocrx_word' id='word_1_18' title='bbox 1736 479 1837 519; x_wconf 87' lang='lat' dir='ltr'><strong><em>nomen</em></strong></span> 
     </span>
     <span class='ocr_line' id='line_1_3' title="bbox 136 550 1836 622; baseline -0.001 -18"><span class='ocrx_word' id='word_1_19' title='bbox 136 551 212 622; x_wconf 85' lang='lat' dir='ltr'><strong><em>yelii.</em></strong></span> <span class='ocrx_word' id='word_1_20' title='bbox 248 551 472 622; x_wconf 71' lang='lat' dir='ltr'><strong><em>Respondemus:</em></strong></span> <span class='ocrx_word' id='word_1_21' title='bbox 496 557 517 606; x_wconf 88' lang='grc'><strong><em>1.</em></strong></span> <span class='ocrx_word' id='word_1_22' title='bbox 540 553 705 622; x_wconf 85' lang='lat' dir='ltr'><strong><em>opponimus</em></strong></span> <span class='ocrx_word' id='word_1_23' title='bbox 719 550 887 605; x_wconf 87' lang='lat' dir='ltr'><strong><em>Bellnrminc</em></strong></span> <span class='ocrx_word' id='word_1_24' title='bbox 906 551 973 604; x_wconf 72' lang='grc'><strong>,11111-</strong></span> <span class='ocrx_word' id='word_1_25' title='bbox 1000 552 1128 613; x_wconf 76' lang='lat' dir='ltr'><strong><em>crucifici</em></strong></span> <span class='ocrx_word' id='word_1_26' title='bbox 1144 552 1215 605; x_wconf 84' lang='lat' dir='ltr'><strong><em>Jesu</em></strong></span> <span class='ocrx_word' id='word_1_27' title='bbox 1232 551 1453 620; x_wconf 74' lang='lat' dir='ltr'><strong><em>supplicationes</em></strong></span> <span class='ocrx_word' id='word_1_28' title='bbox 1478 557 1506 604; x_wconf 90' lang='lat' dir='ltr'><strong><em>et</em></strong></span> <span class='ocrx_word' id='word_1_29' title='bbox 1524 550 1685 619; x_wconf 89' lang='lat' dir='ltr'><strong><em>yratiarum</em></strong></span> <span class='ocrx_word' id='word_1_30' title='bbox 1711 552 1836 605; x_wconf 74' lang='lat' dir='ltr'><strong><em>uniones</em></strong></span> 
     </span>
     <span class='ocr_line' id='line_1_4' title="bbox 137 636 1835 707; baseline 0.001 -17"><span class='ocrx_word' id='word_1_31' title='bbox 137 636 243 692; x_wconf 87' lang='lat' dir='ltr'><strong><em>sanium</em></strong></span> <span class='ocrx_word' id='word_1_32' title='bbox 270 638 429 707; x_wconf 87' lang='lat' dir='ltr'><strong><em>episcopum</em></strong></span> <span class='ocrx_word' id='word_1_33' title='bbox 458 637 699 707; x_wconf 83' lang='lat' dir='ltr'><strong><em>Gandaviensem,</em></strong></span> <span class='ocrx_word' id='word_1_34' title='bbox 732 637 918 692; x_wconf 85' lang='lat' dir='ltr'><strong><em>Salmeronem</em></strong></span> <span class='ocrx_word' id='word_1_35' title='bbox 947 642 974 690; x_wconf 88' lang='lat' dir='ltr'><strong><em>et</em></strong></span> <span class='ocrx_word' id='word_1_36' title='bbox 1000 638 1087 690; x_wconf 88' lang='lat' dir='ltr'><strong><em>Patri</em></strong></span> <span class='ocrx_word' id='word_1_37' title='bbox 1104 646 1129 690; x_wconf 90' lang='lat' dir='ltr'><strong><em>et</em></strong></span> <span class='ocrx_word' id='word_1_38' title='bbox 1145 638 1319 700; x_wconf 71' lang='lat' dir='ltr'><strong><em>fabricatori</em></strong></span> <span class='ocrx_word' id='word_1_39' title='bbox 1336 653 1431 690; x_wconf 90' lang='lat' dir='ltr'><strong><em>rerum</em></strong></span> <span class='ocrx_word' id='word_1_40' title='bbox 1446 638 1569 691; x_wconf 87' lang='lat' dir='ltr'><strong><em>omnivm</em></strong></span> <span class='ocrx_word' id='word_1_41' title='bbox 1586 655 1642 691; x_wconf 89' lang='lat' dir='ltr'><strong><em>non</em></strong></span> <span class='ocrx_word' id='word_1_42' title='bbox 1666 639 1744 701; x_wconf 80' lang='lat' dir='ltr'><strong><em>fiant.</em></strong></span> <span class='ocrx_word' id='word_1_43' title='bbox 1779 636 1835 692; x_wconf 89' lang='lat' dir='ltr'><strong><em>Ire·</em></strong></span> 
     </span>
     <span class='ocr_line' id='line_1_5' title="bbox 136 722 1836 794; baseline 0 -18"><span class='ocrx_word' id='word_1_44' title='bbox 136 723 300 777; x_wconf 88' lang='lat' dir='ltr'><strong><em>Barradium</em></strong></span> <span class='ocrx_word' id='word_1_45' title='bbox 323 723 454 778; x_wconf 84' lang='lat' dir='ltr'><strong><em>Jesuitns.</em></strong></span> <span class='ocrx_word' id='word_1_46' title='bbox 497 724 680 777; x_wconf 83' lang='lat' dir='ltr'><strong><em>lausaniae</em></strong></span> <span class='ocrx_word' id='word_1_47' title='bbox 672 741 701 776; x_wconf 92' lang='grc'><strong><em>111</em></strong></span> <span class='ocrx_word' id='word_1_48' title='bbox 726 722 856 778; x_wconf 88' lang='lat' dir='ltr'><strong><em>concord.</em></strong></span> <span class='ocrx_word' id='word_1_49' title='bbox 881 738 922 776; x_wconf 85' lang='lat' dir='ltr'><strong><em>ev.</em></strong></span> <span class='ocrx_word' id='word_1_50' title='bbox 948 738 971 776; x_wconf 91' lang='lat' dir='ltr'><strong><em>e.</em></strong></span> <span class='ocrx_word' id='word_1_51' title='bbox 999 738 1084 777; x_wconf 89' lang='lat' dir='ltr'><strong><em>naeus</em></strong></span> <span class='ocrx_word' id='word_1_52' title='bbox 1108 723 1156 777; x_wconf 88' lang='lat' dir='ltr'><strong><em>lib</em></strong></span> <span class='ocrx_word' id='word_1_53' title='bbox 1175 729 1200 778; x_wconf 86' lang='grc'><strong>2,</strong></span> <span class='ocrx_word' id='word_1_54' title='bbox 1227 723 1288 777; x_wconf 86' lang='lat' dir='ltr'><strong><em>adv</em></strong></span> <span class='ocrx_word' id='word_1_55' title='bbox 1313 722 1387 777; x_wconf 83' lang='lat' dir='ltr'><strong><em>haer.</em></strong></span> <span class='ocrx_word' id='word_1_56' title='bbox 1409 740 1433 778; x_wconf 90' lang='lat' dir='ltr'><strong><em>c</em></strong></span> <span class='ocrx_word' id='word_1_57' title='bbox 1453 730 1476 778; x_wconf 93' lang='grc'><strong><em>2.</em></strong></span> <span class='ocrx_word' id='word_1_58' title='bbox 1502 741 1529 794; x_wconf 89' lang='lat' dir='ltr'><strong><em>p.</em></strong></span> <span class='ocrx_word' id='word_1_59' title='bbox 1550 728 1597 779; x_wconf 81' lang='grc'><strong><em>351</em></strong></span> <span class='ocrx_word' id='word_1_60' title='bbox 1625 724 1757 777; x_wconf 83' lang='lat' dir='ltr'><strong><em>Ecclesia</em></strong></span> <span class='ocrx_word' id='word_1_61' title='bbox 1783 739 1836 793; x_wconf 89' lang='lat' dir='ltr'><strong><em>per</em></strong></span> 
     </span>
     <span class='ocr_line' id='line_1_6' title="bbox 138 809 1835 880; baseline -0.001 -15"><span class='ocrx_word' id='word_1_62' title='bbox 138 815 242 880; x_wconf 72' lang='grc'><strong>1221)</strong></span> <span class='ocrx_word' id='word_1_63' title='bbox 263 809 504 866; x_wconf 80' lang='grc'><strong>831111111111.</strong></span> <span class='ocrx_word' id='word_1_64' title='bbox 529 814 741 864; x_wconf 81' lang='lat' dir='ltr'><strong><em>commentatur:</em></strong></span> <span class='ocrx_word' id='word_1_65' title='bbox 770 809 905 876; x_wconf 88' lang='lat' dir='ltr'><strong><em>Plerique</em></strong></span> <span class='ocrx_word' id='word_1_66' title='bbox 929 824 973 861; x_wconf 84' lang='lat' dir='ltr'><strong><em>ea·</em></strong></span> <span class='ocrx_word' id='word_1_67' title='bbox 999 809 1158 861; x_wconf 89' lang='lat' dir='ltr'><strong><em>universam</em></strong></span> <span class='ocrx_word' id='word_1_68' title='bbox 1176 810 1269 863; x_wconf 85' lang='lat' dir='ltr'><strong><em>orbern</em></strong></span> <span class='ocrx_word' id='word_1_69' title='bbox 1289 824 1376 878; x_wconf 78' lang='lat' dir='ltr'><strong><em>enque</em></strong></span> <span class='ocrx_word' id='word_1_70' title='bbox 1394 810 1434 861; x_wconf 86' lang='lat' dir='ltr'><strong><em>ad</em></strong></span> <span class='ocrx_word' id='word_1_71' title='bbox 1453 810 1522 872; x_wconf 75' lang='lat' dir='ltr'><strong><em>fines</em></strong></span> <span class='ocrx_word' id='word_1_72' title='bbox 1541 816 1635 862; x_wconf 87' lang='lat' dir='ltr'><strong><em>terrae</em></strong></span> <span class='ocrx_word' id='word_1_73' title='bbox 1652 810 1789 863; x_wconf 91' lang='lat' dir='ltr'><strong><em>seminata</em></strong></span> <span class='ocrx_word' id='word_1_74' title='bbox 1808 816 1835 863; x_wconf 88' lang='lat' dir='ltr'><strong><em>et</em></strong></span> 
     </span>
     <span class='ocr_line' id='line_1_7' title="bbox 135 878 1835 965; baseline 0.001 -16"><span class='ocrx_word' id='word_1_75' title='bbox 135 896 273 962; x_wconf 89' lang='lat' dir='ltr'><strong><em>istimant,</em></strong></span> <span class='ocrx_word' id='word_1_76' title='bbox 300 896 453 948; x_wconf 88' lang='lat' dir='ltr'><strong><em>Dominum</em></strong></span> <span class='ocrx_word' id='word_1_77' title='bbox 474 896 519 947; x_wconf 89' lang='lat' dir='ltr'><strong><em>hic</em></strong></span> <span class='ocrx_word' id='word_1_78' title='bbox 537 895 660 948; x_wconf 79' lang='lat' dir='ltr'><strong><em>lacutrcm</em></strong></span> <span class='ocrx_word' id='word_1_79' title='bbox 681 897 715 946; x_wconf 89' lang='lat' dir='ltr'><strong><em>de</em></strong></span> <span class='ocrx_word' id='word_1_80' title='bbox 734 894 818 947; x_wconf 87' lang='lat' dir='ltr'><strong><em>malis</em></strong></span> <span class='ocrx_word' id='word_1_81' title='bbox 847 911 972 947; x_wconf 88' lang='lat' dir='ltr'><strong><em>consum-</em></strong></span> <span class='ocrx_word' id='word_1_82' title='bbox 985 878 1034 959; x_wconf 70' lang='lat' dir='ltr'><strong><em>lab</em></strong></span> <span class='ocrx_word' id='word_1_83' title='bbox 1061 896 1199 965; x_wconf 87' lang='lat' dir='ltr'><strong><em>apostolis</em></strong></span> <span class='ocrx_word' id='word_1_84' title='bbox 1226 904 1252 948; x_wconf 90' lang='lat' dir='ltr'><strong><em>et</em></strong></span> <span class='ocrx_word' id='word_1_85' title='bbox 1279 912 1298 947; x_wconf 94' lang='lat' dir='ltr'><strong><em>a</em></strong></span> <span class='ocrx_word' id='word_1_86' title='bbox 1325 894 1475 964; x_wconf 76' lang='lat' dir='ltr'><strong><em>descipulis</em></strong></span> <span class='ocrx_word' id='word_1_87' title='bbox 1501 911 1596 949; x_wconf 89' lang='lat' dir='ltr'><strong><em>eorum</em></strong></span> <span class='ocrx_word' id='word_1_88' title='bbox 1630 897 1739 964; x_wconf 90' lang='lat' dir='ltr'><strong><em>accepit</em></strong></span> <span class='ocrx_word' id='word_1_89' title='bbox 1773 912 1835 950; x_wconf 89' lang='lat' dir='ltr'><strong><em>eam</em></strong></span> 
     </span>
     <span class='ocr_line' id='line_1_8' title="bbox 137 980 1836 1052; baseline 0.001 -18"><span class='ocrx_word' id='word_1_90' title='bbox 137 982 287 1034; x_wconf 88' lang='lat' dir='ltr'><strong><em>mationem</em></strong></span> <span class='ocrx_word' id='word_1_91' title='bbox 319 981 410 1034; x_wconf 87' lang='lat' dir='ltr'><strong><em>seculi</em></strong></span> <span class='ocrx_word' id='word_1_92' title='bbox 398 981 652 1050; x_wconf 81' lang='lat' dir='ltr'><strong><em>epracccssaris;</em></strong></span> <span class='ocrx_word' id='word_1_93' title='bbox 681 983 733 1033; x_wconf 87' lang='lat' dir='ltr'><strong><em>scd</em></strong></span> <span class='ocrx_word' id='word_1_94' title='bbox 762 981 973 1048; x_wconf 82' lang='lat' dir='ltr'><strong><em>Chrysostomus</em></strong></span> <span class='ocrx_word' id='word_1_95' title='bbox 993 981 1082 1049; x_wconf 78' lang='lat' dir='ltr'><strong><em>fidem</em></strong></span> <span class='ocrx_word' id='word_1_96' title='bbox 1101 988 1150 1034; x_wconf 87' lang='lat' dir='ltr'><strong><em>etc.</em></strong></span> <span class='ocrx_word' id='word_1_97' title='bbox 1179 997 1203 1034; x_wconf 91' lang='lat' dir='ltr'><strong><em>c.</em></strong></span> <span class='ocrx_word' id='word_1_98' title='bbox 1225 986 1249 1035; x_wconf 90' lang='grc'><strong>3,</strong></span> <span class='ocrx_word' id='word_1_99' title='bbox 1267 998 1295 1051; x_wconf 87' lang='lat' dir='ltr'><strong><em>p.</em></strong></span> <span class='ocrx_word' id='word_1_100' title='bbox 1315 987 1363 1036; x_wconf 77' lang='lat' dir='ltr'><strong><em>et:</em></strong></span> <span class='ocrx_word' id='word_1_101' title='bbox 1383 982 1467 1034; x_wconf 88' lang='lat' dir='ltr'><strong><em>Hanc</em></strong></span> <span class='ocrx_word' id='word_1_102' title='bbox 1486 983 1570 1044; x_wconf 70' lang='lat' dir='ltr'><strong><em>sidem</em></strong></span> <span class='ocrx_word' id='word_1_103' title='bbox 1590 980 1716 1047; x_wconf 86' lang='lat' dir='ltr'><strong><em>ecclesia,</em></strong></span> <span class='ocrx_word' id='word_1_104' title='bbox 1736 989 1762 1035; x_wconf 91' lang='lat' dir='ltr'><strong><em>ct</em></strong></span> <span class='ocrx_word' id='word_1_105' title='bbox 1776 984 1836 1052; x_wconf 88' lang='lat' dir='ltr'><strong><em>qui·</em></strong></span> 
     </span>
     <span class='ocr_line' id='line_1_9' title="bbox 136 1067 1837 1136; baseline 0 -14"><span class='ocrx_word' id='word_1_106' title='bbox 136 1070 226 1130; x_wconf 78' lang='lat' dir='ltr'><strong><em>refert</em></strong></span> <span class='ocrx_word' id='word_1_107' title='bbox 247 1071 288 1121; x_wconf 79' lang='lat' dir='ltr'><strong><em>acl</em></strong></span> <span class='ocrx_word' id='word_1_108' title='bbox 304 1075 431 1136; x_wconf 82' lang='lat' dir='ltr'><strong><em>tenspora</em></strong></span> <span class='ocrx_word' id='word_1_109' title='bbox 450 1069 645 1136; x_wconf 88' lang='lat' dir='ltr'><strong><em>apostoloram</em></strong></span> <span class='ocrx_word' id='word_1_110' title='bbox 664 1075 689 1120; x_wconf 91' lang='lat' dir='ltr'><strong><em>et</em></strong></span> <span class='ocrx_word' id='word_1_111' title='bbox 710 1067 973 1120; x_wconf 80' lang='lat' dir='ltr'><strong><em>consummationem</em></strong></span> <span class='ocrx_word' id='word_1_112' title='bbox 1000 1067 1111 1119; x_wconf 86' lang='lat' dir='ltr'><strong><em>demin</em></strong></span> <span class='ocrx_word' id='word_1_113' title='bbox 1128 1067 1288 1120; x_wconf 88' lang='lat' dir='ltr'><strong><em>universum</em></strong></span> <span class='ocrx_word' id='word_1_114' title='bbox 1307 1069 1440 1120; x_wconf 88' lang='lat' dir='ltr'><strong><em>mundam</em></strong></span> <span class='ocrx_word' id='word_1_115' title='bbox 1463 1067 1662 1135; x_wconf 88' lang='lat' dir='ltr'><strong><em>disseminata,</em></strong></span> <span class='ocrx_word' id='word_1_116' title='bbox 1687 1068 1837 1135; x_wconf 85' lang='lat' dir='ltr'><strong><em>diliyenter</em></strong></span> 
     </span>
     <span class='ocr_line' id='line_1_10' title="bbox 139 1152 1836 1225; baseline -0.001 -15"><span class='ocrx_word' id='word_1_117' title='bbox 139 1155 350 1222; x_wconf 89' lang='lat' dir='ltr'><strong><em>Hierosolymae</em></strong></span> <span class='ocrx_word' id='word_1_118' title='bbox 370 1162 488 1225; x_wconf 89' lang='lat' dir='ltr'><strong><em>propter</em></strong></span> <span class='ocrx_word' id='word_1_119' title='bbox 506 1154 703 1207; x_wconf 77' lang='lat' dir='ltr'><strong><em>corrneaionem</em></strong></span> <span class='ocrx_word' id='word_1_120' title='bbox 721 1171 782 1206; x_wconf 74' lang='lat' dir='ltr'><strong><em>cutm</em></strong></span> <span class='ocrx_word' id='word_1_121' title='bbox 804 1155 973 1222; x_wconf 86' lang='lat' dir='ltr'><strong><em>praeceden-</em></strong></span> <span class='ocrx_word' id='word_1_122' title='bbox 999 1152 1129 1220; x_wconf 85' lang='lat' dir='ltr'><strong><em>custodit,</em></strong></span> <span class='ocrx_word' id='word_1_123' title='bbox 1148 1154 1232 1220; x_wconf 81' lang='lat' dir='ltr'><strong><em>quasi</em></strong></span> <span class='ocrx_word' id='word_1_124' title='bbox 1248 1171 1333 1206; x_wconf 89' lang='lat' dir='ltr'><strong><em>unam</em></strong></span> <span class='ocrx_word' id='word_1_125' title='bbox 1353 1155 1464 1206; x_wconf 87' lang='lat' dir='ltr'><strong><em>domum</em></strong></span> <span class='ocrx_word' id='word_1_126' title='bbox 1477 1153 1638 1205; x_wconf 89' lang='lat' dir='ltr'><strong><em>inhabitans</em></strong></span> <span class='ocrx_word' id='word_1_127' title='bbox 1657 1161 1706 1207; x_wconf 90' lang='lat' dir='ltr'><strong><em>etc.</em></strong></span> <span class='ocrx_word' id='word_1_128' title='bbox 1737 1156 1836 1224; x_wconf 88' lang='lat' dir='ltr'><strong><em>Neque</em></strong></span> 
     </span>
     <span class='ocr_line' id='line_1_11' title="bbox 137 1239 1835 1308; baseline -0.001 -14"><span class='ocrx_word' id='word_1_129' title='bbox 137 1242 219 1305; x_wconf 81' lang='lat' dir='ltr'><strong><em>tibus,</em></strong></span> <span class='ocrx_word' id='word_1_130' title='bbox 248 1249 274 1293; x_wconf 88' lang='lat' dir='ltr'><strong><em>ct</em></strong></span> <span class='ocrx_word' id='word_1_131' title='bbox 295 1243 362 1308; x_wconf 88' lang='lat' dir='ltr'><strong><em>quin</em></strong></span> <span class='ocrx_word' id='word_1_132' title='bbox 393 1241 422 1292; x_wconf 88' lang='lat' dir='ltr'><strong><em>in</em></strong></span> <span class='ocrx_word' id='word_1_133' title='bbox 452 1240 628 1307; x_wconf 87' lang='lat' dir='ltr'><strong><em>sequentibus</em></strong></span> <span class='ocrx_word' id='word_1_134' title='bbox 649 1240 791 1292; x_wconf 88' lang='lat' dir='ltr'><strong><em>Dominus</em></strong></span> <span class='ocrx_word' id='word_1_135' title='bbox 810 1239 972 1307; x_wconf 84' lang='lat' dir='ltr'><strong><em>subjunyit:</em></strong></span> <span class='ocrx_word' id='word_1_136' title='bbox 999 1239 1052 1291; x_wconf 91' lang='lat' dir='ltr'><strong><em>hae</em></strong></span> <span class='ocrx_word' id='word_1_137' title='bbox 1070 1254 1141 1306; x_wconf 88' lang='lat' dir='ltr'><strong><em>quae</em></strong></span> <span class='ocrx_word' id='word_1_138' title='bbox 1158 1240 1187 1291; x_wconf 90' lang='lat' dir='ltr'><strong><em>in</em></strong></span> <span class='ocrx_word' id='word_1_139' title='bbox 1210 1239 1366 1293; x_wconf 79' lang='lat' dir='ltr'><strong><em>Germania</em></strong></span> <span class='ocrx_word' id='word_1_140' title='bbox 1384 1239 1527 1301; x_wconf 76' lang='lat' dir='ltr'><strong><em>fundatae</em></strong></span> <span class='ocrx_word' id='word_1_141' title='bbox 1539 1247 1610 1306; x_wconf 91' lang='lat' dir='ltr'><strong><em>sunt,</em></strong></span> <span class='ocrx_word' id='word_1_142' title='bbox 1635 1239 1768 1292; x_wconf 86' lang='lat' dir='ltr'><strong><em>ecelesiae</em></strong></span> <span class='ocrx_word' id='word_1_143' title='bbox 1782 1239 1835 1294; x_wconf 90' lang='lat' dir='ltr'><strong><em>ali-</em></strong></span> 
     </span>
     <span class='ocr_line' id='line_1_12' title="bbox 138 1325 1836 1395; baseline -0.001 -15"><span class='ocrx_word' id='word_1_144' title='bbox 138 1326 206 1380; x_wconf 83' lang='lat' dir='ltr'><strong><em>Cnm</em></strong></span> <span class='ocrx_word' id='word_1_145' title='bbox 225 1344 292 1395; x_wconf 87' lang='lat' dir='ltr'><strong><em>cryc</em></strong></span> <span class='ocrx_word' id='word_1_146' title='bbox 311 1327 441 1379; x_wconf 85' lang='lat' dir='ltr'><strong><em>videritis</em></strong></span> <span class='ocrx_word' id='word_1_147' title='bbox 462 1326 697 1378; x_wconf 81' lang='lat' dir='ltr'><strong><em>abominationem</em></strong></span> <span class='ocrx_word' id='word_1_148' title='bbox 709 1326 902 1393; x_wconf 75' lang='lat' dir='ltr'><strong><em>deselationis,</em></strong></span> <span class='ocrx_word' id='word_1_149' title='bbox 918 1341 973 1394; x_wconf 89' lang='lat' dir='ltr'><strong><em>per</em></strong></span> <span class='ocrx_word' id='word_1_150' title='bbox 999 1334 1041 1378; x_wconf 89' lang='lat' dir='ltr'><strong><em>ter</em></strong></span> <span class='ocrx_word' id='word_1_151' title='bbox 1060 1326 1183 1393; x_wconf 89' lang='lat' dir='ltr'><strong><em>credant,</em></strong></span> <span class='ocrx_word' id='word_1_152' title='bbox 1204 1341 1291 1393; x_wconf 87' lang='lat' dir='ltr'><strong><em>neque</em></strong></span> <span class='ocrx_word' id='word_1_153' title='bbox 1310 1326 1363 1378; x_wconf 90' lang='lat' dir='ltr'><strong><em>hae</em></strong></span> <span class='ocrx_word' id='word_1_154' title='bbox 1381 1341 1453 1393; x_wconf 88' lang='lat' dir='ltr'><strong><em>quae</em></strong></span> <span class='ocrx_word' id='word_1_155' title='bbox 1472 1325 1502 1376; x_wconf 90' lang='lat' dir='ltr'><strong><em>in</em></strong></span> <span class='ocrx_word' id='word_1_156' title='bbox 1523 1325 1637 1378; x_wconf 87' lang='lat' dir='ltr'><strong><em>Hiberis</em></strong></span> <span class='ocrx_word' id='word_1_157' title='bbox 1655 1333 1729 1393; x_wconf 90' lang='lat' dir='ltr'><strong><em>sant,</em></strong></span> <span class='ocrx_word' id='word_1_158' title='bbox 1747 1341 1836 1394; x_wconf 87' lang='lat' dir='ltr'><strong><em>neque</em></strong></span> 
     </span>
     <span class='ocr_line' id='line_1_13' title="bbox 137 1410 1834 1481; baseline 0 -16"><span class='ocrx_word' id='word_1_159' title='bbox 137 1429 220 1481; x_wconf 73' lang='grc'><strong>01111111</strong></span> <span class='ocrx_word' id='word_1_160' title='bbox 250 1412 387 1465; x_wconf 83' lang='lat' dir='ltr'><strong><em>desolatio</em></strong></span> <span class='ocrx_word' id='word_1_161' title='bbox 415 1412 675 1479; x_wconf 89' lang='lat' dir='ltr'><strong><em>Hierosolymitana</em></strong></span> <span class='ocrx_word' id='word_1_162' title='bbox 708 1412 894 1479; x_wconf 88' lang='lat' dir='ltr'><strong><em>intelliyenda</em></strong></span> <span class='ocrx_word' id='word_1_163' title='bbox 924 1418 972 1466; x_wconf 87' lang='lat' dir='ltr'><strong><em>etc.</em></strong></span> <span class='ocrx_word' id='word_1_164' title='bbox 1000 1410 1483 1480; x_wconf 59' lang='grc'><strong>1100110111011111110111111111</strong></span> <span class='ocrx_word' id='word_1_165' title='bbox 1505 1412 1626 1480; x_wconf 86' lang='lat' dir='ltr'><strong><em>quaein</em></strong></span> <span class='ocrx_word' id='word_1_166' title='bbox 1649 1412 1771 1477; x_wconf 84' lang='lat' dir='ltr'><strong><em>Oriente,</em></strong></span> <span class='ocrx_word' id='word_1_167' title='bbox 1790 1427 1834 1465; x_wconf 89' lang='lat' dir='ltr'><strong><em>ne·</em></strong></span> 
     </span>
     <span class='ocr_line' id='line_1_14' title="bbox 137 1496 1835 1567; baseline -0.001 -15"><span class='ocrx_word' id='word_1_168' title='bbox 137 1502 210 1552; x_wconf 79' lang='lat' dir='ltr'><strong><em>Ante</em></strong></span> <span class='ocrx_word' id='word_1_169' title='bbox 228 1500 412 1553; x_wconf 39' lang='lat' dir='ltr'><strong><em>vrrastationem</em></strong></span> <span class='ocrx_word' id='word_1_170' title='bbox 433 1500 649 1566; x_wconf 87' lang='lat' dir='ltr'><strong><em>Hierosolymae</em></strong></span> <span class='ocrx_word' id='word_1_171' title='bbox 668 1499 841 1567; x_wconf 84' lang='lat' dir='ltr'><strong><em>evanyclium</em></strong></span> <span class='ocrx_word' id='word_1_172' title='bbox 867 1499 897 1549; x_wconf 90' lang='lat' dir='ltr'><strong><em>in</em></strong></span> <span class='ocrx_word' id='word_1_173' title='bbox 917 1505 973 1550; x_wconf 89' lang='lat' dir='ltr'><strong><em>toto</em></strong></span> <span class='ocrx_word' id='word_1_174' title='bbox 999 1513 1051 1565; x_wconf 91' lang='lat' dir='ltr'><strong><em>que</em></strong></span> <span class='ocrx_word' id='word_1_175' title='bbox 1070 1497 1122 1549; x_wconf 92' lang='lat' dir='ltr'><strong><em>hae</em></strong></span> <span class='ocrx_word' id='word_1_176' title='bbox 1141 1514 1213 1565; x_wconf 88' lang='lat' dir='ltr'><strong><em>qaae</em></strong></span> <span class='ocrx_word' id='word_1_177' title='bbox 1231 1497 1260 1550; x_wconf 91' lang='lat' dir='ltr'><strong><em>in</em></strong></span> <span class='ocrx_word' id='word_1_178' title='bbox 1273 1496 1411 1566; x_wconf 86' lang='lat' dir='ltr'><strong><em>Aeyypto,</em></strong></span> <span class='ocrx_word' id='word_1_179' title='bbox 1430 1514 1516 1565; x_wconf 89' lang='lat' dir='ltr'><strong><em>neque</em></strong></span> <span class='ocrx_word' id='word_1_180' title='bbox 1535 1497 1587 1549; x_wconf 88' lang='lat' dir='ltr'><strong><em>hae</em></strong></span> <span class='ocrx_word' id='word_1_181' title='bbox 1604 1497 1720 1565; x_wconf 79' lang='lat' dir='ltr'><strong><em>quaein</em></strong></span> <span class='ocrx_word' id='word_1_182' title='bbox 1735 1498 1835 1566; x_wconf 87' lang='lat' dir='ltr'><strong><em>Libye,</em></strong></span> 
     </span>
     <span class='ocr_line' id='line_1_15' title="bbox 137 1582 1834 1654; baseline -0.002 -15"><span class='ocrx_word' id='word_1_183' title='bbox 137 1586 200 1639; x_wconf 87' lang='lat' dir='ltr'><strong><em>orbe</em></strong></span> <span class='ocrx_word' id='word_1_184' title='bbox 228 1587 427 1654; x_wconf 85' lang='lat' dir='ltr'><strong><em>praedicatum</em></strong></span> <span class='ocrx_word' id='word_1_185' title='bbox 457 1601 532 1648; x_wconf 86' lang='lat' dir='ltr'><strong><em>esse,</em></strong></span> <span class='ocrx_word' id='word_1_186' title='bbox 566 1586 669 1653; x_wconf 88' lang='lat' dir='ltr'><strong><em>probat</em></strong></span> <span class='ocrx_word' id='word_1_187' title='bbox 697 1584 910 1651; x_wconf 84' lang='lat' dir='ltr'><strong><em>Chrysostomus</em></strong></span> <span class='ocrx_word' id='word_1_188' title='bbox 940 1600 973 1636; x_wconf 80' lang='lat' dir='ltr'><strong><em>ee</em></strong></span> <span class='ocrx_word' id='word_1_189' title='bbox 999 1582 1156 1651; x_wconf 86' lang='lat' dir='ltr'><strong><em>nequehae</em></strong></span> <span class='ocrx_word' id='word_1_190' title='bbox 1175 1584 1295 1650; x_wconf 85' lang='lat' dir='ltr'><strong><em>quaein</em></strong></span> <span class='ocrx_word' id='word_1_191' title='bbox 1313 1583 1406 1635; x_wconf 89' lang='lat' dir='ltr'><strong><em>medio</em></strong></span> <span class='ocrx_word' id='word_1_192' title='bbox 1420 1583 1518 1635; x_wconf 88' lang='lat' dir='ltr'><strong><em>mundi</em></strong></span> <span class='ocrx_word' id='word_1_193' title='bbox 1528 1591 1592 1635; x_wconf 82' lang='grc'><strong>111111</strong></span> <span class='ocrx_word' id='word_1_194' title='bbox 1603 1584 1771 1636; x_wconf 82' lang='lat' dir='ltr'><strong><em>coustitsetae</em></strong></span> <span class='ocrx_word' id='word_1_195' title='bbox 1783 1592 1834 1638; x_wconf 86' lang='lat' dir='ltr'><strong><em>etc.</em></strong></span> 
     </span>
     <span class='ocr_line' id='line_1_16' title="bbox 138 1667 1836 1739; baseline 0.001 -15"><span class='ocrx_word' id='word_1_196' title='bbox 138 1672 231 1724; x_wconf 90' lang='lat' dir='ltr'><strong><em>Paulo</em></strong></span> <span class='ocrx_word' id='word_1_197' title='bbox 251 1673 333 1726; x_wconf 83' lang='lat' dir='ltr'><strong><em>Rom.</em></strong></span> <span class='ocrx_word' id='word_1_198' title='bbox 355 1675 397 1734; x_wconf 81' lang='lat' dir='ltr'><strong><em>to,</em></strong></span> <span class='ocrx_word' id='word_1_199' title='bbox 415 1691 437 1727; x_wconf 90' lang='lat' dir='ltr'><strong><em>v.</em></strong></span> <span class='ocrx_word' id='word_1_200' title='bbox 462 1675 501 1725; x_wconf 82' lang='grc'><strong><em>18,</em></strong></span> <span class='ocrx_word' id='word_1_201' title='bbox 524 1671 582 1725; x_wconf 82' lang='lat' dir='ltr'><strong><em>c&#39;ot.</em></strong></span> <span class='ocrx_word' id='word_1_202' title='bbox 603 1673 626 1739; x_wconf 85' lang='grc' dir='ltr'><strong>Ῑ,</strong></span> <span class='ocrx_word' id='word_1_203' title='bbox 645 1690 670 1725; x_wconf 85' lang='lat' dir='ltr'><strong><em>v.</em></strong></span> <span class='ocrx_word' id='word_1_204' title='bbox 689 1675 713 1726; x_wconf 82' lang='grc'><strong>6,</strong></span> <span class='ocrx_word' id='word_1_205' title='bbox 736 1672 790 1724; x_wconf 89' lang='lat' dir='ltr'><strong><em>erit</em></strong></span> <span class='ocrx_word' id='word_1_206' title='bbox 808 1671 895 1737; x_wconf 88' lang='lat' dir='ltr'><strong><em>iyitur</em></strong></span> <span class='ocrx_word' id='word_1_207' title='bbox 911 1688 972 1738; x_wconf 89' lang='lat' dir='ltr'><strong><em>syn·</em></strong></span> <span class='ocrx_word' id='word_1_208' title='bbox 999 1667 1189 1722; x_wconf 78' lang='lat' dir='ltr'><strong><em>Tertullianus</em></strong></span> <span class='ocrx_word' id='word_1_209' title='bbox 1208 1668 1256 1724; x_wconf 86' lang='lat' dir='ltr'><strong><em>lib.</em></strong></span> <span class='ocrx_word' id='word_1_210' title='bbox 1275 1668 1478 1723; x_wconf 67' lang='lat' dir='ltr'><strong><em>transumens</em></strong></span> <span class='ocrx_word' id='word_1_211' title='bbox 1497 1684 1521 1722; x_wconf 89' lang='grc'><strong><em>0.</em></strong></span> <span class='ocrx_word' id='word_1_212' title='bbox 1541 1675 1565 1724; x_wconf 74' lang='lat' dir='ltr'><strong><em>i.</em></strong></span> <span class='ocrx_word' id='word_1_213' title='bbox 1585 1687 1613 1738; x_wconf 93' lang='lat' dir='ltr'><strong><em>p.</em></strong></span> <span class='ocrx_word' id='word_1_214' title='bbox 1635 1673 1681 1724; x_wconf 81' lang='lat'><strong><em>96:</em></strong></span> <span class='ocrx_word' id='word_1_215' title='bbox 1702 1669 1738 1722; x_wconf 87' lang='lat' dir='ltr'><strong><em>In</em></strong></span> <span class='ocrx_word' id='word_1_216' title='bbox 1756 1685 1836 1737; x_wconf 86' lang='lat' dir='ltr'><strong><em>quem</em></strong></span> 
     </span>
     <span class='ocr_line' id='line_1_17' title="bbox 136 1754 1836 1826; baseline 0 -17"><span class='ocrx_word' id='word_1_217' title='bbox 136 1757 254 1810; x_wconf 86' lang='lat' dir='ltr'><strong><em>cedoahc</em></strong></span> <span class='ocrx_word' id='word_1_218' title='bbox 276 1757 442 1825; x_wconf 77' lang='lat' dir='ltr'><strong><em>Scripturas</em></strong></span> <span class='ocrx_word' id='word_1_219' title='bbox 464 1758 569 1811; x_wconf 86' lang='lat' dir='ltr'><strong><em>usitata</em></strong></span> <span class='ocrx_word' id='word_1_220' title='bbox 590 1759 714 1811; x_wconf 88' lang='lat' dir='ltr'><strong><em>amnibus</em></strong></span> <span class='ocrx_word' id='word_1_221' title='bbox 733 1758 869 1826; x_wconf 81' lang='lat' dir='ltr'><strong><em>pentibus,</em></strong></span> <span class='ocrx_word' id='word_1_222' title='bbox 887 1757 973 1808; x_wconf 86' lang='lat' dir='ltr'><strong><em>idest</em></strong></span> <span class='ocrx_word' id='word_1_223' title='bbox 1000 1754 1088 1807; x_wconf 88' lang='lat' dir='ltr'><strong><em>alium</em></strong></span> <span class='ocrx_word' id='word_1_224' title='bbox 1106 1755 1253 1808; x_wconf 87' lang='lat' dir='ltr'><strong><em>universae</em></strong></span> <span class='ocrx_word' id='word_1_225' title='bbox 1263 1763 1356 1822; x_wconf 87' lang='lat' dir='ltr'><strong><em>yentes</em></strong></span> <span class='ocrx_word' id='word_1_226' title='bbox 1370 1755 1553 1809; x_wconf 87' lang='lat' dir='ltr'><strong><em>crediderunt</em></strong></span> <span class='ocrx_word' id='word_1_227' title='bbox 1566 1755 1625 1807; x_wconf 87' lang='lat' dir='ltr'><strong><em>nisi</em></strong></span> <span class='ocrx_word' id='word_1_228' title='bbox 1635 1755 1665 1807; x_wconf 88' lang='lat' dir='ltr'><strong><em>in</em></strong></span> <span class='ocrx_word' id='word_1_229' title='bbox 1676 1755 1836 1809; x_wconf 72' lang='lat' dir='ltr'><strong><em>Christum!</em></strong></span> 
     </span>
     <span class='ocr_line' id='line_1_18' title="bbox 137 1841 1835 1912; baseline 0.001 -18"><span class='ocrx_word' id='word_1_230' title='bbox 137 1844 224 1896; x_wconf 90' lang='lat' dir='ltr'><strong><em>bonae</em></strong></span> <span class='ocrx_word' id='word_1_231' title='bbox 238 1844 319 1912; x_wconf 85' lang='lat' dir='ltr'><strong><em>parti</em></strong></span> <span class='ocrx_word' id='word_1_232' title='bbox 336 1845 458 1910; x_wconf 88' lang='lat' dir='ltr'><strong><em>yentium</em></strong></span> <span class='ocrx_word' id='word_1_233' title='bbox 480 1852 529 1897; x_wconf 91' lang='lat' dir='ltr'><strong><em>etc.</em></strong></span> <span class='ocrx_word' id='word_1_234' title='bbox 568 1843 687 1896; x_wconf 88' lang='lat' dir='ltr'><strong><em>Marcus</em></strong></span> <span class='ocrx_word' id='word_1_235' title='bbox 705 1844 803 1896; x_wconf 86' lang='lat' dir='ltr'><strong><em>habet:</em></strong></span> <span class='ocrx_word' id='word_1_236' title='bbox 830 1851 855 1894; x_wconf 87' lang='lat' dir='ltr'><strong><em>et</em></strong></span> <span class='ocrx_word' id='word_1_237' title='bbox 875 1842 904 1894; x_wconf 91' lang='lat' dir='ltr'><strong><em>in</em></strong></span> <span class='ocrx_word' id='word_1_238' title='bbox 917 1858 972 1893; x_wconf 87' lang='lat' dir='ltr'><strong><em>arn-</em></strong></span> <span class='ocrx_word' id='word_1_239' title='bbox 999 1841 1046 1894; x_wconf 89' lang='lat' dir='ltr'><strong><em>cui</em></strong></span> <span class='ocrx_word' id='word_1_240' title='bbox 1064 1843 1137 1894; x_wconf 89' lang='lat' dir='ltr'><strong><em>enim</em></strong></span> <span class='ocrx_word' id='word_1_241' title='bbox 1156 1848 1180 1895; x_wconf 92' lang='lat' dir='ltr'><strong><em>et</em></strong></span> <span class='ocrx_word' id='word_1_242' title='bbox 1189 1841 1265 1895; x_wconf 92' lang='lat' dir='ltr'><strong><em>aliae</em></strong></span> <span class='ocrx_word' id='word_1_243' title='bbox 1280 1849 1375 1910; x_wconf 85' lang='lat' dir='ltr'><strong><em>yentes</em></strong></span> <span class='ocrx_word' id='word_1_244' title='bbox 1384 1842 1587 1895; x_wconf 74' lang='lat' dir='ltr'><strong><em>erediderunt!</em></strong></span> <span class='ocrx_word' id='word_1_245' title='bbox 1613 1842 1725 1909; x_wconf 88' lang='lat' dir='ltr'><strong><em>Parthi,</em></strong></span> <span class='ocrx_word' id='word_1_246' title='bbox 1744 1843 1835 1910; x_wconf 82' lang='lat' dir='ltr'><strong><em>Medi,</em></strong></span> 
     </span>
     <span class='ocr_line' id='line_1_19' title="bbox 138 1927 1834 1999; baseline 0 -18"><span class='ocrx_word' id='word_1_247' title='bbox 138 1947 184 1981; x_wconf 86' lang='lat' dir='ltr'><strong><em>nes</em></strong></span> <span class='ocrx_word' id='word_1_248' title='bbox 203 1937 296 1998; x_wconf 80' lang='lat' dir='ltr'><strong><em>yantas</em></strong></span> <span class='ocrx_word' id='word_1_249' title='bbox 314 1936 423 1998; x_wconf 89' lang='lat' dir='ltr'><strong><em>oportet</em></strong></span> <span class='ocrx_word' id='word_1_250' title='bbox 443 1930 566 1997; x_wconf 84' lang='lat' dir='ltr'><strong><em>primum</em></strong></span> <span class='ocrx_word' id='word_1_251' title='bbox 593 1930 765 1999; x_wconf 84' lang='lat' dir='ltr'><strong><em>praedicari</em></strong></span> <span class='ocrx_word' id='word_1_252' title='bbox 792 1927 972 1997; x_wconf 75' lang='lat' dir='ltr'><strong><em>cssanyclium,</em></strong></span> <span class='ocrx_word' id='word_1_253' title='bbox 1000 1927 1143 1981; x_wconf 87' lang='lat' dir='ltr'><strong><em>Elamitae</em></strong></span> <span class='ocrx_word' id='word_1_254' title='bbox 1162 1935 1188 1979; x_wconf 91' lang='lat' dir='ltr'><strong><em>et</em></strong></span> <span class='ocrx_word' id='word_1_255' title='bbox 1212 1927 1260 1994; x_wconf 91' lang='lat' dir='ltr'><strong><em>qui</em></strong></span> <span class='ocrx_word' id='word_1_256' title='bbox 1285 1928 1443 1979; x_wconf 89' lang='lat' dir='ltr'><strong><em>inhabitant</em></strong></span> <span class='ocrx_word' id='word_1_257' title='bbox 1462 1928 1712 1996; x_wconf 83' lang='lat' dir='ltr'><strong><em>Mesopotamiam,</em></strong></span> <span class='ocrx_word' id='word_1_258' title='bbox 1734 1929 1834 1981; x_wconf 83' lang='lat' dir='ltr'><strong><em>Arme·</em></strong></span> 
     </span>
     <span class='ocr_line' id='line_1_20' title="bbox 137 2012 1835 2086; baseline 0 -19"><span class='ocrx_word' id='word_1_259' title='bbox 137 2017 186 2069; x_wconf 90' lang='lat' dir='ltr'><strong><em>ubi</em></strong></span> <span class='ocrx_word' id='word_1_260' title='bbox 203 2015 291 2068; x_wconf 87' lang='lat' dir='ltr'><strong><em>dictio</em></strong></span> <span class='ocrx_word' id='word_1_261' title='bbox 310 2015 427 2085; x_wconf 86' lang='lat' dir='ltr'><strong><em>primum</em></strong></span> <span class='ocrx_word' id='word_1_262' title='bbox 446 2033 501 2068; x_wconf 90' lang='lat' dir='ltr'><strong><em>non</em></strong></span> <span class='ocrx_word' id='word_1_263' title='bbox 516 2024 610 2086; x_wconf 87' lang='lat' dir='ltr'><strong><em>potest</em></strong></span> <span class='ocrx_word' id='word_1_264' title='bbox 628 2018 770 2068; x_wconf 74' lang='lat' dir='ltr'><strong><em>camarado</em></strong></span> <span class='ocrx_word' id='word_1_265' title='bbox 789 2014 898 2076; x_wconf 79' lang='lat' dir='ltr'><strong><em>referri</em></strong></span> <span class='ocrx_word' id='word_1_266' title='bbox 915 2013 972 2065; x_wconf 87' lang='lat' dir='ltr'><strong><em>nisi</em></strong></span> <span class='ocrx_word' id='word_1_267' title='bbox 999 2014 1091 2081; x_wconf 88' lang='lat' dir='ltr'><strong><em>niam,</em></strong></span> <span class='ocrx_word' id='word_1_268' title='bbox 1118 2014 1289 2082; x_wconf 86' lang='lat' dir='ltr'><strong><em>Phryyiam,</em></strong></span> <span class='ocrx_word' id='word_1_269' title='bbox 1311 2012 1524 2082; x_wconf 81' lang='lat' dir='ltr'><strong><em>Cappadociam</em></strong></span> <span class='ocrx_word' id='word_1_270' title='bbox 1544 2022 1568 2068; x_wconf 89' lang='lat' dir='ltr'><strong><em>el</em></strong></span> <span class='ocrx_word' id='word_1_271' title='bbox 1588 2014 1738 2067; x_wconf 85' lang='lat' dir='ltr'><strong><em>incolentes</em></strong></span> <span class='ocrx_word' id='word_1_272' title='bbox 1761 2014 1835 2067; x_wconf 90' lang='lat' dir='ltr'><strong><em>Pon·</em></strong></span> 
     </span>
     <span class='ocr_line' id='line_1_21' title="bbox 138 2098 1832 2170; baseline 0 -17"><span class='ocrx_word' id='word_1_273' title='bbox 138 2104 179 2154; x_wconf 88' lang='lat' dir='ltr'><strong><em>ad</em></strong></span> <span class='ocrx_word' id='word_1_274' title='bbox 197 2102 462 2154; x_wconf 63' lang='lat' dir='ltr'><strong><em>comminationem</em></strong></span> <span class='ocrx_word' id='word_1_275' title='bbox 483 2102 706 2169; x_wconf 87' lang='lat' dir='ltr'><strong><em>Hierosolymae,</em></strong></span> <span class='ocrx_word' id='word_1_276' title='bbox 734 2100 872 2170; x_wconf 86' lang='lat' dir='ltr'><strong><em>siquidem</em></strong></span> <span class='ocrx_word' id='word_1_277' title='bbox 891 2100 972 2152; x_wconf 82' lang='grc' dir='ltr'><em>Μαν-</em></span> <span class='ocrx_word' id='word_1_278' title='bbox 999 2106 1056 2152; x_wconf 89' lang='lat' dir='ltr'><strong><em>tum</em></strong></span> <span class='ocrx_word' id='word_1_279' title='bbox 1081 2106 1107 2151; x_wconf 88' lang='lat' dir='ltr'><strong><em>et</em></strong></span> <span class='ocrx_word' id='word_1_280' title='bbox 1127 2100 1227 2151; x_wconf 87' lang='lat' dir='ltr'><strong><em>Asiam</em></strong></span> <span class='ocrx_word' id='word_1_281' title='bbox 1254 2107 1279 2152; x_wconf 91' lang='lat' dir='ltr'><strong><em>et</em></strong></span> <span class='ocrx_word' id='word_1_282' title='bbox 1299 2098 1512 2169; x_wconf 76' lang='lat' dir='ltr'><strong><em>Pamphyliam,</em></strong></span> <span class='ocrx_word' id='word_1_283' title='bbox 1536 2099 1716 2152; x_wconf 88' lang='lat' dir='ltr'><strong><em>immorantes</em></strong></span> <span class='ocrx_word' id='word_1_284' title='bbox 1742 2101 1832 2170; x_wconf 82' lang='lat' dir='ltr'><strong><em>Aepy·</em></strong></span> 
     </span>
     <span class='ocr_line' id='line_1_22' title="bbox 138 2184 1835 2257; baseline -0.001 -16"><span class='ocrx_word' id='word_1_285' title='bbox 138 2208 185 2242; x_wconf 87' lang='lat' dir='ltr'><strong><em>cus</em></strong></span> <span class='ocrx_word' id='word_1_286' title='bbox 203 2207 259 2240; x_wconf 85' lang='grc'><strong>11011</strong></span> <span class='ocrx_word' id='word_1_287' title='bbox 279 2196 484 2255; x_wconf 87' lang='lat' dir='ltr'><strong><em>commemorat,</em></strong></span> <span class='ocrx_word' id='word_1_288' title='bbox 502 2189 648 2256; x_wconf 85' lang='lat' dir='ltr'><strong><em>apostolos</em></strong></span> <span class='ocrx_word' id='word_1_289' title='bbox 666 2188 835 2257; x_wconf 76' lang='lat' dir='ltr'><strong><em>quaesivisse</em></strong></span> <span class='ocrx_word' id='word_1_290' title='bbox 855 2190 889 2240; x_wconf 82' lang='lat' dir='ltr'><strong><em>cle</em></strong></span> <span class='ocrx_word' id='word_1_291' title='bbox 909 2204 973 2239; x_wconf 91' lang='lat' dir='ltr'><strong><em>con·</em></strong></span> <span class='ocrx_word' id='word_1_292' title='bbox 997 2194 1075 2253; x_wconf 92' lang='lat' dir='ltr'><strong><em>ptum</em></strong></span> <span class='ocrx_word' id='word_1_293' title='bbox 1093 2193 1118 2238; x_wconf 91' lang='lat' dir='ltr'><strong><em>et</em></strong></span> <span class='ocrx_word' id='word_1_294' title='bbox 1135 2187 1276 2253; x_wconf 87' lang='lat' dir='ltr'><strong><em>rcyioncm</em></strong></span> <span class='ocrx_word' id='word_1_295' title='bbox 1294 2185 1424 2250; x_wconf 81' lang='lat' dir='ltr'><strong><em>Africae,</em></strong></span> <span class='ocrx_word' id='word_1_296' title='bbox 1445 2203 1516 2254; x_wconf 90' lang='lat' dir='ltr'><strong><em>quae</em></strong></span> <span class='ocrx_word' id='word_1_297' title='bbox 1536 2193 1576 2238; x_wconf 89' lang='lat' dir='ltr'><strong><em>cst</em></strong></span> <span class='ocrx_word' id='word_1_298' title='bbox 1592 2193 1673 2239; x_wconf 89' lang='lat' dir='ltr'><strong><em>trans</em></strong></span> <span class='ocrx_word' id='word_1_299' title='bbox 1692 2184 1835 2256; x_wconf 85' lang='lat' dir='ltr'><strong><em>Cyrenem,</em></strong></span> 
     </span>
     <span class='ocr_line' id='line_1_23' title="bbox 137 2271 1835 2343; baseline -0.001 -16"><span class='ocrx_word' id='word_1_300' title='bbox 137 2275 319 2328; x_wconf 75' lang='lat' dir='ltr'><strong><em>stemmatiane</em></strong></span> <span class='ocrx_word' id='word_1_301' title='bbox 338 2274 440 2342; x_wconf 88' lang='lat' dir='ltr'><strong><em>seculi,</em></strong></span> <span class='ocrx_word' id='word_1_302' title='bbox 468 2277 520 2326; x_wconf 82' lang='lat' dir='ltr'><strong><em>secl</em></strong></span> <span class='ocrx_word' id='word_1_303' title='bbox 539 2282 646 2326; x_wconf 88' lang='lat' dir='ltr'><strong><em>tantum</em></strong></span> <span class='ocrx_word' id='word_1_304' title='bbox 668 2276 781 2343; x_wconf 87' lang='lat' dir='ltr'><strong><em>quaudo</em></strong></span> <span class='ocrx_word' id='word_1_305' title='bbox 810 2276 911 2337; x_wconf 74' lang='lat' dir='ltr'><strong><em>firtrtra</em></strong></span> <span class='ocrx_word' id='word_1_306' title='bbox 934 2289 974 2324; x_wconf 87' lang='lat' dir='ltr'><strong><em>es·</em></strong></span> <span class='ocrx_word' id='word_1_307' title='bbox 1000 2272 1200 2338; x_wconf 88' lang='lat' dir='ltr'><strong><em>inhabitantes,</em></strong></span> <span class='ocrx_word' id='word_1_308' title='bbox 1225 2271 1350 2325; x_wconf 81' lang='lat' dir='ltr'><strong><em>Romani</em></strong></span> <span class='ocrx_word' id='word_1_309' title='bbox 1367 2278 1392 2325; x_wconf 93' lang='lat' dir='ltr'><strong><em>et</em></strong></span> <span class='ocrx_word' id='word_1_310' title='bbox 1412 2272 1534 2336; x_wconf 85' lang='lat' dir='ltr'><strong><em>incolae,</em></strong></span> <span class='ocrx_word' id='word_1_311' title='bbox 1557 2279 1621 2324; x_wconf 90' lang='lat' dir='ltr'><strong><em>tunc</em></strong></span> <span class='ocrx_word' id='word_1_312' title='bbox 1641 2279 1667 2325; x_wconf 92' lang='lat' dir='ltr'><strong><em>et</em></strong></span> <span class='ocrx_word' id='word_1_313' title='bbox 1683 2273 1714 2324; x_wconf 92' lang='lat' dir='ltr'><strong><em>in</em></strong></span> <span class='ocrx_word' id='word_1_314' title='bbox 1732 2271 1835 2327; x_wconf 88' lang='lat' dir='ltr'><strong><em>Hieru-</em></strong></span> 
     </span>
     <span class='ocr_line' id='line_1_24' title="bbox 137 2356 1832 2429; baseline -0.001 -16"><span class='ocrx_word' id='word_1_315' title='bbox 137 2369 213 2424; x_wconf 89' lang='lat' dir='ltr'><strong><em>sent,</em></strong></span> <span class='ocrx_word' id='word_1_316' title='bbox 238 2378 310 2428; x_wconf 88' lang='lat' dir='ltr'><strong><em>quae</em></strong></span> <span class='ocrx_word' id='word_1_317' title='bbox 329 2361 470 2414; x_wconf 80' lang='lat' dir='ltr'><strong><em>Dominus</em></strong></span> <span class='ocrx_word' id='word_1_318' title='bbox 482 2361 631 2428; x_wconf 77' lang='lat' dir='ltr'><strong><em>praedicit</em></strong></span> <span class='ocrx_word' id='word_1_319' title='bbox 649 2363 685 2412; x_wconf 86' lang='lat' dir='ltr'><strong><em>de</em></strong></span> <span class='ocrx_word' id='word_1_320' title='bbox 704 2361 805 2429; x_wconf 90' lang='lat' dir='ltr'><strong><em>templo</em></strong></span> <span class='ocrx_word' id='word_1_321' title='bbox 823 2367 849 2411; x_wconf 89' lang='lat' dir='ltr'><strong><em>et</em></strong></span> <span class='ocrx_word' id='word_1_322' title='bbox 869 2359 973 2412; x_wconf 91' lang='lat' dir='ltr'><strong><em>Hieru-</em></strong></span> <span class='ocrx_word' id='word_1_323' title='bbox 999 2358 1088 2410; x_wconf 86' lang='lat' dir='ltr'><strong><em>salem</em></strong></span> <span class='ocrx_word' id='word_1_324' title='bbox 1101 2358 1212 2411; x_wconf 86' lang='lat' dir='ltr'><strong><em>Judaei</em></strong></span> <span class='ocrx_word' id='word_1_325' title='bbox 1230 2365 1256 2411; x_wconf 90' lang='lat' dir='ltr'><strong><em>et</em></strong></span> <span class='ocrx_word' id='word_1_326' title='bbox 1273 2365 1381 2411; x_wconf 88' lang='lat' dir='ltr'><strong><em>ceterae</em></strong></span> <span class='ocrx_word' id='word_1_327' title='bbox 1400 2366 1502 2425; x_wconf 85' lang='lat' dir='ltr'><strong><em>yentss,</em></strong></span> <span class='ocrx_word' id='word_1_328' title='bbox 1521 2363 1553 2409; x_wconf 89' lang='lat' dir='ltr'><strong><em>at</em></strong></span> <span class='ocrx_word' id='word_1_329' title='bbox 1563 2358 1630 2426; x_wconf 90' lang='lat' dir='ltr'><strong><em>jam</em></strong></span> <span class='ocrx_word' id='word_1_330' title='bbox 1648 2356 1832 2412; x_wconf 83' lang='lat' dir='ltr'><strong><em>Gaetulorum</em></strong></span> 
     </span>
     <span class='ocr_line' id='line_1_25' title="bbox 137 2445 1835 2515; baseline 0.001 -16"><span class='ocrx_word' id='word_1_331' title='bbox 137 2447 239 2512; x_wconf 85' lang='lat' dir='ltr'><strong><em>salem,</em></strong></span> <span class='ocrx_word' id='word_1_332' title='bbox 269 2455 296 2500; x_wconf 90' lang='lat' dir='ltr'><strong><em>et</em></strong></span> <span class='ocrx_word' id='word_1_333' title='bbox 319 2449 396 2515; x_wconf 88' lang='lat' dir='ltr'><strong><em>quod</em></strong></span> <span class='ocrx_word' id='word_1_334' title='bbox 422 2454 491 2499; x_wconf 86' lang='lat' dir='ltr'><strong><em>osset</em></strong></span> <span class='ocrx_word' id='word_1_335' title='bbox 513 2447 638 2515; x_wconf 84' lang='lat' dir='ltr'><strong><em>siquam,</em></strong></span> <span class='ocrx_word' id='word_1_336' title='bbox 665 2448 778 2515; x_wconf 90' lang='lat' dir='ltr'><strong><em>quando</em></strong></span> <span class='ocrx_word' id='word_1_337' title='bbox 805 2446 858 2498; x_wconf 89' lang='lat' dir='ltr'><strong><em>illa</em></strong></span> <span class='ocrx_word' id='word_1_338' title='bbox 885 2452 974 2497; x_wconf 85' lang='lat' dir='ltr'><strong><em>essent</em></strong></span> <span class='ocrx_word' id='word_1_339' title='bbox 999 2447 1147 2499; x_wconf 84' lang='lat' dir='ltr'><strong><em>varietates</em></strong></span> <span class='ocrx_word' id='word_1_340' title='bbox 1173 2454 1198 2499; x_wconf 86' lang='lat' dir='ltr'><strong><em>ct</em></strong></span> <span class='ocrx_word' id='word_1_341' title='bbox 1218 2446 1388 2498; x_wconf 88' lang='lat' dir='ltr'><strong><em>Maurorum</em></strong></span> <span class='ocrx_word' id='word_1_342' title='bbox 1414 2445 1496 2498; x_wconf 88' lang='lat' dir='ltr'><strong><em>multi</em></strong></span> <span class='ocrx_word' id='word_1_343' title='bbox 1518 2448 1600 2512; x_wconf 73' lang='lat' dir='ltr'><strong><em>fines,</em></strong></span> <span class='ocrx_word' id='word_1_344' title='bbox 1626 2445 1835 2514; x_wconf 82' lang='lat' dir='ltr'><strong><em>Hispaniarum</em></strong></span> 
     </span>
     <span class='ocr_line' id='line_1_26' title="bbox 138 2530 1835 2589; baseline -0.001 -2"><span class='ocrx_word' id='word_1_345' title='bbox 138 2536 365 2588; x_wconf 88' lang='lat' dir='ltr'><strong><em>consummanda.</em></strong></span> <span class='ocrx_word' id='word_1_346' title='bbox 401 2532 551 2587; x_wconf 88' lang='lat' dir='ltr'><strong><em>Barradius</em></strong></span> <span class='ocrx_word' id='word_1_347' title='bbox 575 2540 639 2588; x_wconf 87' lang='lat' dir='ltr'><strong><em>tam.</em></strong></span> <span class='ocrx_word' id='word_1_348' title='bbox 659 2538 682 2587; x_wconf 90' lang='lat'><strong><em>3.</em></strong></span> <span class='ocrx_word' id='word_1_349' title='bbox 710 2549 787 2588; x_wconf 88' lang='lat' dir='ltr'><strong><em>conc.</em></strong></span> <span class='ocrx_word' id='word_1_350' title='bbox 813 2548 853 2585; x_wconf 86' lang='lat' dir='ltr'><strong><em>ev.</em></strong></span> <span class='ocrx_word' id='word_1_351' title='bbox 883 2531 929 2586; x_wconf 89' lang='lat' dir='ltr'><strong><em>lih.</em></strong></span> <span class='ocrx_word' id='word_1_352' title='bbox 948 2537 973 2589; x_wconf 83' lang='lat'><strong><em>9.</em></strong></span> <span class='ocrx_word' id='word_1_353' title='bbox 1000 2548 1093 2583; x_wconf 88' lang='lat' dir='ltr'><strong><em>omnes</em></strong></span> <span class='ocrx_word' id='word_1_354' title='bbox 1117 2533 1232 2584; x_wconf 86' lang='lat' dir='ltr'><strong><em>termini</em></strong></span> <span class='ocrx_word' id='word_1_355' title='bbox 1254 2540 1280 2584; x_wconf 91' lang='lat' dir='ltr'><strong><em>ct</em></strong></span> <span class='ocrx_word' id='word_1_356' title='bbox 1307 2530 1470 2584; x_wconf 86' lang='lat' dir='ltr'><strong><em>Galliarum</em></strong></span> <span class='ocrx_word' id='word_1_357' title='bbox 1498 2533 1626 2585; x_wconf 83' lang='lat' dir='ltr'><strong><em>diversae</em></strong></span> <span class='ocrx_word' id='word_1_358' title='bbox 1653 2532 1781 2585; x_wconf 89' lang='lat' dir='ltr'><strong><em>nationes</em></strong></span> <span class='ocrx_word' id='word_1_359' title='bbox 1808 2540 1835 2586; x_wconf 91' lang='lat' dir='ltr'><strong><em>et</em></strong></span> 
     </span>
     <span class='ocr_line' id='line_1_27' title="bbox 138 2617 1834 2690; baseline -0.002 -15"><span class='ocrx_word' id='word_1_360' title='bbox 138 2639 160 2675; x_wconf 93' lang='lat' dir='ltr'><strong><em>c.</em></strong></span> <span class='ocrx_word' id='word_1_361' title='bbox 181 2627 204 2676; x_wconf 82' lang='lat'><strong><em>2.</em></strong></span> <span class='ocrx_word' id='word_1_362' title='bbox 231 2636 258 2690; x_wconf 90' lang='lat' dir='ltr'><strong><em>p.</em></strong></span> <span class='ocrx_word' id='word_1_363' title='bbox 278 2624 340 2675; x_wconf 80' lang='lat'><strong>558:</strong></span> <span class='ocrx_word' id='word_1_364' title='bbox 378 2621 458 2673; x_wconf 88' lang='lat' dir='ltr'><strong><em>Haec</em></strong></span> <span class='ocrx_word' id='word_1_365' title='bbox 490 2638 598 2688; x_wconf 81' lang='lat' dir='ltr'><strong><em>qnoque</em></strong></span> <span class='ocrx_word' id='word_1_366' title='bbox 628 2619 727 2683; x_wconf 87' lang='lat' dir='ltr'><strong><em>verba,</em></strong></span> <span class='ocrx_word' id='word_1_367' title='bbox 753 2617 973 2686; x_wconf 86' lang='lat' dir='ltr'><strong><em>praedicabitur</em></strong></span> <span class='ocrx_word' id='word_1_368' title='bbox 999 2618 1194 2671; x_wconf 89' lang='lat' dir='ltr'><strong><em>Brittanorum</em></strong></span> <span class='ocrx_word' id='word_1_369' title='bbox 1213 2618 1354 2670; x_wconf 84' lang='lat' dir='ltr'><strong><em>inaccessa</em></strong></span> <span class='ocrx_word' id='word_1_370' title='bbox 1373 2618 1509 2671; x_wconf 82' lang='lat' dir='ltr'><strong><em>Romanis</em></strong></span> <span class='ocrx_word' id='word_1_371' title='bbox 1528 2617 1606 2678; x_wconf 86' lang='lat' dir='ltr'><strong><em>ioca,</em></strong></span> <span class='ocrx_word' id='word_1_372' title='bbox 1635 2617 1743 2670; x_wconf 85' lang='lat' dir='ltr'><strong><em>Christo</em></strong></span> <span class='ocrx_word' id='word_1_373' title='bbox 1768 2635 1834 2672; x_wconf 86' lang='lat' dir='ltr'><strong><em>vero</em></strong></span> 
     </span>
     <span class='ocr_line' id='line_1_28' title="bbox 139 2703 1834 2775; baseline -0.001 -16"><span class='ocrx_word' id='word_1_374' title='bbox 139 2706 311 2775; x_wconf 89' lang='lat' dir='ltr'><strong><em>evanyelium</em></strong></span> <span class='ocrx_word' id='word_1_375' title='bbox 335 2707 363 2758; x_wconf 90' lang='lat' dir='ltr'><strong><em>in</em></strong></span> <span class='ocrx_word' id='word_1_376' title='bbox 383 2706 512 2758; x_wconf 88' lang='lat' dir='ltr'><strong><em>universo</em></strong></span> <span class='ocrx_word' id='word_1_377' title='bbox 532 2707 612 2768; x_wconf 89' lang='lat' dir='ltr'><strong><em>orbe,</em></strong></span> <span class='ocrx_word' id='word_1_378' title='bbox 636 2706 778 2774; x_wconf 85' lang='lat' dir='ltr'><strong><em>pertinent</em></strong></span> <span class='ocrx_word' id='word_1_379' title='bbox 802 2705 843 2756; x_wconf 91' lang='lat' dir='ltr'><strong><em>ad</em></strong></span> <span class='ocrx_word' id='word_1_380' title='bbox 864 2712 971 2771; x_wconf 86' lang='lat' dir='ltr'><strong><em>tempus</em></strong></span> <span class='ocrx_word' id='word_1_381' title='bbox 998 2706 1129 2767; x_wconf 84' lang='lat' dir='ltr'><strong><em>subdita,</em></strong></span> <span class='ocrx_word' id='word_1_382' title='bbox 1154 2713 1180 2757; x_wconf 90' lang='lat' dir='ltr'><strong><em>et</em></strong></span> <span class='ocrx_word' id='word_1_383' title='bbox 1201 2705 1399 2759; x_wconf 84' lang='lat' dir='ltr'><strong><em>Sarmatarum</em></strong></span> <span class='ocrx_word' id='word_1_384' title='bbox 1419 2711 1444 2756; x_wconf 89' lang='lat' dir='ltr'><strong><em>et</em></strong></span> <span class='ocrx_word' id='word_1_385' title='bbox 1466 2705 1612 2756; x_wconf 88' lang='lat' dir='ltr'><strong><em>Dacorum</em></strong></span> <span class='ocrx_word' id='word_1_386' title='bbox 1633 2703 1834 2758; x_wconf 75' lang='grc'><strong>1101101010-</strong></span> 
     </span>
     <span class='ocr_line' id='line_1_29' title="bbox 134 2790 1833 2862; baseline 0 -18"><span class='ocrx_word' id='word_1_387' title='bbox 134 2794 310 2862; x_wconf 87' lang='lat' dir='ltr'><strong><em>praecedens</em></strong></span> <span class='ocrx_word' id='word_1_388' title='bbox 330 2792 470 2844; x_wconf 77' lang='lat' dir='ltr'><strong><em>escidium</em></strong></span> <span class='ocrx_word' id='word_1_389' title='bbox 483 2791 751 2859; x_wconf 78' lang='lat' dir='ltr'><strong><em>Hierosolymorum.</em></strong></span> <span class='ocrx_word' id='word_1_390' title='bbox 779 2790 971 2843; x_wconf 78' lang='lat' dir='ltr'><strong><em>Praedixerat</em></strong></span> <span class='ocrx_word' id='word_1_391' title='bbox 998 2809 1060 2844; x_wconf 89' lang='lat' dir='ltr'><strong><em>rum</em></strong></span> <span class='ocrx_word' id='word_1_392' title='bbox 1080 2799 1106 2844; x_wconf 88' lang='lat' dir='ltr'><strong><em>et</em></strong></span> <span class='ocrx_word' id='word_1_393' title='bbox 1123 2792 1290 2858; x_wconf 76' lang='lat' dir='ltr'><strong><em>Scytharum</em></strong></span> <span class='ocrx_word' id='word_1_394' title='bbox 1309 2797 1334 2843; x_wconf 90' lang='lat' dir='ltr'><strong><em>et</em></strong></span> <span class='ocrx_word' id='word_1_395' title='bbox 1354 2791 1515 2844; x_wconf 89' lang='lat' dir='ltr'><strong><em>abditarum</em></strong></span> <span class='ocrx_word' id='word_1_396' title='bbox 1534 2791 1684 2843; x_wconf 73' lang='lat' dir='ltr'><strong><em>militarum</em></strong></span> <span class='ocrx_word' id='word_1_397' title='bbox 1709 2791 1833 2857; x_wconf 87' lang='lat' dir='ltr'><strong><em>yeatium</em></strong></span> 
     </span>
     <span class='ocr_line' id='line_1_30' title="bbox 138 2876 1833 2948; baseline -0.001 -17"><span class='ocrx_word' id='word_1_398' title='bbox 138 2879 278 2933; x_wconf 89' lang='lat' dir='ltr'><strong><em>Dominus</em></strong></span> <span class='ocrx_word' id='word_1_399' title='bbox 304 2896 417 2948; x_wconf 88' lang='lat' dir='ltr'><strong><em>yravcm</em></strong></span> <span class='ocrx_word' id='word_1_400' title='bbox 444 2879 472 2930; x_wconf 88' lang='lat' dir='ltr'><strong><em>in</em></strong></span> <span class='ocrx_word' id='word_1_401' title='bbox 499 2879 657 2947; x_wconf 87' lang='lat' dir='ltr'><strong><em>discipulos</em></strong></span> <span class='ocrx_word' id='word_1_402' title='bbox 679 2878 910 2946; x_wconf 75' lang='lat' dir='ltr'><strong><em>persecretionem,</em></strong></span> <span class='ocrx_word' id='word_1_403' title='bbox 938 2893 972 2928; x_wconf 89' lang='lat' dir='ltr'><strong><em>ea</em></strong></span> <span class='ocrx_word' id='word_1_404' title='bbox 998 2887 1024 2932; x_wconf 91' lang='lat' dir='ltr'><strong><em>ot</em></strong></span> <span class='ocrx_word' id='word_1_405' title='bbox 1036 2878 1250 2946; x_wconf 88' lang='lat' dir='ltr'><strong><em>provinciaram</em></strong></span> <span class='ocrx_word' id='word_1_406' title='bbox 1269 2884 1294 2930; x_wconf 91' lang='lat' dir='ltr'><strong><em>et</em></strong></span> <span class='ocrx_word' id='word_1_407' title='bbox 1311 2876 1470 2929; x_wconf 85' lang='lat' dir='ltr'><strong><em>insularum</em></strong></span> <span class='ocrx_word' id='word_1_408' title='bbox 1490 2877 1643 2929; x_wconf 87' lang='lat' dir='ltr'><strong><em>multarum</em></strong></span> <span class='ocrx_word' id='word_1_409' title='bbox 1657 2876 1736 2930; x_wconf 66' lang='lat' dir='ltr'><strong><em>nobas</em></strong></span> <span class='ocrx_word' id='word_1_410' title='bbox 1755 2878 1833 2947; x_wconf 89' lang='lat' dir='ltr'><strong><em>iyno·</em></strong></span> 
     </span>
     <span class='ocr_line' id='line_1_31' title="bbox 137 2962 1833 3034; baseline -0.002 -14"><span class='ocrx_word' id='word_1_411' title='bbox 137 2984 200 3020; x_wconf 90' lang='lat' dir='ltr'><strong><em>vera</em></strong></span> <span class='ocrx_word' id='word_1_412' title='bbox 222 2985 277 3020; x_wconf 90' lang='lat' dir='ltr'><strong><em>noa</em></strong></span> <span class='ocrx_word' id='word_1_413' title='bbox 296 2967 420 3019; x_wconf 87' lang='lat' dir='ltr'><strong><em>abstante</em></strong></span> <span class='ocrx_word' id='word_1_414' title='bbox 438 2982 512 3018; x_wconf 88' lang='lat' dir='ltr'><strong><em>nunc</em></strong></span> <span class='ocrx_word' id='word_1_415' title='bbox 533 2966 621 3029; x_wconf 75' lang='lat' dir='ltr'><strong><em>docet,</em></strong></span> <span class='ocrx_word' id='word_1_416' title='bbox 643 2965 817 3033; x_wconf 88' lang='lat' dir='ltr'><strong><em>evanyclium</em></strong></span> <span class='ocrx_word' id='word_1_417' title='bbox 835 2970 892 3016; x_wconf 91' lang='lat' dir='ltr'><strong><em>toto</em></strong></span> <span class='ocrx_word' id='word_1_418' title='bbox 906 2962 971 3015; x_wconf 85' lang='lat' dir='ltr'><strong><em>orbe</em></strong></span> <span class='ocrx_word' id='word_1_419' title='bbox 998 2972 1090 3017; x_wconf 86' lang='lat' dir='ltr'><strong><em>tarum</em></strong></span> <span class='ocrx_word' id='word_1_420' title='bbox 1111 2972 1136 3016; x_wconf 93' lang='lat' dir='ltr'><strong><em>et</em></strong></span> <span class='ocrx_word' id='word_1_421' title='bbox 1156 2981 1227 3034; x_wconf 89' lang='lat' dir='ltr'><strong><em>quae</em></strong></span> <span class='ocrx_word' id='word_1_422' title='bbox 1248 2978 1413 3016; x_wconf 89' lang='lat' dir='ltr'><strong><em>enumerare</em></strong></span> <span class='ocrx_word' id='word_1_423' title='bbox 1432 2963 1522 3016; x_wconf 88' lang='lat' dir='ltr'><strong><em>minus</em></strong></span> <span class='ocrx_word' id='word_1_424' title='bbox 1537 2980 1697 3030; x_wconf 83' lang='lat' dir='ltr'><strong><em>possumus,</em></strong></span> <span class='ocrx_word' id='word_1_425' title='bbox 1724 2964 1755 3016; x_wconf 88' lang='lat' dir='ltr'><strong><em>in</em></strong></span> <span class='ocrx_word' id='word_1_426' title='bbox 1773 2963 1833 3032; x_wconf 90' lang='lat' dir='ltr'><strong><em>qui·</em></strong></span> 
     </span>
     <span class='ocr_line' id='line_1_32' title="bbox 138 3049 1833 3122; baseline -0.001 -17"><span class='ocrx_word' id='word_1_427' title='bbox 138 3052 251 3105; x_wconf 87' lang='lat' dir='ltr'><strong><em>abillis</em></strong></span> <span class='ocrx_word' id='word_1_428' title='bbox 269 3053 509 3122; x_wconf 85' lang='lat' dir='ltr'><strong><em>praedicandam,</em></strong></span> <span class='ocrx_word' id='word_1_429' title='bbox 530 3059 596 3120; x_wconf 87' lang='lat' dir='ltr'><strong><em>post</em></strong></span> <span class='ocrx_word' id='word_1_430' title='bbox 620 3051 863 3119; x_wconf 84' lang='lat' dir='ltr'><strong><em>praedicationem</em></strong></span> <span class='ocrx_word' id='word_1_431' title='bbox 881 3057 972 3101; x_wconf 86' lang='lat' dir='ltr'><strong><em>autem</em></strong></span> <span class='ocrx_word' id='word_1_432' title='bbox 998 3053 1047 3103; x_wconf 88' lang='lat' dir='ltr'><strong><em>bas</em></strong></span> <span class='ocrx_word' id='word_1_433' title='bbox 1071 3052 1196 3105; x_wconf 84' lang='lat' dir='ltr'><strong><em>ornnibus</em></strong></span> <span class='ocrx_word' id='word_1_434' title='bbox 1218 3051 1289 3104; x_wconf 87' lang='lat' dir='ltr'><strong><em>loeis</em></strong></span> <span class='ocrx_word' id='word_1_435' title='bbox 1315 3049 1422 3102; x_wconf 86' lang='lat' dir='ltr'><strong><em>Christi</em></strong></span> <span class='ocrx_word' id='word_1_436' title='bbox 1446 3067 1561 3111; x_wconf 91' lang='lat' dir='ltr'><strong><em>nomen,</em></strong></span> <span class='ocrx_word' id='word_1_437' title='bbox 1589 3049 1637 3119; x_wconf 87' lang='lat' dir='ltr'><strong><em>qui</em></strong></span> <span class='ocrx_word' id='word_1_438' title='bbox 1661 3050 1723 3117; x_wconf 79' lang='lat' dir='ltr'><strong><em>jam</em></strong></span> <span class='ocrx_word' id='word_1_439' title='bbox 1751 3051 1833 3119; x_wconf 88' lang='lat' dir='ltr'><strong><em>venit,</em></strong></span> 
     </span>
     <span class='ocr_line' id='line_1_33' title="bbox 138 3133 1833 3207; baseline -0.002 -16"><span class='ocrx_word' id='word_1_440' title='bbox 138 3138 276 3207; x_wconf 80' lang='lat' dir='ltr'><strong><em>evarryelii</em></strong></span> <span class='ocrx_word' id='word_1_441' title='bbox 294 3139 565 3205; x_wconf 81' lang='lat' dir='ltr'><strong><em>consummationem,</em></strong></span> <span class='ocrx_word' id='word_1_442' title='bbox 584 3138 602 3191; x_wconf 91' lang='lat' dir='ltr'><strong><em>i.</em></strong></span> <span class='ocrx_word' id='word_1_443' title='bbox 616 3155 638 3190; x_wconf 89' lang='lat' dir='ltr'><strong><em>e.</em></strong></span> <span class='ocrx_word' id='word_1_444' title='bbox 654 3139 750 3206; x_wconf 78' lang='lat' dir='ltr'><strong><em>finem,</em></strong></span> <span class='ocrx_word' id='word_1_445' title='bbox 769 3138 834 3200; x_wconf 84' lang='lat' dir='ltr'><strong><em>fore</em></strong></span> <span class='ocrx_word' id='word_1_446' title='bbox 855 3145 880 3188; x_wconf 92' lang='lat' dir='ltr'><strong><em>et</em></strong></span> <span class='ocrx_word' id='word_1_447' title='bbox 898 3153 971 3188; x_wconf 87' lang='lat' dir='ltr'><strong><em>ever-</em></strong></span> <span class='ocrx_word' id='word_1_448' title='bbox 997 3145 1104 3204; x_wconf 86' lang='lat' dir='ltr'><strong><em>reynel.</em></strong></span> <span class='ocrx_word' id='word_1_449' title='bbox 1139 3136 1303 3191; x_wconf 87' lang='lat' dir='ltr'><strong><em>Ambrosius</em></strong></span> <span class='ocrx_word' id='word_1_450' title='bbox 1328 3135 1356 3188; x_wconf 90' lang='lat' dir='ltr'><strong><em>in</em></strong></span> <span class='ocrx_word' id='word_1_451' title='bbox 1374 3151 1471 3191; x_wconf 88' lang='lat' dir='ltr'><strong><em>comm.</em></strong></span> <span class='ocrx_word' id='word_1_452' title='bbox 1490 3151 1512 3188; x_wconf 89' lang='lat' dir='ltr'><strong><em>c.</em></strong></span> <span class='ocrx_word' id='word_1_453' title='bbox 1538 3139 1575 3188; x_wconf 85' lang='lat'><strong><em>10.</em></strong></span> <span class='ocrx_word' id='word_1_454' title='bbox 1596 3133 1692 3189; x_wconf 81' lang='lat' dir='ltr'><strong><em>Rom:</em></strong></span> <span class='ocrx_word' id='word_1_455' title='bbox 1731 3136 1833 3205; x_wconf 82' lang='lat' dir='ltr'><strong><em>Ubique</em></strong></span> 
     </span>
     <span class='ocr_line' id='line_1_34' title="bbox 137 3222 1833 3293; baseline -0.001 -15"><span class='ocrx_word' id='word_1_456' title='bbox 137 3227 241 3278; x_wconf 89' lang='lat' dir='ltr'><strong><em>sionem</em></strong></span> <span class='ocrx_word' id='word_1_457' title='bbox 263 3224 450 3292; x_wconf 77' lang='lat' dir='ltr'><strong><em>solymorum,</em></strong></span> <span class='ocrx_word' id='word_1_458' title='bbox 468 3241 539 3293; x_wconf 88' lang='lat' dir='ltr'><strong><em>qaae</em></strong></span> <span class='ocrx_word' id='word_1_459' title='bbox 561 3232 601 3277; x_wconf 89' lang='lat' dir='ltr'><strong><em>est</em></strong></span> <span class='ocrx_word' id='word_1_460' title='bbox 618 3225 754 3277; x_wconf 90' lang='lat' dir='ltr'><strong><em>sententia</em></strong></span> <span class='ocrx_word' id='word_1_461' title='bbox 774 3222 971 3290; x_wconf 83' lang='lat' dir='ltr'><strong><em>Chrysostomi,</em></strong></span> <span class='ocrx_word' id='word_1_462' title='bbox 998 3223 1100 3277; x_wconf 78' lang='lat' dir='ltr'><strong><em>tradita</em></strong></span> <span class='ocrx_word' id='word_1_463' title='bbox 1120 3231 1160 3276; x_wconf 89' lang='lat' dir='ltr'><strong><em>est</em></strong></span> <span class='ocrx_word' id='word_1_464' title='bbox 1182 3231 1207 3276; x_wconf 93' lang='lat' dir='ltr'><strong><em>et</em></strong></span> <span class='ocrx_word' id='word_1_465' title='bbox 1231 3224 1261 3276; x_wconf 89' lang='lat' dir='ltr'><strong><em>in</em></strong></span> <span class='ocrx_word' id='word_1_466' title='bbox 1278 3238 1385 3276; x_wconf 89' lang='lat' dir='ltr'><strong><em>omnem</em></strong></span> <span class='ocrx_word' id='word_1_467' title='bbox 1404 3223 1492 3274; x_wconf 87' lang='lat' dir='ltr'><strong><em>locam</em></strong></span> <span class='ocrx_word' id='word_1_468' title='bbox 1509 3222 1638 3290; x_wconf 89' lang='lat' dir='ltr'><strong><em>pervenit</em></strong></span> <span class='ocrx_word' id='word_1_469' title='bbox 1656 3223 1833 3289; x_wconf 84' lang='lat' dir='ltr'><strong><em>praedicatio</em></strong></span> 
     </span>
     <span class='ocr_line' id='line_1_35' title="bbox 139 3308 1833 3379; baseline 0 -16"><span class='ocrx_word' id='word_1_470' title='bbox 139 3311 350 3379; x_wconf 88' lang='lat' dir='ltr'><strong><em>Theophylacti,</em></strong></span> <span class='ocrx_word' id='word_1_471' title='bbox 370 3311 517 3376; x_wconf 77' lang='lat' dir='ltr'><strong><em>Ertthymii</em></strong></span> <span class='ocrx_word' id='word_1_472' title='bbox 535 3318 560 3362; x_wconf 91' lang='lat' dir='ltr'><strong><em>et</em></strong></span> <span class='ocrx_word' id='word_1_473' title='bbox 580 3311 699 3365; x_wconf 88' lang='lat' dir='ltr'><strong><em>Hilarii.</em></strong></span> <span class='ocrx_word' id='word_1_474' title='bbox 727 3311 801 3364; x_wconf 90' lang='lat' dir='ltr'><strong><em>Haec</em></strong></span> <span class='ocrx_word' id='word_1_475' title='bbox 822 3308 971 3365; x_wconf 85' lang='lat' dir='ltr'><strong><em>Juneenius</em></strong></span> <span class='ocrx_word' id='word_1_476' title='bbox 998 3309 1118 3364; x_wconf 87' lang='lat' dir='ltr'><strong><em>nominis</em></strong></span> <span class='ocrx_word' id='word_1_477' title='bbox 1146 3309 1258 3366; x_wconf 82' lang='lat' dir='ltr'><strong><em>Christi.</em></strong></span> <span class='ocrx_word' id='word_1_478' title='bbox 1307 3310 1360 3362; x_wconf 88' lang='lat' dir='ltr'><strong><em>Ubi</em></strong></span> <span class='ocrx_word' id='word_1_479' title='bbox 1387 3310 1458 3361; x_wconf 86' lang='lat' dir='ltr'><strong><em>enim</em></strong></span> <span class='ocrx_word' id='word_1_480' title='bbox 1485 3309 1685 3377; x_wconf 84' lang='lat' dir='ltr'><strong><em>praedicantis</em></strong></span> <span class='ocrx_word' id='word_1_481' title='bbox 1714 3309 1833 3363; x_wconf 89' lang='lat' dir='ltr'><strong><em>hominis</em></strong></span> 
     </span>
     <span class='ocr_line' id='line_1_36' title="bbox 137 3394 1832 3466; baseline 0.001 -15"><span class='ocrx_word' id='word_1_482' title='bbox 137 3403 164 3451; x_wconf 88' lang='lat' dir='ltr'><strong><em>et</em></strong></span> <span class='ocrx_word' id='word_1_483' title='bbox 182 3395 341 3461; x_wconf 86' lang='lat' dir='ltr'><strong><em>Barradius,</em></strong></span> <span class='ocrx_word' id='word_1_484' title='bbox 368 3395 469 3466; x_wconf 86' lang='lat' dir='ltr'><strong><em>quibus</em></strong></span> <span class='ocrx_word' id='word_1_485' title='bbox 488 3396 589 3449; x_wconf 81' lang='lat' dir='ltr'><strong><em>similia</em></strong></span> <span class='ocrx_word' id='word_1_486' title='bbox 608 3404 755 3451; x_wconf 90' lang='lat' dir='ltr'><strong><em>occurrunt</em></strong></span> <span class='ocrx_word' id='word_1_487' title='bbox 774 3395 848 3464; x_wconf 89' lang='lat' dir='ltr'><strong><em>apud</em></strong></span> <span class='ocrx_word' id='word_1_488' title='bbox 870 3394 971 3449; x_wconf 85' lang='lat' dir='ltr'><strong><em>Salme—</em></strong></span> <span class='ocrx_word' id='word_1_489' title='bbox 995 3397 1158 3465; x_wconf 86' lang='lat' dir='ltr'><strong><em>praesentia</em></strong></span> <span class='ocrx_word' id='word_1_490' title='bbox 1182 3396 1289 3464; x_wconf 65' lang='lat' dir='ltr'><strong><em>aquic,</em></strong></span> <span class='ocrx_word' id='word_1_491' title='bbox 1315 3413 1400 3449; x_wconf 87' lang='lat' dir='ltr'><strong><em>sanus</em></strong></span> <span class='ocrx_word' id='word_1_492' title='bbox 1425 3405 1515 3449; x_wconf 88' lang='lat' dir='ltr'><strong><em>tamen</em></strong></span> <span class='ocrx_word' id='word_1_493' title='bbox 1537 3405 1564 3448; x_wconf 91' lang='lat' dir='ltr'><strong><em>et</em></strong></span> <span class='ocrx_word' id='word_1_494' title='bbox 1589 3397 1672 3459; x_wconf 82' lang='lat' dir='ltr'><strong><em>fama</em></strong></span> <span class='ocrx_word' id='word_1_495' title='bbox 1694 3398 1832 3465; x_wconf 89' lang='lat' dir='ltr'><strong><em>pervenit.</em></strong></span> 
     </span>
     <span class='ocr_line' id='line_1_37' title="bbox 137 3481 1832 3552; baseline -0.001 -15"><span class='ocrx_word' id='word_1_496' title='bbox 137 3499 246 3549; x_wconf 85' lang='lat' dir='ltr'><strong><em>ranem,</em></strong></span> <span class='ocrx_word' id='word_1_497' title='bbox 279 3499 340 3535; x_wconf 90' lang='lat' dir='ltr'><strong><em>cum</em></strong></span> <span class='ocrx_word' id='word_1_498' title='bbox 369 3483 471 3552; x_wconf 87' lang='lat' dir='ltr'><strong><em>quibus</em></strong></span> <span class='ocrx_word' id='word_1_499' title='bbox 503 3483 686 3536; x_wconf 73' lang='lat' dir='ltr'><strong><em>ltellarminus</em></strong></span> <span class='ocrx_word' id='word_1_500' title='bbox 718 3482 795 3552; x_wconf 86' lang='lat' dir='ltr'><strong><em>prius</em></strong></span> <span class='ocrx_word' id='word_1_501' title='bbox 826 3482 971 3552; x_wconf 85' lang='lat' dir='ltr'><strong><em>transigat.</em></strong></span> <span class='ocrx_word' id='word_1_502' title='bbox 998 3483 1185 3552; x_wconf 87' lang='lat' dir='ltr'><strong><em>Hieronymus</em></strong></span> <span class='ocrx_word' id='word_1_503' title='bbox 1209 3481 1473 3537; x_wconf 62' lang='lat' dir='ltr'><strong><em>insanitatem:</em></strong></span> <span class='ocrx_word' id='word_1_504' title='bbox 1510 3483 1574 3534; x_wconf 89' lang='lat' dir='ltr'><strong><em>Non</em></strong></span> <span class='ocrx_word' id='word_1_505' title='bbox 1593 3490 1678 3549; x_wconf 89' lang='lat' dir='ltr'><strong><em>puto,</em></strong></span> <span class='ocrx_word' id='word_1_506' title='bbox 1704 3483 1832 3552; x_wconf 87' lang='lat' dir='ltr'><strong><em>aliquam</em></strong></span> 
     </span>
     <span class='ocr_line' id='line_1_38' title="bbox 137 3568 1832 3640; baseline -0.001 -17"><span class='ocrx_word' id='word_1_507' title='bbox 137 3574 159 3624; x_wconf 89' lang='grc'><strong><em>2.</em></strong></span> <span class='ocrx_word' id='word_1_508' title='bbox 180 3569 302 3637; x_wconf 85' lang='lat' dir='ltr'><strong><em>Proprie</em></strong></span> <span class='ocrx_word' id='word_1_509' title='bbox 321 3574 349 3622; x_wconf 85' lang='lat' dir='ltr'><strong><em>et</em></strong></span> <span class='ocrx_word' id='word_1_510' title='bbox 367 3569 569 3636; x_wconf 84' lang='lat' dir='ltr'><strong><em>principaliter</em></strong></span> <span class='ocrx_word' id='word_1_511' title='bbox 588 3569 714 3623; x_wconf 86' lang='lat' dir='ltr'><strong><em>Christus</em></strong></span> <span class='ocrx_word' id='word_1_512' title='bbox 736 3570 770 3623; x_wconf 93' lang='lat' dir='ltr'><strong><em>dc</em></strong></span> <span class='ocrx_word' id='word_1_513' title='bbox 788 3574 970 3637; x_wconf 79' lang='lat' dir='ltr'><strong><em>temporeen·</em></strong></span> <span class='ocrx_word' id='word_1_514' title='bbox 997 3572 1164 3623; x_wconf 87' lang='lat' dir='ltr'><strong><em>remansisse</em></strong></span> <span class='ocrx_word' id='word_1_515' title='bbox 1184 3577 1300 3638; x_wconf 89' lang='lat' dir='ltr'><strong><em>yentem,</em></strong></span> <span class='ocrx_word' id='word_1_516' title='bbox 1320 3586 1391 3640; x_wconf 85' lang='lat' dir='ltr'><strong><em>qaae</em></strong></span> <span class='ocrx_word' id='word_1_517' title='bbox 1406 3568 1512 3622; x_wconf 76' lang='lat' dir='ltr'><strong><em>Christi</em></strong></span> <span class='ocrx_word' id='word_1_518' title='bbox 1530 3585 1630 3622; x_wconf 89' lang='lat' dir='ltr'><strong><em>nomen</em></strong></span> <span class='ocrx_word' id='word_1_519' title='bbox 1648 3569 1762 3635; x_wconf 84' lang='lat' dir='ltr'><strong><em>iynoret.</em></strong></span> <span class='ocrx_word' id='word_1_520' title='bbox 1792 3570 1832 3622; x_wconf 87' lang='lat' dir='ltr'><strong><em>Et</em></strong></span> 
     </span>
     <span class='ocr_line' id='line_1_39' title="bbox 136 3653 1832 3729; baseline 0 -20"><span class='ocrx_word' id='word_1_521' title='bbox 136 3656 238 3709; x_wconf 91' lang='lat' dir='ltr'><strong><em>cidium</em></strong></span> <span class='ocrx_word' id='word_1_522' title='bbox 257 3653 539 3725; x_wconf 73' lang='lat' dir='ltr'><strong><em>hierosolymitanum</em></strong></span> <span class='ocrx_word' id='word_1_523' title='bbox 555 3664 748 3726; x_wconf 76' lang='lat' dir='ltr'><strong><em>antegressum</em></strong></span> <span class='ocrx_word' id='word_1_524' title='bbox 765 3656 894 3725; x_wconf 89' lang='lat' dir='ltr'><strong><em>loquitur,</em></strong></span> <span class='ocrx_word' id='word_1_525' title='bbox 916 3671 970 3725; x_wconf 88' lang='lat' dir='ltr'><strong><em>quo</em></strong></span> <span class='ocrx_word' id='word_1_526' title='bbox 998 3675 1164 3729; x_wconf 84' lang='lat' dir='ltr'><strong><em>quamquam</em></strong></span> <span class='ocrx_word' id='word_1_527' title='bbox 1185 3674 1241 3710; x_wconf 90' lang='lat' dir='ltr'><strong><em>non</em></strong></span> <span class='ocrx_word' id='word_1_528' title='bbox 1261 3657 1388 3710; x_wconf 87' lang='lat' dir='ltr'><strong><em>habuerit</em></strong></span> <span class='ocrx_word' id='word_1_529' title='bbox 1410 3656 1657 3728; x_wconf 83' lang='lat' dir='ltr'><strong><em>praedicatorem,</em></strong></span> <span class='ocrx_word' id='word_1_530' title='bbox 1683 3664 1775 3709; x_wconf 90' lang='lat' dir='ltr'><strong><em>tamen</em></strong></span> <span class='ocrx_word' id='word_1_531' title='bbox 1800 3674 1832 3710; x_wconf 83' lang='lat' dir='ltr'><strong><em>ea</em></strong></span> 
     </span>
     <span class='ocr_line' id='line_1_40' title="bbox 131 3741 1833 3812; baseline -0.001 -17"><span class='ocrx_word' id='word_1_532' title='bbox 131 3742 258 3811; x_wconf 83' lang='lat' dir='ltr'><strong><em>jamdum</em></strong></span> <span class='ocrx_word' id='word_1_533' title='bbox 279 3741 314 3794; x_wconf 88' lang='lat' dir='ltr'><strong><em>ad</em></strong></span> <span class='ocrx_word' id='word_1_534' title='bbox 334 3758 429 3795; x_wconf 85' lang='lat' dir='ltr'><strong><em>omnes</em></strong></span> <span class='ocrx_word' id='word_1_535' title='bbox 450 3751 546 3812; x_wconf 80' lang='lat' dir='ltr'><strong><em>gentes</em></strong></span> <span class='ocrx_word' id='word_1_536' title='bbox 566 3743 703 3812; x_wconf 88' lang='lat' dir='ltr'><strong><em>evangelii</em></strong></span> <span class='ocrx_word' id='word_1_537' title='bbox 727 3742 898 3811; x_wconf 84' lang='lat' dir='ltr'><strong><em>praedicatio</em></strong></span> <span class='ocrx_word' id='word_1_538' title='bbox 922 3757 972 3810; x_wconf 90' lang='lat' dir='ltr'><strong><em>per</em></strong></span> <span class='ocrx_word' id='word_1_539' title='bbox 996 3745 1096 3798; x_wconf 87' lang='lat' dir='ltr'><strong><em>vicinis</em></strong></span> <span class='ocrx_word' id='word_1_540' title='bbox 1114 3744 1274 3797; x_wconf 88' lang='lat' dir='ltr'><strong><em>nationibus</em></strong></span> <span class='ocrx_word' id='word_1_541' title='bbox 1293 3743 1450 3810; x_wconf 90' lang='lat' dir='ltr'><strong><em>opinionem</em></strong></span> <span class='ocrx_word' id='word_1_542' title='bbox 1476 3743 1546 3806; x_wconf 66' lang='lat' dir='ltr'><strong><em>fidei</em></strong></span> <span class='ocrx_word' id='word_1_543' title='bbox 1564 3761 1619 3795; x_wconf 89' lang='lat' dir='ltr'><strong><em>non</em></strong></span> <span class='ocrx_word' id='word_1_544' title='bbox 1641 3751 1733 3810; x_wconf 88' lang='lat' dir='ltr'><strong><em>potest</em></strong></span> <span class='ocrx_word' id='word_1_545' title='bbox 1756 3743 1833 3812; x_wconf 87' lang='lat' dir='ltr'><strong><em>iyno·</em></strong></span> 
     </span>
     <span class='ocr_line' id='line_1_41' title="bbox 10 3821 1832 3900; baseline 0.002 -19"><span class='ocrx_word' id='word_1_546' title='bbox 10 3827 275 3900; x_wconf 63' lang='lat' dir='ltr'><strong><em>·z5‚apostoloa</em></strong></span> <span class='ocrx_word' id='word_1_547' title='bbox 295 3834 452 3898; x_wconf 79' lang='lat' dir='ltr'><strong><em>propagata</em></strong></span> <span class='ocrx_word' id='word_1_548' title='bbox 470 3836 534 3881; x_wconf 87' lang='lat' dir='ltr'><strong><em>erat.</em></strong></span> <span class='ocrx_word' id='word_1_549' title='bbox 572 3827 670 3882; x_wconf 83' lang='lat' dir='ltr'><strong><em>Matth.</em></strong></span> <span class='ocrx_word' id='word_1_550' title='bbox 691 3833 730 3895; x_wconf 85' lang='grc'><strong><em>28,</em></strong></span> <span class='ocrx_word' id='word_1_551' title='bbox 750 3845 775 3881; x_wconf 90' lang='lat' dir='ltr'><strong><em>v.</em></strong></span> <span class='ocrx_word' id='word_1_552' title='bbox 797 3834 840 3882; x_wconf 77' lang='lat' dir='ltr'><strong><em>ld:</em></strong></span> <span class='ocrx_word' id='word_1_553' title='bbox 865 3829 971 3880; x_wconf 86' lang='lat' dir='ltr'><strong><em>Doccte</em></strong></span> <span class='ocrx_word' id='word_1_554' title='bbox 997 3848 1071 3885; x_wconf 87' lang='lat' dir='ltr'><strong><em>rare.</em></strong></span> <span class='ocrx_word' id='word_1_555' title='bbox 1098 3830 1205 3884; x_wconf 87' lang='lat' dir='ltr'><strong><em>Similia</em></strong></span> <span class='ocrx_word' id='word_1_556' title='bbox 1223 3830 1308 3883; x_wconf 85' lang='lat' dir='ltr'><strong><em>habet</em></strong></span> <span class='ocrx_word' id='word_1_557' title='bbox 1320 3828 1535 3900; x_wconf 70' lang='lat' dir='ltr'><strong><em>chrysostomus</em></strong></span> <span class='ocrx_word' id='word_1_558' title='bbox 1556 3821 1832 3884; x_wconf 74' lang='lat' dir='ltr'><strong><em>homidinMatth.</em></strong></span> 
     </span>
     <span class='ocr_line' id='line_1_42' title="bbox 135 3913 1833 3982; baseline 0.001 -14"><span class='ocrx_word' id='word_1_559' title='bbox 135 3932 225 3968; x_wconf 65' lang='lat' dir='ltr'><strong><em>omines</em></strong></span> <span class='ocrx_word' id='word_1_560' title='bbox 252 3921 352 3982; x_wconf 82' lang='lat' dir='ltr'><strong><em>yentcs.</em></strong></span> <span class='ocrx_word' id='word_1_561' title='bbox 390 3913 473 3967; x_wconf 87' lang='lat' dir='ltr'><strong><em>Marc.</em></strong></span> <span class='ocrx_word' id='word_1_562' title='bbox 496 3919 535 3982; x_wconf 93' lang='grc'><strong><em>16,</em></strong></span> <span class='ocrx_word' id='word_1_563' title='bbox 560 3934 585 3968; x_wconf 82' lang='lat' dir='ltr'><strong><em>v.</em></strong></span> <span class='ocrx_word' id='word_1_564' title='bbox 614 3921 657 3970; x_wconf 83' lang='lat'><strong><em>15:</em></strong></span> <span class='ocrx_word' id='word_1_565' title='bbox 689 3915 860 3967; x_wconf 76' lang='lat' dir='ltr'><strong><em>Praerlicate</em></strong></span> <span class='ocrx_word' id='word_1_566' title='bbox 890 3930 970 3966; x_wconf 87' lang='lat' dir='ltr'><strong><em>evan·</em></strong></span> <span class='ocrx_word' id='word_1_567' title='bbox 998 3917 1069 3971; x_wconf 89' lang='lat' dir='ltr'><strong><em>ham.</em></strong></span> <span class='ocrx_word' id='word_1_568' title='bbox 1094 3921 1131 3971; x_wconf 82' lang='lat'><strong><em>18.</em></strong></span> <span class='ocrx_word' id='word_1_569' title='bbox 1160 3917 1195 3970; x_wconf 89' lang='lat' dir='ltr'><strong><em>ad</em></strong></span> <span class='ocrx_word' id='word_1_570' title='bbox 1213 3915 1292 3970; x_wconf 89' lang='lat' dir='ltr'><strong><em>Rom.</em></strong></span> <span class='ocrx_word' id='word_1_571' title='bbox 1320 3921 1347 3970; x_wconf 85' lang='lat' dir='ltr'><strong><em>et</em></strong></span> <span class='ocrx_word' id='word_1_572' title='bbox 1376 3915 1491 3970; x_wconf 80' lang='grc'><strong>1101111.</strong></span> <span class='ocrx_word' id='word_1_573' title='bbox 1522 3915 1558 3968; x_wconf 90' lang='lat' dir='ltr'><strong><em>ad</em></strong></span> <span class='ocrx_word' id='word_1_574' title='bbox 1588 3914 1647 3973; x_wconf 81' lang='lat' dir='ltr'><strong><em>cot.</em></strong></span> <span class='ocrx_word' id='word_1_575' title='bbox 1673 3920 1695 3968; x_wconf 86' lang='grc'><strong>3,</strong></span> <span class='ocrx_word' id='word_1_576' title='bbox 1731 3915 1833 3970; x_wconf 85' lang='lat' dir='ltr'><strong><em>Conse·</em></strong></span> 
     </span>
     <span class='ocr_line' id='line_1_43' title="bbox 136 3999 1833 4074; baseline 0.002 -22"><span class='ocrx_word' id='word_1_577' title='bbox 136 4000 237 4070; x_wconf 80' lang='lat' dir='ltr'><strong><em>pelium</em></strong></span> <span class='ocrx_word' id='word_1_578' title='bbox 256 3999 332 4053; x_wconf 75' lang='lat' dir='ltr'><strong><em>omrai</em></strong></span> <span class='ocrx_word' id='word_1_579' title='bbox 348 4009 502 4067; x_wconf 84' lang='lat' dir='ltr'><strong><em>creaturae,</em></strong></span> <span class='ocrx_word' id='word_1_580' title='bbox 525 3999 569 4052; x_wconf 89' lang='lat' dir='ltr'><strong><em>cui</em></strong></span> <span class='ocrx_word' id='word_1_581' title='bbox 582 4000 712 4054; x_wconf 87' lang='lat' dir='ltr'><strong><em>mandato</em></strong></span> <span class='ocrx_word' id='word_1_582' title='bbox 727 4000 803 4069; x_wconf 85' lang='lat' dir='ltr'><strong><em>ipsos</em></strong></span> <span class='ocrx_word' id='word_1_583' title='bbox 816 3999 969 4068; x_wconf 82' lang='lat' dir='ltr'><strong><em>obsequen·</em></strong></span> <span class='ocrx_word' id='word_1_584' title='bbox 997 4009 1114 4074; x_wconf 82' lang='lat' dir='ltr'><strong><em>quanter</em></strong></span> <span class='ocrx_word' id='word_1_585' title='bbox 1132 4008 1160 4056; x_wconf 88' lang='lat' dir='ltr'><strong><em>et</em></strong></span> <span class='ocrx_word' id='word_1_586' title='bbox 1179 4001 1343 4055; x_wconf 86' lang='lat' dir='ltr'><strong><em>secundario</em></strong></span> <span class='ocrx_word' id='word_1_587' title='bbox 1362 4002 1398 4054; x_wconf 85' lang='lat' dir='ltr'><strong><em>ad</em></strong></span> <span class='ocrx_word' id='word_1_588' title='bbox 1417 4007 1520 4054; x_wconf 87' lang='lat' dir='ltr'><strong><em>statum</em></strong></span> <span class='ocrx_word' id='word_1_589' title='bbox 1540 4001 1751 4056; x_wconf 86' lang='lat' dir='ltr'><strong><em>novissimarum</em></strong></span> <span class='ocrx_word' id='word_1_590' title='bbox 1766 4009 1833 4056; x_wconf 85' lang='lat' dir='ltr'><strong><em>tem·</em></strong></span> 
     </span>
     <span class='ocr_line' id='line_1_44' title="bbox 135 4085 1832 4159; baseline 0.003 -22"><span class='ocrx_word' id='word_1_591' title='bbox 135 4085 275 4140; x_wconf 86' lang='lat' dir='ltr'><strong><em>tesfuisse</em></strong></span> <span class='ocrx_word' id='word_1_592' title='bbox 291 4092 408 4154; x_wconf 86' lang='lat' dir='ltr'><strong><em>apparet</em></strong></span> <span class='ocrx_word' id='word_1_593' title='bbox 426 4101 459 4138; x_wconf 89' lang='lat' dir='ltr'><strong><em>ex</em></strong></span> <span class='ocrx_word' id='word_1_594' title='bbox 479 4085 557 4139; x_wconf 89' lang='lat' dir='ltr'><strong><em>Rom.</em></strong></span> <span class='ocrx_word' id='word_1_595' title='bbox 578 4090 618 4151; x_wconf 87' lang='grc'><strong>11),</strong></span> <span class='ocrx_word' id='word_1_596' title='bbox 640 4103 662 4137; x_wconf 89' lang='grc'><strong><em>1.</em></strong></span> <span class='ocrx_word' id='word_1_597' title='bbox 687 4090 729 4141; x_wconf 88' lang='lat'><strong><em>18:</em></strong></span> <span class='ocrx_word' id='word_1_598' title='bbox 749 4087 969 4154; x_wconf 77' lang='lat' dir='ltr'><strong><em>Numquidnam</em></strong></span> <span class='ocrx_word' id='word_1_599' title='bbox 997 4105 1095 4159; x_wconf 88' lang='lat' dir='ltr'><strong><em>porum</em></strong></span> <span class='ocrx_word' id='word_1_600' title='bbox 1123 4088 1284 4142; x_wconf 84' lang='lat' dir='ltr'><strong><em>vaticinium</em></strong></span> <span class='ocrx_word' id='word_1_601' title='bbox 1304 4087 1406 4142; x_wconf 85' lang='lat' dir='ltr'><strong><em>Christi</em></strong></span> <span class='ocrx_word' id='word_1_602' title='bbox 1429 4087 1524 4141; x_wconf 84' lang='lat' dir='ltr'><strong><em>referri</em></strong></span> <span class='ocrx_word' id='word_1_603' title='bbox 1547 4094 1643 4158; x_wconf 87' lang='lat' dir='ltr'><strong><em>potest.</em></strong></span> <span class='ocrx_word' id='word_1_604' title='bbox 1680 4087 1743 4142; x_wconf 79' lang='lat' dir='ltr'><strong><em>dam</em></strong></span> <span class='ocrx_word' id='word_1_605' title='bbox 1766 4104 1832 4143; x_wconf 86' lang='lat' dir='ltr'><strong><em>vero</em></strong></span> 
     </span>
     <span class='ocr_line' id='line_1_45' title="bbox 136 4157 1834 4245; baseline 0.002 -21"><span class='ocrx_word' id='word_1_606' title='bbox 136 4172 325 4225; x_wconf 71' lang='lat' dir='ltr'><strong><em>audiverunt!</em></strong></span> <span class='ocrx_word' id='word_1_607' title='bbox 356 4172 410 4223; x_wconf 85' lang='grc'><strong>11110</strong></span> <span class='ocrx_word' id='word_1_608' title='bbox 429 4172 457 4222; x_wconf 87' lang='lat' dir='ltr'><strong><em>in</em></strong></span> <span class='ocrx_word' id='word_1_609' title='bbox 475 4189 580 4223; x_wconf 74' lang='lat' dir='ltr'><strong><em>ominem</em></strong></span> <span class='ocrx_word' id='word_1_610' title='bbox 599 4181 702 4224; x_wconf 87' lang='lat' dir='ltr'><strong><em>terram</em></strong></span> <span class='ocrx_word' id='word_1_611' title='bbox 722 4173 804 4224; x_wconf 75' lang='lat' dir='ltr'><strong><em>nstra</em></strong></span> <span class='ocrx_word' id='word_1_612' title='bbox 823 4189 907 4225; x_wconf 87' lang='lat' dir='ltr'><strong><em>sonus</em></strong></span> <span class='ocrx_word' id='word_1_613' title='bbox 926 4190 969 4224; x_wconf 87' lang='lat' dir='ltr'><strong><em>co·</em></strong></span> <span class='ocrx_word' id='word_1_614' title='bbox 997 4180 1114 4242; x_wconf 86' lang='lat' dir='ltr'><strong><em>constat,</em></strong></span> <span class='ocrx_word' id='word_1_615' title='bbox 1132 4175 1222 4228; x_wconf 89' lang='lat' dir='ltr'><strong><em>lucem</em></strong></span> <span class='ocrx_word' id='word_1_616' title='bbox 1241 4174 1384 4228; x_wconf 87' lang='lat' dir='ltr'><strong><em>doctrinae</em></strong></span> <span class='ocrx_word' id='word_1_617' title='bbox 1403 4173 1589 4245; x_wconf 83' lang='lat' dir='ltr'><strong><em>evangelicae,</em></strong></span> <span class='ocrx_word' id='word_1_618' title='bbox 1607 4157 1790 4227; x_wconf 86' lang='lat' dir='ltr'><strong><em>aPnntificiis</em></strong></span> <span class='ocrx_word' id='word_1_619' title='bbox 1804 4180 1834 4228; x_wconf 90' lang='lat' dir='ltr'><strong><em>et</em></strong></span> 
     </span>
     <span class='ocr_line' id='line_1_46' title="bbox 136 4257 1832 4327; baseline 0.002 -16"><span class='ocrx_word' id='word_1_620' title='bbox 136 4277 197 4311; x_wconf 89' lang='lat' dir='ltr'><strong><em>rum</em></strong></span> <span class='ocrx_word' id='word_1_621' title='bbox 215 4266 242 4311; x_wconf 90' lang='lat' dir='ltr'><strong><em>et</em></strong></span> <span class='ocrx_word' id='word_1_622' title='bbox 261 4259 291 4310; x_wconf 91' lang='lat' dir='ltr'><strong><em>in</em></strong></span> <span class='ocrx_word' id='word_1_623' title='bbox 310 4259 377 4322; x_wconf 70' lang='lat' dir='ltr'><strong><em>pines</em></strong></span> <span class='ocrx_word' id='word_1_624' title='bbox 404 4258 479 4310; x_wconf 83' lang='lat' dir='ltr'><strong><em>orbis</em></strong></span> <span class='ocrx_word' id='word_1_625' title='bbox 500 4267 592 4312; x_wconf 82' lang='lat' dir='ltr'><strong><em>terrae</em></strong></span> <span class='ocrx_word' id='word_1_626' title='bbox 615 4259 700 4312; x_wconf 89' lang='lat' dir='ltr'><strong><em>verba</em></strong></span> <span class='ocrx_word' id='word_1_627' title='bbox 728 4276 831 4312; x_wconf 82' lang='grc'><strong>00111111,</strong></span> <span class='ocrx_word' id='word_1_628' title='bbox 866 4257 970 4322; x_wconf 71' lang='grc'><strong>(1011,</strong></span> <span class='ocrx_word' id='word_1_629' title='bbox 997 4260 1214 4315; x_wconf 87' lang='lat' dir='ltr'><strong><em>antichristianis</em></strong></span> <span class='ocrx_word' id='word_1_630' title='bbox 1233 4259 1355 4314; x_wconf 88' lang='lat' dir='ltr'><strong><em>tenebris</em></strong></span> <span class='ocrx_word' id='word_1_631' title='bbox 1375 4260 1553 4326; x_wconf 80' lang='lat' dir='ltr'><strong><em>reformatae,</em></strong></span> <span class='ocrx_word' id='word_1_632' title='bbox 1582 4259 1718 4327; x_wconf 88' lang='lat' dir='ltr'><strong><em>superiori</em></strong></span> <span class='ocrx_word' id='word_1_633' title='bbox 1738 4257 1832 4315; x_wconf 88' lang='lat' dir='ltr'><strong><em>seculo</em></strong></span> 
     </span>
     <span class='ocr_line' id='line_1_47' title="bbox 135 4335 1836 4440; baseline 0.002 -44"><span class='ocrx_word' id='word_1_634' title='bbox 135 4362 158 4399; x_wconf 87' lang='grc'><strong><em>1,</em></strong></span> <span class='ocrx_word' id='word_1_635' title='bbox 177 4351 207 4399; x_wconf 92' lang='grc'><strong><em>6·</em></strong></span> <span class='ocrx_word' id='word_1_636' title='bbox 233 4343 349 4397; x_wconf 87' lang='lat' dir='ltr'><strong><em>Verbum</em></strong></span> <span class='ocrx_word' id='word_1_637' title='bbox 367 4346 507 4413; x_wconf 80' lang='lat' dir='ltr'><strong><em>evarsyclii</em></strong></span> <span class='ocrx_word' id='word_1_638' title='bbox 519 4346 647 4415; x_wconf 90' lang='lat' dir='ltr'><strong><em>pervenit</em></strong></span> <span class='ocrx_word' id='word_1_639' title='bbox 666 4348 707 4398; x_wconf 87' lang='lat' dir='ltr'><strong><em>ad</em></strong></span> <span class='ocrx_word' id='word_1_640' title='bbox 726 4364 784 4408; x_wconf 88' lang='lat' dir='ltr'><strong><em>vos,</em></strong></span> <span class='ocrx_word' id='word_1_641' title='bbox 801 4346 874 4398; x_wconf 88' lang='lat' dir='ltr'><strong><em>sicut</em></strong></span> <span class='ocrx_word' id='word_1_642' title='bbox 892 4354 918 4398; x_wconf 92' lang='lat' dir='ltr'><strong><em>ct</em></strong></span> <span class='ocrx_word' id='word_1_643' title='bbox 940 4346 970 4398; x_wconf 90' lang='lat' dir='ltr'><strong><em>in</em></strong></span> <span class='ocrx_word' id='word_1_644' title='bbox 997 4349 1081 4417; x_wconf 87' lang='lat' dir='ltr'><strong><em>longe</em></strong></span> <span class='ocrx_word' id='word_1_645' title='bbox 1100 4347 1211 4416; x_wconf 90' lang='lat' dir='ltr'><strong><em>lateque</em></strong></span> <span class='ocrx_word' id='word_1_646' title='bbox 1234 4363 1372 4416; x_wconf 87' lang='lat' dir='ltr'><strong><em>sparsam,</em></strong></span> <span class='ocrx_word' id='word_1_647' title='bbox 1400 4346 1474 4416; x_wconf 92' lang='lat' dir='ltr'><strong><em>quod</em></strong></span> <span class='ocrx_word' id='word_1_648' title='bbox 1499 4345 1627 4440; x_wconf 78' lang='lat' dir='ltr'><strong><em>agnascit</em></strong></span> <span class='ocrx_word' id='word_1_649' title='bbox 1649 4344 1709 4413; x_wconf 90' lang='lat' dir='ltr'><strong><em>ipse</em></strong></span> <span class='ocrx_word' id='word_1_650' title='bbox 1728 4335 1836 4400; x_wconf 76' lang='lat' dir='ltr'><strong><em>Bellat-</em></strong></span> 
     </span>
     <span class='ocr_line' id='line_1_48' title="bbox 136 4429 1830 4502; baseline 0.002 -19"><span class='ocrx_word' id='word_1_651' title='bbox 136 4433 264 4484; x_wconf 89' lang='lat' dir='ltr'><strong><em>universo</em></strong></span> <span class='ocrx_word' id='word_1_652' title='bbox 294 4432 398 4482; x_wconf 72' lang='lat' dir='ltr'><strong><em>meando</em></strong></span> <span class='ocrx_word' id='word_1_653' title='bbox 427 4440 466 4483; x_wconf 86' lang='lat' dir='ltr'><strong><em>cst</em></strong></span> <span class='ocrx_word' id='word_1_654' title='bbox 495 4440 519 4484; x_wconf 90' lang='lat' dir='ltr'><strong><em>et</em></strong></span> <span class='ocrx_word' id='word_1_655' title='bbox 544 4432 701 4496; x_wconf 79' lang='lat' dir='ltr'><strong><em>fructificat</em></strong></span> <span class='ocrx_word' id='word_1_656' title='bbox 728 4431 800 4484; x_wconf 87' lang='lat' dir='ltr'><strong><em>sicut</em></strong></span> <span class='ocrx_word' id='word_1_657' title='bbox 830 4432 859 4484; x_wconf 90' lang='lat' dir='ltr'><strong><em>in</em></strong></span> <span class='ocrx_word' id='word_1_658' title='bbox 884 4433 970 4488; x_wconf 86' lang='lat' dir='ltr'><strong><em>vobis.</em></strong></span> <span class='ocrx_word' id='word_1_659' title='bbox 997 4433 1087 4486; x_wconf 92' lang='lat' dir='ltr'><strong><em>minus</em></strong></span> <span class='ocrx_word' id='word_1_660' title='bbox 1119 4431 1206 4502; x_wconf 85' lang='lat' dir='ltr'><strong><em>praei.</em></strong></span> <span class='ocrx_word' id='word_1_661' title='bbox 1237 4441 1301 4486; x_wconf 86' lang='lat' dir='ltr'><strong><em>tom.</em></strong></span> <span class='ocrx_word' id='word_1_662' title='bbox 1333 4435 1353 4484; x_wconf 89' lang='grc'><strong><em>1.</em></strong></span> <span class='ocrx_word' id='word_1_663' title='bbox 1383 4437 1470 4485; x_wconf 88' lang='lat' dir='ltr'><strong><em>contr</em></strong></span> <span class='ocrx_word' id='word_1_664' title='bbox 1505 4437 1533 4485; x_wconf 88' lang='lat' dir='ltr'><strong><em>et</em></strong></span> <span class='ocrx_word' id='word_1_665' title='bbox 1564 4429 1592 4482; x_wconf 92' lang='lat' dir='ltr'><strong><em>in</em></strong></span> <span class='ocrx_word' id='word_1_666' title='bbox 1618 4435 1686 4484; x_wconf 88' lang='lat' dir='ltr'><strong><em>crat</em></strong></span> <span class='ocrx_word' id='word_1_667' title='bbox 1720 4436 1788 4486; x_wconf 86' lang='lat' dir='ltr'><strong><em>tom.</em></strong></span> <span class='ocrx_word' id='word_1_668' title='bbox 1806 4437 1830 4486; x_wconf 78' lang='lat'><strong>4</strong></span> 
     </span>
     <span class='ocr_line' id='line_1_49' title="bbox 136 4504 1830 4588; baseline 0.001 -19"><span class='ocrx_word' id='word_1_669' title='bbox 136 4534 159 4572; x_wconf 86' lang='grc'><strong><em>1,</em></strong></span> <span class='ocrx_word' id='word_1_670' title='bbox 173 4523 213 4573; x_wconf 81' lang='grc'><strong>23,</strong></span> <span class='ocrx_word' id='word_1_671' title='bbox 235 4517 432 4582; x_wconf 85' lang='lat' dir='ltr'><strong><em>Euanyelium,</em></strong></span> <span class='ocrx_word' id='word_1_672' title='bbox 450 4519 527 4585; x_wconf 87' lang='lat' dir='ltr'><strong><em>quod</em></strong></span> <span class='ocrx_word' id='word_1_673' title='bbox 543 4518 701 4584; x_wconf 85' lang='lat' dir='ltr'><strong><em>audivistis,</em></strong></span> <span class='ocrx_word' id='word_1_674' title='bbox 715 4518 914 4586; x_wconf 85' lang='lat' dir='ltr'><strong><em>praedicatum</em></strong></span> <span class='ocrx_word' id='word_1_675' title='bbox 929 4528 969 4570; x_wconf 83' lang='lat' dir='ltr'><strong><em>est</em></strong></span> <span class='ocrx_word' id='word_1_676' title='bbox 996 4525 1069 4574; x_wconf 88' lang='lat' dir='ltr'><strong><em>cant.</em></strong></span> <span class='ocrx_word' id='word_1_677' title='bbox 1093 4518 1222 4588; x_wconf 84' lang='lat' dir='ltr'><strong><em>praefixa</em></strong></span> <span class='ocrx_word' id='word_1_678' title='bbox 1258 4504 1332 4571; x_wconf 83' lang='lat' dir='ltr'><strong><em>Vide</em></strong></span> <span class='ocrx_word' id='word_1_679' title='bbox 1355 4522 1435 4571; x_wconf 88' lang='lat' dir='ltr'><strong><em>tract.</em></strong></span> <span class='ocrx_word' id='word_1_680' title='bbox 1460 4516 1493 4570; x_wconf 91' lang='lat' dir='ltr'><strong><em>de</em></strong></span> <span class='ocrx_word' id='word_1_681' title='bbox 1517 4517 1582 4570; x_wconf 86' lang='lat' dir='ltr'><strong><em>eccl.</em></strong></span> <span class='ocrx_word' id='word_1_682' title='bbox 1603 4523 1669 4571; x_wconf 91' lang='lat' dir='ltr'><strong><em>tom.</em></strong></span> <span class='ocrx_word' id='word_1_683' title='bbox 1691 4525 1713 4574; x_wconf 88' lang='grc'><strong><em>5.</em></strong></span> <span class='ocrx_word' id='word_1_684' title='bbox 1735 4517 1788 4573; x_wconf 83' lang='grc'><strong>100.</strong></span> <span class='ocrx_word' id='word_1_685' title='bbox 1807 4533 1830 4571; x_wconf 91' lang='lat' dir='ltr'><strong><em>c.</em></strong></span> 
     </span>
     <span class='ocr_line' id='line_1_50' title="bbox 136 4601 1831 4674; baseline 0.001 -20"><span class='ocrx_word' id='word_1_686' title='bbox 136 4604 164 4655; x_wconf 88' lang='lat' dir='ltr'><strong><em>in</em></strong></span> <span class='ocrx_word' id='word_1_687' title='bbox 188 4604 319 4655; x_wconf 88' lang='lat' dir='ltr'><strong><em>universa</em></strong></span> <span class='ocrx_word' id='word_1_688' title='bbox 342 4611 490 4667; x_wconf 70' lang='lat' dir='ltr'><strong><em>nectura,</em></strong></span> <span class='ocrx_word' id='word_1_689' title='bbox 517 4621 589 4672; x_wconf 88' lang='lat' dir='ltr'><strong><em>qnae</em></strong></span> <span class='ocrx_word' id='word_1_690' title='bbox 614 4605 665 4656; x_wconf 89' lang='lat' dir='ltr'><strong><em>sub</em></strong></span> <span class='ocrx_word' id='word_1_691' title='bbox 686 4605 764 4658; x_wconf 90' lang='lat' dir='ltr'><strong><em>coelo</em></strong></span> <span class='ocrx_word' id='word_1_692' title='bbox 782 4613 828 4659; x_wconf 88' lang='lat' dir='ltr'><strong><em>cst.</em></strong></span> <span class='ocrx_word' id='word_1_693' title='bbox 865 4605 969 4658; x_wconf 87' lang='lat' dir='ltr'><strong><em>Paulus</em></strong></span> <span class='ocrx_word' id='word_1_694' title='bbox 996 4611 1018 4661; x_wconf 81' lang='lat'><strong><em>2.</em></strong></span> <span class='ocrx_word' id='word_1_695' title='bbox 1043 4605 1067 4672; x_wconf 61' lang='grc' dir='ltr'><strong>ἓ.</strong></span> <span class='ocrx_word' id='word_1_696' title='bbox 1088 4608 1144 4660; x_wconf 83' lang='grc'><strong>163.</strong></span> <span class='ocrx_word' id='word_1_697' title='bbox 1180 4610 1202 4658; x_wconf 84' lang='grc'><strong><em>1.</em></strong></span> <span class='ocrx_word' id='word_1_698' title='bbox 1234 4603 1369 4672; x_wconf 88' lang='lat' dir='ltr'><strong><em>Nuspiam</em></strong></span> <span class='ocrx_word' id='word_1_699' title='bbox 1399 4619 1463 4658; x_wconf 82' lang='lat' dir='ltr'><strong><em>vero</em></strong></span> <span class='ocrx_word' id='word_1_700' title='bbox 1488 4601 1613 4656; x_wconf 83' lang='lat' dir='ltr'><strong><em>Christus</em></strong></span> <span class='ocrx_word' id='word_1_701' title='bbox 1639 4604 1684 4657; x_wconf 83' lang='lat' dir='ltr'><strong><em>vel</em></strong></span> <span class='ocrx_word' id='word_1_702' title='bbox 1711 4602 1831 4674; x_wconf 85' lang='lat' dir='ltr'><strong><em>apostoli</em></strong></span> 
     </span>
     <span class='ocr_line' id='line_1_51' title="bbox 135 4687 1831 4760; baseline 0.001 -18"><span class='ocrx_word' id='word_1_703' title='bbox 135 4687 213 4744; x_wconf 85' lang='lat' dir='ltr'><strong><em>Ram.</em></strong></span> <span class='ocrx_word' id='word_1_704' title='bbox 239 4694 278 4751; x_wconf 88' lang='grc'><strong><em>15,</em></strong></span> <span class='ocrx_word' id='word_1_705' title='bbox 298 4705 323 4741; x_wconf 88' lang='grc'><strong><em>1.</em></strong></span> <span class='ocrx_word' id='word_1_706' title='bbox 345 4693 385 4744; x_wconf 88' lang='grc'><strong><em>19.</em></strong></span> <span class='ocrx_word' id='word_1_707' title='bbox 405 4689 439 4742; x_wconf 89' lang='lat' dir='ltr'><strong><em>de</em></strong></span> <span class='ocrx_word' id='word_1_708' title='bbox 458 4706 488 4743; x_wconf 88' lang='lat' dir='ltr'><strong><em>se</em></strong></span> <span class='ocrx_word' id='word_1_709' title='bbox 505 4688 565 4745; x_wconf 88' lang='lat' dir='ltr'><strong><em>solo</em></strong></span> <span class='ocrx_word' id='word_1_710' title='bbox 582 4696 707 4755; x_wconf 87' lang='lat' dir='ltr'><strong><em>testatur,</em></strong></span> <span class='ocrx_word' id='word_1_711' title='bbox 735 4693 811 4760; x_wconf 85' lang='lat' dir='ltr'><strong><em>quod</em></strong></span> <span class='ocrx_word' id='word_1_712' title='bbox 830 4691 866 4743; x_wconf 89' lang='lat' dir='ltr'><strong><em>ab</em></strong></span> <span class='ocrx_word' id='word_1_713' title='bbox 883 4692 967 4743; x_wconf 71' lang='grc'><strong>11111-</strong></span> <span class='ocrx_word' id='word_1_714' title='bbox 995 4691 1162 4754; x_wconf 88' lang='lat' dir='ltr'><strong><em>docuerunt,</em></strong></span> <span class='ocrx_word' id='word_1_715' title='bbox 1186 4695 1250 4743; x_wconf 88' lang='lat' dir='ltr'><strong><em>ante</em></strong></span> <span class='ocrx_word' id='word_1_716' title='bbox 1267 4688 1417 4743; x_wconf 83' lang='lat' dir='ltr'><strong><em>adventum</em></strong></span> <span class='ocrx_word' id='word_1_717' title='bbox 1437 4689 1542 4759; x_wconf 88' lang='lat' dir='ltr'><strong><em>utnpici</em></strong></span> <span class='ocrx_word' id='word_1_718' title='bbox 1566 4689 1640 4743; x_wconf 88' lang='lat' dir='ltr'><strong><em>illius</em></strong></span> <span class='ocrx_word' id='word_1_719' title='bbox 1657 4688 1831 4756; x_wconf 88' lang='lat' dir='ltr'><strong><em>Antichristi,</em></strong></span> 
     </span>
     <span class='ocr_line' id='line_1_52' title="bbox 134 4773 1831 4848; baseline 0.001 -19"><span class='ocrx_word' id='word_1_720' title='bbox 134 4776 222 4829; x_wconf 87' lang='lat' dir='ltr'><strong><em>salem</em></strong></span> <span class='ocrx_word' id='word_1_721' title='bbox 249 4782 275 4827; x_wconf 88' lang='lat' dir='ltr'><strong><em>ct</em></strong></span> <span class='ocrx_word' id='word_1_722' title='bbox 292 4773 555 4843; x_wconf 87' lang='lat' dir='ltr'><strong><em>circumjacentibus</em></strong></span> <span class='ocrx_word' id='word_1_723' title='bbox 574 4779 733 4844; x_wconf 85' lang='lat' dir='ltr'><strong><em>reyionibus</em></strong></span> <span class='ocrx_word' id='word_1_724' title='bbox 760 4794 845 4845; x_wconf 71' lang='lat' dir='ltr'><strong><em>usqum</em></strong></span> <span class='ocrx_word' id='word_1_725' title='bbox 871 4779 912 4829; x_wconf 84' lang='lat' dir='ltr'><strong><em>ad</em></strong></span> <span class='ocrx_word' id='word_1_726' title='bbox 928 4777 968 4830; x_wconf 86' lang='lat' dir='ltr'><strong><em>Il·</em></strong></span> <span class='ocrx_word' id='word_1_727' title='bbox 996 4793 1078 4848; x_wconf 87' lang='lat' dir='ltr'><strong><em>quem</em></strong></span> <span class='ocrx_word' id='word_1_728' title='bbox 1098 4776 1237 4831; x_wconf 87' lang='lat' dir='ltr'><strong><em>Pontificii</em></strong></span> <span class='ocrx_word' id='word_1_729' title='bbox 1253 4775 1344 4829; x_wconf 85' lang='lat' dir='ltr'><strong><em>adhuc</em></strong></span> <span class='ocrx_word' id='word_1_730' title='bbox 1362 4782 1524 4847; x_wconf 87' lang='lat' dir='ltr'><strong><em>exspectant</em></strong></span> <span class='ocrx_word' id='word_1_731' title='bbox 1542 4777 1716 4848; x_wconf 87' lang='lat' dir='ltr'><strong><em>eundemque</em></strong></span> <span class='ocrx_word' id='word_1_732' title='bbox 1735 4777 1831 4847; x_wconf 86' lang='lat' dir='ltr'><strong><em>singu·</em></strong></span> 
     </span>
     <span class='ocr_line' id='line_1_53' title="bbox 135 4862 1830 4934; baseline 0.001 -19"><span class='ocrx_word' id='word_1_733' title='bbox 135 4862 253 4929; x_wconf 89' lang='lat' dir='ltr'><strong><em>lyricum</em></strong></span> <span class='ocrx_word' id='word_1_734' title='bbox 274 4862 366 4914; x_wconf 89' lang='lat' dir='ltr'><strong><em>omnia</em></strong></span> <span class='ocrx_word' id='word_1_735' title='bbox 385 4863 529 4931; x_wconf 81' lang='lat' dir='ltr'><strong><em>evarsyeh&#39;o</em></strong></span> <span class='ocrx_word' id='word_1_736' title='bbox 549 4863 715 4933; x_wconf 81' lang='lat' dir='ltr'><strong><em>impleverit,</em></strong></span> <span class='ocrx_word' id='word_1_737' title='bbox 733 4880 766 4916; x_wconf 90' lang='lat' dir='ltr'><strong><em>ac</em></strong></span> <span class='ocrx_word' id='word_1_738' title='bbox 785 4881 809 4918; x_wconf 84' lang='grc'><strong><em>1.</em></strong></span> <span class='ocrx_word' id='word_1_739' title='bbox 825 4868 866 4918; x_wconf 82' lang='grc'><strong><em>21.</em></strong></span> <span class='ocrx_word' id='word_1_740' title='bbox 885 4865 968 4916; x_wconf 89' lang='lat' dir='ltr'><strong><em>etiam</em></strong></span> <span class='ocrx_word' id='word_1_741' title='bbox 996 4867 1082 4919; x_wconf 87' lang='lat' dir='ltr'><strong><em>larem</em></strong></span> <span class='ocrx_word' id='word_1_742' title='bbox 1100 4862 1222 4934; x_wconf 90' lang='lat' dir='ltr'><strong><em>aliquam</em></strong></span> <span class='ocrx_word' id='word_1_743' title='bbox 1248 4879 1393 4932; x_wconf 87' lang='lat' dir='ltr'><strong><em>personam</em></strong></span> <span class='ocrx_word' id='word_1_744' title='bbox 1418 4880 1451 4918; x_wconf 91' lang='lat' dir='ltr'><strong><em>ex</em></strong></span> <span class='ocrx_word' id='word_1_745' title='bbox 1476 4863 1549 4918; x_wconf 89' lang='lat' dir='ltr'><strong><em>tribu</em></strong></span> <span class='ocrx_word' id='word_1_746' title='bbox 1572 4863 1636 4917; x_wconf 91' lang='lat' dir='ltr'><strong><em>Dan</em></strong></span> <span class='ocrx_word' id='word_1_747' title='bbox 1659 4863 1830 4917; x_wconf 87' lang='lat' dir='ltr'><strong><em>nasciturum</em></strong></span> 
     </span>
     <span class='ocr_line' id='line_1_54' title="bbox 135 4947 1959 5022; baseline 0.003 -22"><span class='ocrx_word' id='word_1_748' title='bbox 135 4948 163 5000; x_wconf 92' lang='lat' dir='ltr'><strong><em>in</em></strong></span> <span class='ocrx_word' id='word_1_749' title='bbox 182 4947 356 5015; x_wconf 87' lang='lat' dir='ltr'><strong><em>Hispaniam</em></strong></span> <span class='ocrx_word' id='word_1_750' title='bbox 375 4964 520 5001; x_wconf 81' lang='lat' dir='ltr'><strong><em>cucurrere</em></strong></span> <span class='ocrx_word' id='word_1_751' title='bbox 540 4949 632 5019; x_wconf 86' lang='lat' dir='ltr'><strong><em>gestit.</em></strong></span> <span class='ocrx_word' id='word_1_752' title='bbox 661 4950 742 5011; x_wconf 82' lang='lat' dir='ltr'><strong><em>Quod</em></strong></span> <span class='ocrx_word' id='word_1_753' title='bbox 761 4950 787 5001; x_wconf 87' lang='lat' dir='ltr'><strong><em>si</em></strong></span> <span class='ocrx_word' id='word_1_754' title='bbox 804 4968 875 5001; x_wconf 89' lang='lat' dir='ltr'><strong><em>unns</em></strong></span> <span class='ocrx_word' id='word_1_755' title='bbox 890 4958 968 5003; x_wconf 89' lang='lat' dir='ltr'><strong><em>tanta</em></strong></span> <span class='ocrx_word' id='word_1_756' title='bbox 996 4956 1131 5019; x_wconf 86' lang='lat' dir='ltr'><strong><em>statuunt,</em></strong></span> <span class='ocrx_word' id='word_1_757' title='bbox 1152 4966 1200 5020; x_wconf 88' lang='lat' dir='ltr'><strong><em>per</em></strong></span> <span class='ocrx_word' id='word_1_758' title='bbox 1219 4950 1378 5003; x_wconf 86' lang='lat' dir='ltr'><strong><em>universum</em></strong></span> <span class='ocrx_word' id='word_1_759' title='bbox 1396 4956 1529 5005; x_wconf 89' lang='lat' dir='ltr'><strong><em>terrarum</em></strong></span> <span class='ocrx_word' id='word_1_760' title='bbox 1549 4949 1642 5006; x_wconf 89' lang='lat' dir='ltr'><strong><em>orbem</em></strong></span> <span class='ocrx_word' id='word_1_761' title='bbox 1655 4950 1830 5022; x_wconf 86' lang='lat' dir='ltr'><strong><em>evangelium</em></strong></span> <span class='ocrx_word' id='word_1_762' title='bbox 1844 4976 1899 5018; x_wconf 68' lang='lat' dir='ltr'><strong><em>m</em></strong></span> <span class='ocrx_word' id='word_1_763' title='bbox 1913 4976 1959 5019; x_wconf 56' lang='grc' dir='ltr'><strong><em>«Μ</em></strong></span> 
     </span>
     <span class='ocr_line' id='line_1_55' title="bbox 136 5034 1832 5107; baseline 0.004 -21"><span class='ocrx_word' id='word_1_764' title='bbox 136 5034 211 5087; x_wconf 88' lang='lat' dir='ltr'><strong><em>orbis</em></strong></span> <span class='ocrx_word' id='word_1_765' title='bbox 226 5041 312 5102; x_wconf 87' lang='lat' dir='ltr'><strong><em>parte</em></strong></span> <span class='ocrx_word' id='word_1_766' title='bbox 326 5035 523 5103; x_wconf 85' lang='lat' dir='ltr'><strong><em>praedicavit,</em></strong></span> <span class='ocrx_word' id='word_1_767' title='bbox 550 5035 590 5088; x_wconf 86' lang='lat' dir='ltr'><strong><em>ait</em></strong></span> <span class='ocrx_word' id='word_1_768' title='bbox 608 5035 824 5107; x_wconf 83' lang='lat' dir='ltr'><strong><em>Chrysostomus</em></strong></span> <span class='ocrx_word' id='word_1_769' title='bbox 844 5035 869 5087; x_wconf 92' lang='lat' dir='ltr'><strong><em>d.</em></strong></span> <span class='ocrx_word' id='word_1_770' title='bbox 889 5035 906 5090; x_wconf 93' lang='grc'><strong><em>1.</em></strong></span> <span class='ocrx_word' id='word_1_771' title='bbox 926 5054 969 5089; x_wconf 90' lang='lat' dir='ltr'><strong><em>co·</em></strong></span> <span class='ocrx_word' id='word_1_772' title='bbox 996 5054 1056 5091; x_wconf 88' lang='lat' dir='ltr'><strong><em>esse</em></strong></span> <span class='ocrx_word' id='word_1_773' title='bbox 1073 5035 1289 5107; x_wconf 88' lang='lat' dir='ltr'><strong><em>praedicandum</em></strong></span> <span class='ocrx_word' id='word_1_774' title='bbox 1310 5043 1339 5090; x_wconf 89' lang='lat' dir='ltr'><strong><em>et</em></strong></span> <span class='ocrx_word' id='word_1_775' title='bbox 1356 5036 1427 5090; x_wconf 89' lang='lat' dir='ltr'><strong><em>hane</em></strong></span> <span class='ocrx_word' id='word_1_776' title='bbox 1446 5037 1583 5107; x_wconf 83' lang='lat' dir='ltr'><strong><em>evangelii</em></strong></span> <span class='ocrx_word' id='word_1_777' title='bbox 1596 5037 1832 5105; x_wconf 80' lang='lat' dir='ltr'><strong><em>praedicationem</em></strong></span> 
     </span>
     <span class='ocr_line' id='line_1_56' title="bbox 134 5119 1833 5194; baseline 0.004 -22"><span class='ocrx_word' id='word_1_778' title='bbox 134 5119 202 5187; x_wconf 80' lang='lat' dir='ltr'><strong><em>pita,</em></strong></span> <span class='ocrx_word' id='word_1_779' title='bbox 223 5120 295 5189; x_wconf 89' lang='lat' dir='ltr'><strong><em>qnid</em></strong></span> <span class='ocrx_word' id='word_1_780' title='bbox 312 5137 330 5171; x_wconf 91' lang='lat' dir='ltr'><strong><em>a</em></strong></span> <span class='ocrx_word' id='word_1_781' title='bbox 345 5121 463 5190; x_wconf 88' lang='lat' dir='ltr'><strong><em>reliquis</em></strong></span> <span class='ocrx_word' id='word_1_782' title='bbox 481 5122 620 5193; x_wconf 86' lang='lat' dir='ltr'><strong><em>apostolis</em></strong></span> <span class='ocrx_word' id='word_1_783' title='bbox 645 5123 754 5185; x_wconf 75' lang='lat' dir='ltr'><strong><em>frictum</em></strong></span> <span class='ocrx_word' id='word_1_784' title='bbox 777 5122 880 5189; x_wconf 77' lang='lat' dir='ltr'><strong><em>fucrit.</em></strong></span> <span class='ocrx_word' id='word_1_785' title='bbox 919 5121 969 5176; x_wconf 86' lang='lat' dir='ltr'><strong><em>Ju·</em></strong></span> <span class='ocrx_word' id='word_1_786' title='bbox 995 5123 1056 5179; x_wconf 86' lang='lat' dir='ltr'><strong><em>fore</em></strong></span> <span class='ocrx_word' id='word_1_787' title='bbox 1076 5123 1188 5194; x_wconf 88' lang='lat' dir='ltr'><strong><em>signum</em></strong></span> <span class='ocrx_word' id='word_1_788' title='bbox 1197 5121 1362 5176; x_wconf 85' lang='lat' dir='ltr'><strong><em>Antichristi</em></strong></span> <span class='ocrx_word' id='word_1_789' title='bbox 1380 5122 1504 5192; x_wconf 85' lang='lat' dir='ltr'><strong><em>proxime</em></strong></span> <span class='ocrx_word' id='word_1_790' title='bbox 1524 5122 1709 5192; x_wconf 83' lang='lat' dir='ltr'><strong><em>adventantis,</em></strong></span> <span class='ocrx_word' id='word_1_791' title='bbox 1728 5123 1833 5194; x_wconf 83' lang='lat' dir='ltr'><strong><em>quade</em></strong></span> 
     </span>
     <span class='ocr_line' id='line_1_57' title="bbox 135 5205 1360 5280; baseline 0.002 -20"><span class='ocrx_word' id='word_1_792' title='bbox 135 5206 221 5262; x_wconf 80' lang='lat' dir='ltr'><strong><em>atinus</em></strong></span> <span class='ocrx_word' id='word_1_793' title='bbox 247 5206 276 5259; x_wconf 93' lang='lat' dir='ltr'><strong><em>in</em></strong></span> <span class='ocrx_word' id='word_1_794' title='bbox 300 5205 364 5259; x_wconf 90' lang='lat' dir='ltr'><strong><em>dial.</em></strong></span> <span class='ocrx_word' id='word_1_795' title='bbox 390 5224 451 5260; x_wconf 90' lang='lat' dir='ltr'><strong><em>cum</em></strong></span> <span class='ocrx_word' id='word_1_796' title='bbox 478 5206 630 5278; x_wconf 84' lang='lat' dir='ltr'><strong><em>Tryphone</em></strong></span> <span class='ocrx_word' id='word_1_797' title='bbox 656 5227 683 5278; x_wconf 92' lang='lat' dir='ltr'><strong><em>p.</em></strong></span> <span class='ocrx_word' id='word_1_798' title='bbox 708 5213 771 5262; x_wconf 76' lang='lat'>270:</span> <span class='ocrx_word' id='word_1_799' title='bbox 808 5209 852 5263; x_wconf 89' lang='lat' dir='ltr'><strong><em>Ne</em></strong></span> <span class='ocrx_word' id='word_1_800' title='bbox 885 5226 969 5261; x_wconf 89' lang='lat' dir='ltr'><strong><em>anum</em></strong></span> <span class='ocrx_word' id='word_1_801' title='bbox 997 5227 1027 5264; x_wconf 88' lang='lat' dir='ltr'><strong><em>re</em></strong></span> <span class='ocrx_word' id='word_1_802' title='bbox 1045 5208 1111 5263; x_wconf 91' lang='lat' dir='ltr'><strong><em>alibi</em></strong></span> <span class='ocrx_word' id='word_1_803' title='bbox 1130 5207 1240 5279; x_wconf 89' lang='lat' dir='ltr'><strong><em>plenius</em></strong></span> <span class='ocrx_word' id='word_1_804' title='bbox 1258 5208 1360 5280; x_wconf 88' lang='lat' dir='ltr'><strong><em>agitur.</em></strong></span> 
     </span>
     <span class='ocr_line' id='line_1_58' title="bbox 136 5293 1974 5382; baseline 0.003 -35"><span class='ocrx_word' id='word_1_805' title='bbox 136 5295 247 5363; x_wconf 87' lang='lat' dir='ltr'><strong><em>quidem</em></strong></span> <span class='ocrx_word' id='word_1_806' title='bbox 267 5301 306 5345; x_wconf 87' lang='lat' dir='ltr'><strong><em>est</em></strong></span> <span class='ocrx_word' id='word_1_807' title='bbox 324 5309 410 5359; x_wconf 85' lang='lat' dir='ltr'><strong><em>yenus</em></strong></span> <span class='ocrx_word' id='word_1_808' title='bbox 431 5295 600 5358; x_wconf 87' lang='lat' dir='ltr'><strong><em>mortalium,</em></strong></span> <span class='ocrx_word' id='word_1_809' title='bbox 620 5295 677 5347; x_wconf 87' lang='lat' dir='ltr'><strong><em>sive</em></strong></span> <span class='ocrx_word' id='word_1_810' title='bbox 698 5294 892 5362; x_wconf 85' lang='lat' dir='ltr'><strong><em>barbarorum,</em></strong></span> <span class='ocrx_word' id='word_1_811' title='bbox 912 5294 969 5346; x_wconf 86' lang='lat' dir='ltr'><strong><em>sive</em></strong></span> <span class='ocrx_word' id='word_1_812' title='bbox 1031 5301 1072 5351; x_wconf 86' lang='lat'><strong><em>91.</em></strong></span> <span class='ocrx_word' id='word_1_813' title='bbox 1107 5295 1269 5365; x_wconf 89' lang='lat' dir='ltr'><strong><em>Propinqua</em></strong></span> <span class='ocrx_word' id='word_1_814' title='bbox 1296 5298 1325 5347; x_wconf 88' lang='lat' dir='ltr'><strong><em>et</em></strong></span> <span class='ocrx_word' id='word_1_815' title='bbox 1353 5294 1466 5365; x_wconf 87' lang='lat' dir='ltr'><strong><em>propria</em></strong></span> <span class='ocrx_word' id='word_1_816' title='bbox 1494 5293 1549 5349; x_wconf 90' lang='lat' dir='ltr'><strong><em>diei</em></strong></span> <span class='ocrx_word' id='word_1_817' title='bbox 1577 5293 1720 5349; x_wconf 85' lang='lat' dir='ltr'><strong><em>novissimi</em></strong></span> <span class='ocrx_word' id='word_1_818' title='bbox 1750 5296 1863 5372; x_wconf 58' lang='lat' dir='ltr'><strong><em>signa,</em></strong></span> <span class='ocrx_word' id='word_1_819' title='bbox 1879 5332 1938 5382; x_wconf 73' lang='lat' dir='ltr'><strong><em>Pron</em></strong></span> <span class='ocrx_word' id='word_1_820' title='bbox 1941 5334 1974 5372; x_wconf 81' lang='lat' dir='ltr'><strong><em>tn</em></strong></span> 
     </span>
     <span class='ocr_line' id='line_1_59' title="bbox 139 5344 1938 5451; baseline 0.001 -18"><span class='ocrx_word' id='word_1_821' title='bbox 139 5379 321 5442; x_wconf 61' lang='grc'><strong>(1100001111,</strong></span> <span class='ocrx_word' id='word_1_822' title='bbox 341 5379 398 5432; x_wconf 87' lang='lat' dir='ltr'><strong><em>sive</em></strong></span> <span class='ocrx_word' id='word_1_823' title='bbox 419 5381 504 5433; x_wconf 89' lang='lat' dir='ltr'><strong><em>etiam</em></strong></span> <span class='ocrx_word' id='word_1_824' title='bbox 523 5381 646 5434; x_wconf 89' lang='lat' dir='ltr'><strong><em>alic-ram</em></strong></span> <span class='ocrx_word' id='word_1_825' title='bbox 659 5398 788 5450; x_wconf 72' lang='lat' dir='ltr'><strong><em>omnium,</em></strong></span> <span class='ocrx_word' id='word_1_826' title='bbox 807 5398 969 5451; x_wconf 87' lang='lat' dir='ltr'><strong><em>quacunque</em></strong></span> <span class='ocrx_word' id='word_1_827' title='bbox 996 5387 1074 5436; x_wconf 88' lang='lat' dir='ltr'><strong><em>sunt:</em></strong></span> <span class='ocrx_word' id='word_1_828' title='bbox 1110 5387 1131 5437; x_wconf 93' lang='grc'><strong><em>1.</em></strong></span> <span class='ocrx_word' id='word_1_829' title='bbox 1156 5381 1281 5449; x_wconf 87' lang='lat' dir='ltr'><strong><em>Insiynis</em></strong></span> <span class='ocrx_word' id='word_1_830' title='bbox 1301 5389 1420 5449; x_wconf 85' lang='lat' dir='ltr'><strong><em>quartae</em></strong></span> <span class='ocrx_word' id='word_1_831' title='bbox 1439 5381 1618 5436; x_wconf 90' lang='lat' dir='ltr'><strong><em>monarchiae</em></strong></span> <span class='ocrx_word' id='word_1_832' title='bbox 1639 5382 1830 5447; x_wconf 83' lang='lat' dir='ltr'><strong><em>labefactatio.</em></strong></span> <span class='ocrx_word' id='word_1_833' title='bbox 1844 5394 1887 5435; x_wconf 71' lang='grc'><strong><em>11·</em></strong></span> <span class='ocrx_word' id='word_1_834' title='bbox 1901 5344 1938 5425; x_wconf 57' lang='lat' dir='ltr'><strong><em>‘tp</em></strong></span> 
     </span>
     <span class='ocr_line' id='line_1_60' title="bbox 135 5437 1976 5540; baseline 0.007 -22"><span class='ocrx_word' id='word_1_835' title='bbox 135 5466 313 5535; x_wconf 89' lang='lat' dir='ltr'><strong><em>appellentur</em></strong></span> <span class='ocrx_word' id='word_1_836' title='bbox 327 5467 444 5530; x_wconf 88' lang='lat' dir='ltr'><strong><em>nominc,</em></strong></span> <span class='ocrx_word' id='word_1_837' title='bbox 469 5467 512 5520; x_wconf 89' lang='lat' dir='ltr'><strong><em>vel</em></strong></span> <span class='ocrx_word' id='word_1_838' title='bbox 530 5466 781 5535; x_wconf 79' lang='lat' dir='ltr'><strong><em>Hamaxobiorum,</em></strong></span> <span class='ocrx_word' id='word_1_839' title='bbox 804 5467 848 5521; x_wconf 89' lang='lat' dir='ltr'><strong><em>vel</em></strong></span> <span class='ocrx_word' id='word_1_840' title='bbox 865 5469 968 5522; x_wconf 89' lang='lat' dir='ltr'><strong><em>Noma-</em></strong></span> <span class='ocrx_word' id='word_1_841' title='bbox 995 5468 1068 5523; x_wconf 90' lang='lat' dir='ltr'><strong><em>Dan.</em></strong></span> <span class='ocrx_word' id='word_1_842' title='bbox 1090 5474 1153 5536; x_wconf 93' lang='grc'><strong>2,</strong></span> <span class='ocrx_word' id='word_1_843' title='bbox 1155 5473 1222 5523; x_wconf 88' lang='grc'><strong><em>,31</em></strong></span> <span class='ocrx_word' id='word_1_844' title='bbox 1246 5467 1306 5539; x_wconf 87' lang='lat' dir='ltr'><strong><em>regi</em></strong></span> <span class='ocrx_word' id='word_1_845' title='bbox 1334 5465 1502 5540; x_wconf 85' lang='lat' dir='ltr'><strong><em>babylonico</em></strong></span> <span class='ocrx_word' id='word_1_846' title='bbox 1527 5469 1578 5523; x_wconf 87' lang='lat' dir='ltr'><strong><em>sub</em></strong></span> <span class='ocrx_word' id='word_1_847' title='bbox 1602 5467 1694 5540; x_wconf 80' lang='lat' dir='ltr'><strong><em>figura</em></strong></span> <span class='ocrx_word' id='word_1_848' title='bbox 1722 5437 1976 5538; x_wconf 64' lang='lat' dir='ltr'><strong><em>snnssi&#39;i&#39;iiiinu</em></strong></span> 
     </span>
    </p>
   </div>
   <div class='ocr_carea' id='block_1_3' title="bbox 135 5545 1936 5634">
    <p class='ocr_par' dir='ltr' id='par_1_3' title="bbox 135 5545 1936 5634">
     <span class='ocr_line' id='line_1_61' title="bbox 135 5545 1936 5634; baseline 0.007 -31"><span class='ocrx_word' id='word_1_849' title='bbox 135 5551 201 5605; x_wconf 82' lang='lat' dir='ltr'><strong><em>dam</em></strong></span> <span class='ocrx_word' id='word_1_850' title='bbox 219 5552 302 5606; x_wconf 81' lang='grc'><strong>110110</strong></span> <span class='ocrx_word' id='word_1_851' title='bbox 320 5552 475 5606; x_wconf 86' lang='lat' dir='ltr'><strong><em>carentium</em></strong></span> <span class='ocrx_word' id='word_1_852' title='bbox 494 5551 574 5606; x_wconf 91' lang='lat' dir='ltr'><strong><em>vel&#39;</em></strong></span> <span class='ocrx_word' id='word_1_853' title='bbox 562 5569 592 5605; x_wconf 81' lang='lat' dir='ltr'><strong><em>sn</em></strong></span> <span class='ocrx_word' id='word_1_854' title='bbox 616 5552 745 5606; x_wconf 87' lang='lat' dir='ltr'><strong><em>tentoriis</em></strong></span> <span class='ocrx_word' id='word_1_855' title='bbox 767 5553 915 5608; x_wconf 88' lang='lat' dir='ltr'><strong><em>viventium</em></strong></span> <span class='ocrx_word' id='word_1_856' title='bbox 941 5562 968 5608; x_wconf 89' lang='lat' dir='ltr'><strong><em>et</em></strong></span> <span class='ocrx_word' id='word_1_857' title='bbox 995 5554 1151 5610; x_wconf 86' lang='lat' dir='ltr'><strong><em>ostenditur</em></strong></span> <span class='ocrx_word' id='word_1_858' title='bbox 1168 5553 1305 5611; x_wconf 84' lang='lat' dir='ltr'><strong><em>successio</em></strong></span> <span class='ocrx_word' id='word_1_859' title='bbox 1326 5559 1446 5627; x_wconf 86' lang='lat' dir='ltr'><strong><em>quatuor</em></strong></span> <span class='ocrx_word' id='word_1_860' title='bbox 1462 5554 1692 5630; x_wconf 84' lang='lat' dir='ltr'><strong><em>monarchiarum,</em></strong></span> <span class='ocrx_word' id='word_1_861' title='bbox 1712 5574 1829 5632; x_wconf 86' lang='lat' dir='ltr'><strong><em>quarum</em></strong></span> <span class='ocrx_word' id='word_1_862' title='bbox 1842 5545 1936 5634; x_wconf 53' lang='lat' dir='ltr'><strong><em>m?</em></strong></span> 
     </span>
    </p>
   </div>
   <div class='ocr_carea' id='block_1_4' title="bbox 0 0 2030 6004">
    <p class='ocr_par' dir='ltr' id='par_1_4' title="bbox 0 0 2030 6004">
     <span class='ocr_line' id='line_1_62' title="bbox 0 0 2030 6004; baseline 0 0"><span class='ocrx_word' id='word_1_863' title='bbox 0 0 2030 6004; x_wconf 95' lang='lat' dir='ltr'><strong><em> </em></strong></span> 
     </span>
    </p>
   </div>
  </div>
 </body>
</html>
