4050 6014
718 324 770 381 Da
791 322 1283 383 1111111111011111111.
1792 329 1850 388 tet

152 480 212 537 tari
230 481 309 537 mille
329 481 420 546 annis,
440 481 468 536 in
493 499 548 554 quo
567 481 698 536 111111111
722 482 863 553 propriam
891 479 984 535 sedem
1012 479 1108 536 ribiles
1125 477 1329 550 persecutiones
1347 475 1386 530 ab
1403 474 1520 531 ethnicis
1544 474 1758 546 imperatoribus
1779 475 1851 531 exci-

153 567 299 622 chiliastiei
318 568 398 639 regni
411 573 543 623 statuunt.
563 567 772 638 Respondemus
789 573 812 623 1.
832 568 985 636 inponere.
1012 572 1098 630 tatae,
1123 565 1152 618 in
1175 563 1277 636 quibus
1302 562 1410 634 aliquot
1431 561 1520 617 millia
1539 561 1758 617 Christianorum
1783 568 1850 618 sunt

157 657 181 721 1)
201 652 311 709 Graeca
329 654 387 708 sire
404 653 545 708 orientalis
566 654 683 709 ecclesia
701 652 921 709 deauctoritate
938 652 986 707 hu·
1013 651 1112 718 occisa,
1131 649 1196 705 ideo
1213 648 1356 706 lohannes
1376 648 1405 702 in
1422 648 1529 704 visione
1548 665 1600 704 sua
1616 648 1767 704 introducit
1784 648 1846 703 oni·
1880 700 1886 709 ,
1939 698 1947 711 ,

150 741 198 810 jus
216 739 280 795 libri
300 740 366 796 olim
385 740 532 806 dubitavit,
555 741 595 795 uti
610 747 720 795 constat
731 757 764 795 ex
774 739 894 794 Eusebio
903 738 950 793 lib.
960 743 985 794 3.
1012 754 1074 791 mor
1086 737 1205 790 istorum
1219 743 1374 804 nortonam
1388 734 1594 788 decollatorum
1608 734 1666 788 sios
1683 735 1847 805 occisorum,

152 825 215 881 hist.
236 826 334 881 eccles.
354 843 416 896 cap.
436 832 478 883 21.
498 832 540 883 22.
563 831 651 882 1136.
670 826 717 882 lib.
739 832 762 884 1.
781 843 841 897 cap.
861 831 902 883 21.
922 825 985 880 Hie-
1012 825 1074 895 (per
1090 822 1304 894 speciemtenim
1331 824 1534 894 συνεκδοχικῶς
1553 827 1581 875 11
1600 821 1695 891 phrasi
1715 820 1848 878 Hebraea

152 929 269 984 ronymo
285 912 365 983 epist
385 912 422 967 ad
440 912 525 970 Dard.
559 912 754 985 Amphilochio
780 913 808 966 in
823 911 925 983 jamhis
949 911 984 965 ad
1012 908 1185 981 significatur
1203 911 1305 980 genus)
1320 908 1724 979 proptertostimoniumleen
1744 914 1847 977 etpro-

154 997 307 1067 Seleuoum,
323 998 431 1055 insilio
448 999 476 1053 in
496 999 704 1071 quaestionibus
722 1016 783 1069 cap.
802 1005 826 1055 1.
852 996 986 1063 Quamvis
1009 1007 1074 1067 pter
1091 998 1204 1051 1111111
1225 996 1290 1061 Det,
1317 995 1345 1050 id
1372 1001 1413 1049 est
1436 1000 1550 1066 propter
1572 998 1744 1049 constantem
1766 993 1848 1050 chri-

152 1100 217 1139 sero
237 1090 297 1139 tum
314 1090 428 1155 propter
441 1085 567 1161 spatiosa
582 1086 699 1153 interna,
716 1091 775 1139 tum
788 1089 902 1155 propter
916 1084 985 1139 anti·
1012 1082 1117 1138 stianee
1130 1082 1271 1137 doetrinae
1285 1080 1493 1143 confessionem,
1516 1095 1634 1150 quarum
1648 1080 1809 1136 felicitatem
1820 1087 1850 1136 et

153 1169 346 1241 quissimorum
365 1176 475 1241 patrum
496 1170 665 1227 Graecorum
681 1178 710 1225 et
726 1170 890 1226 Latinorum
906 1170 984 1225 testi·
1012 1170 1129 1241 gloriam
1147 1167 1342 1224 consolationis
1367 1182 1434 1237 ergo
1458 1166 1579 1236 exponit.
1618 1167 1678 1220 Illis
1702 1167 1849 1240 conjungit

152 1255 245 1311 monia
261 1257 290 1310 in
303 1255 434 1326 praelect.
453 1256 488 1311 de
500 1257 593 1327 script
603 1273 701 1312 canon.
713 1263 874 1313 enumerata
885 1255 985 1310 librum
1012 1256 1118 1311 animas
1137 1273 1240 1323 eorum,
1259 1257 1309 1323 qui
1327 1271 1384 1307 non
1397 1255 1590 1307 ueteranos-unt
1604 1253 1718 1306 bestiam
1733 1261 1760 1307 11
1773 1254 1848 1308 imo-

152 1342 273 1397 huncet
291 1342 455 1398 canonicum
471 1348 500 1398 et
519 1343 554 1397 ab
572 1344 698 1414 apostolo
711 1343 840 1399 iohanne
851 1343 984 1413 scriptum
1011 1343 1103 1410 pinam
1123 1344 1194 1412 ejas,
1216 1357 1305 1410 neque
1329 1347 1496 1409 occeperunt
1519 1338 1712 1393 characterom
1737 1340 1800 1409 ejas
1817 1339 1848 1394 in

152 1445 214 1484 esse
242 1428 360 1484 libenter
386 1446 577 1502 agnoscemus,
606 1438 699 1486 tamen
724 1447 787 1486 cum
815 1430 843 1485 in
869 1430 987 1486 ecclesia
1009 1430 1153 1495 frontibus
1172 1436 1221 1482 ont
1238 1430 1269 1482 in
1289 1429 1417 1481 monibus
1436 1427 1503 1494 ouis,
1524 1424 1577 1480 hoc
1595 1432 1637 1481 est
1660 1426 1743 1497 quia
1769 1426 1849 1498 papi·

153 1514 295 1585 primitiva
309 1515 345 1572 de
362 1524 474 1572 auctore
490 1516 574 1587 hujus
586 1517 650 1572 libri
663 1516 814 1588 aliquando
829 1516 985 1572 dubitatum
1012 1515 1141 1570 rantibus
1171 1521 1199 1570 et
1229 1511 1525 1568 mahumeturientibus
1551 1511 1711 1567 haeresibus
1741 1513 1847 1569 animes

152 1601 244 1669 fuerit,
263 1602 326 1658 ideo
345 1603 380 1658 ad
402 1603 517 1659 secundi
535 1605 639 1659 ordinis
658 1604 805 1660 canonicos
823 1603 909 1657 libros
923 1619 985 1657 eum
1013 1618 1077 1655 suas
1094 1601 1311 1669 custodirerunt,
1336 1598 1447 1654 Christo
1469 1604 1498 1653 et
1521 1597 1609 1668 ipsius
1628 1597 1714 1653 verbo
1733 1598 1762 1653 in
1782 1597 1848 1655 fidei

154 1688 307 1756 referimus,
326 1689 429 1761 quade
443 1707 473 1744 rs
488 1690 542 1745 d.l.
555 1690 664 1761 plenius
680 1698 773 1745 actum
789 1690 852 1744 fuit
871 1693 898 1757 2)
918 1689 985 1744 Pro·
1013 1688 1133 1758 puritate
1159 1703 1191 1741 ac
1223 1685 1400 1755 simplicitate
1425 1684 1622 1749 adhaerentes,
1653 1685 1720 1756 quia
1743 1685 1848 1741 satana

153 1774 220 1830 inde
239 1775 323 1831 etiam
342 1792 360 1830 a
377 1775 520 1831 Chiliastis
535 1777 600 1848 jure
624 1793 659 1832 11
680 1776 778 1831 merito
804 1776 985 1846 postulamus,
1009 1777 1068 1845 jam
1085 1774 1179 1844 ligato,
1203 1774 1232 1827 id
1254 1779 1296 1826 est
1309 1770 1481 1826 cessantibus
1502 1771 1622 1826 externis
1641 1771 1696 1825 illie
1717 1787 1846 1842 persecu·

153 1865 185 1914 ut
201 1860 286 1916 talem
305 1860 388 1934 hujus
406 1862 470 1917 libri
489 1879 522 1917 ac
540 1862 700 1933 cumprimis
717 1863 885 1918 connoversi
906 1861 986 1915 istius
1013 1861 1142 1925 tionibus,
1167 1877 1236 1932 quas
1263 1859 1378 1915 ecclesia
1397 1875 1416 1913 1
1440 1857 1571 1930 gentibus
1589 1858 1728 1922 sustinuit,
1751 1857 1847 1914 variae

154 1945 207 2000 loci
225 1946 481 2019 interpretationem
505 1947 657 2019 proferant,
686 1965 757 2019 quae
780 1964 844 2003 cum
872 1947 985 2019 reliquis
1012 1947 1140 2002 haereses
1157 1947 1301 2018 utriusque
1319 1945 1483 2000 Antichristi
1501 1952 1558 1999 tam
1584 1943 1733 2014 orientalis,
1760 1961 1846 2016 quam

152 2034 293 2087 canonicis
315 2034 426 2103 scriptis
454 2034 566 2089 minime
593 2041 707 2106 pugnet,
735 2035 784 2089 sed
813 2035 986 2089 exactissime
1012 2033 1189 2089 occidentalis
1209 2033 1315 2086 semina
1332 2031 1471 2102 prodromi
1490 2030 1519 2084 in
1537 2030 1848 2087 eeclesiamsuutexor-

152 2119 315 2175 consentiat.
349 2121 376 2187 a)
397 2120 566 2190 Prophetiae
590 2127 654 2176 ente
678 2121 909 2191 complementum
930 2137 985 2175 non
1012 2128 1065 2174 tae.
1086 2117 1126 2175 Ut
1143 2119 1215 2173 enim
1232 2118 1461 2185 Pelopionismns
1479 2115 1618 2172 erroribus
1633 2115 1791 2186 papalibus,
1807 2119 1848 2183 111

153 2203 258 2261 habent
277 2205 411 2277 liquidam
429 2213 460 2261 et
475 2213 581 2262 certam
600 2207 807 2277 expositionem,
826 2207 880 2261 nisi
899 2207 985 2278 ipsius
1013 2207 1195 2259 Arionismos
1215 2204 1355 2259 furoribus
1369 2203 1563 2257 hlahumeticis
1582 2202 1751 2258 incunabula
1766 2220 1848 2274 prae-

153 2291 273 2362 Spiritus
291 2293 380 2349 sancti
404 2293 571 2349 illuminatio
596 2294 722 2363 secedat,
746 2295 805 2350 ier.
830 2299 872 2362 23,
896 2312 920 2347 v.
945 2299 987 2349 21).
1012 2292 1079 2347 buit
1095 2291 1306 2362 Dehispiorum
1314 2288 1848 2360 manyrumeteonfeesornmanimsbns

153 2393 214 2449 cap.
235 2382 277 2442 28,
298 2397 325 2436 ι.
345 2385 369 2437 9.
399 2379 532 2445 Ι)11.12,
555 2399 581 2437 v.
602 2386 627 2437 1.
652 2380 783 2435 Irenaeus
809 2381 855 2434 lih.
881 2387 904 2436 1.
923 2381 986 2437 adv.
1014 2377 1127 2451 (quibus
1150 2379 1233 2433 111111
1249 2377 1381 2448 conjungi
1399 2383 1515 2446 possunt
1535 2376 1644 2430 animae
1672 2392 1775 2443 eorum,
1800 2376 1849 2449 qui

152 2463 257 2524 haeres.
277 2479 338 2535 cap.
359 2468 401 2523 13.
423 2482 450 2534 p.
470 2470 528 2522 211.
547 2483 628 2522 nemo
645 2467 730 2538 igitur
748 2465 907 2521 vitionobis
926 2482 985 2521 ver·
1012 2466 1104 2519 soluto
1120 2465 1180 2534 iam
1200 2465 1305 2522 Statana
1327 2465 1356 2516 in
1384 2461 1621 2533 persecutionibus
1647 2460 1791 2532 papisticis
1814 2479 1848 2519 11

152 2557 211 2605 tere
226 2551 336 2620 poterit,
355 2551 429 2622 quod
447 2559 597 2622 11111111
615 2554 729 2608 accedat
746 2552 985 2623 complementum,
1011 2551 1136 2606 ancicis
1159 2549 1373 2617 interficiuntur)
1400 2548 1562 2619 pronuntiat
1582 2548 1733 2617 lohannes,
1758 2549 1848 2620 primo

152 2635 265 2691 incertis
276 2635 474 2693 Chiliastarum
493 2638 670 2709 opinionibus
687 2638 771 2692 fidem
785 2637 919 2695 adhibere
936 2655 983 2694 no·
1012 2638 1176 2709 quodsootes
1187 2637 1366 2706 judiciariae
1378 2636 1450 2704 11111
1462 2635 1572 2700 fecerint
1583 2637 1677 2703 dotas,
1694 2634 1848 2707 insignum

153 2721 242 2787 limus,
261 2723 423 2792 praesertim
443 2724 509 2795 quia
528 2742 583 2779 non
599 2742 668 2780 vcunr
690 2725 828 2794 probandi
848 2724 985 2793 libertate,
1012 2724 1118 2779 scilicet
1136 2722 1235 2795 judicii
1255 2722 1409 2789 exercendi,
1433 2722 1556 2776 secundo
1581 2720 1656 2791 quod
1674 2722 1796 2778 vinerint
1812 2739 1847 2779 ae

154 2808 287 2865 sedeam
310 2810 442 2866 credendi
466 2811 631 2867 necessitate
650 2810 783 2867 ecclesiae
807 2813 917 2866 easdem
938 2809 985 2865 ob·
1013 2811 1095 2864 tertio
1121 2810 1196 2882 quod
1223 2827 1285 2864 enm
1311 2810 1424 2866 Christo
1446 2809 1524 2863 mille
1547 2809 1631 2862 11111
1657 2810 1847 2878 repansos-int.

152 2896 276 2953 trudunt.
304 2899 331 2963 1)
348 2895 443 2953 Omnis
461 2897 608 2969 prophetia
626 2898 685 2953 sire
703 2897 896 2968 interpretatio
914 2896 986 2954 Scri·
1012 2896 1154 2952 ,Iudicium
1173 2903 1354 2953 exercuerunt
1376 2896 1509 2952 adsersus
1530 2902 1719 2965 persecutores
1737 2912 1810 2964 suos,
1829 2914 1848 2953 a

152 2988 253 3052 pturae
272 2983 356 3041 debet
370 3001 431 3040 esse
448 2986 651 3052 fideionaiopo
670 2984 801 3052 1111112,
820 2991 879 3040 11.
899 2986 987 3056 Atqui
1014 2982 1115 3056 quibus
1132 2982 1245 3037 fuerunt
1263 2982 1408 3040 interfecti.
1443 2981 1484 3038 Ut
1507 2981 1580 3036 enim
1603 2982 1718 3052 sanguis
1737 2981 1847 3053 piorum
1900 3034 1903 3039 ,

153 3068 308 3127 chiliastioa
336 3071 384 3126 illa
407 3070 619 3142 Apocalypseos
645 3071 837 3141 interpretatio
863 3088 917 3126 non
944 3078 988 3127 est
1013 3072 1048 3124 de
1072 3076 1148 3123 terra
1165 3070 1201 3124 ad
1226 3069 1334 3124 coelum
1360 3069 1464 3122 elamat
1488 3073 1517 3123 et
1539 3067 1690 3123 vindictam
1713 3068 1847 3125 adverus

153 3155 219 3211 fidei
239 3157 367 3229 analoga,
392 3164 425 3212 ut
441 3164 519 3228 patet
536 3174 570 3211 ex
586 3156 775 3212 fundamentis
794 3156 921 3228 superius
939 3157 986 3212 ad·
1012 3156 1145 3211 effusores
1164 3157 1288 3226 exposcit
1306 3154 1375 3211 Gen.
1393 3162 1419 3222 1,
1437 3172 1464 3208 v.
1476 3160 1516 3210 10.
1534 3154 1621 3210 Hebr.
1643 3159 1682 3220 12,
1701 3173 1728 3209 v.
1747 3160 1790 3211 21.
1806 3155 1847 3211 sic

154 3243 254 3301 ductis.
293 3250 316 3298 2.
334 3245 372 3298 Ιιι
388 3245 488 3312 specie.
508 3243 607 3299 Varias
621 3244 792 3299 diversorum
805 3244 986 3313 interpretum
1013 3242 1097 3297 etiam
1114 3242 1224 3298 animae
1248 3243 1370 3312 ipsorum
1394 3243 1423 3296 in
1451 3241 1529 3296 coelo
1552 3243 1647 3295 subter
1674 3241 1762 3296 altori
1787 3240 1847 3296 elo·

154 3331 338 3403 expositiones
357 3329 522 3386 adduximus
542 3337 571 3386 et
587 3331 768 3401 expendimus
794 3330 821 3384 in
840 3331 943 3401 disput
963 3336 986 3387 3.
1012 3337 1089 3383 mant
1112 3335 1141 3383 et
1159 3328 1310 3382 vindictam
1329 3328 1472 3399 sanguinis
1490 3326 1533 3381 sui
1553 3343 1586 3380 ac
1604 3326 1721 3381 fratrum
1735 3343 1848 3382 suorum

153 3424 251 3474 contra
268 3433 356 3472 noros
373 3417 521 3472 Fanatioos
539 3435 602 3473 ann.
624 3422 697 3474 1616.
717 3416 852 3485 instituta,
878 3434 910 3472 ex
930 3435 987 3489 qua
1013 3421 1165 3485 exposcunt
1183 3416 1269 3483 Apoc.
1284 3419 1309 3478 6,
1329 3432 1353 3468 r.
1368 3419 1392 3469 9.
1411 3413 1548 3468 Vixerunt
1566 3414 1594 3466 in
1613 3413 1725 3467 coelesti
1740 3411 1848 3469 scilicet
1888 3478 1890 3483 ¹

153 3506 223 3562 illud
240 3505 352 3561 unicum
371 3504 417 3559 hic
435 3503 595 3573 repetimus,
612 3503 687 3575 quod
704 3504 823 3558 maxime
834 3503 986 3574 probabilis
1012 3514 1090 3568 pace,
1110 3498 1312 3570 tranquillitate
1334 3503 1362 3552 et
1389 3497 1485 3567 gloria
1524 3496 1650 3565 Tyranni
1677 3495 1848 3568 indicabant,

154 3591 281 3647 rideatur
297 3589 407 3646 illorum
421 3589 568 3659 sententia,
587 3590 635 3662 qui
656 3589 764 3645 initium
778 3590 892 3645 istorum
913 3590 988 3646 mille
1012 3600 1059 3639 eos
1079 3592 1108 3640 et
1124 3586 1217 3640 anima
1237 3591 1266 3640 et
1283 3600 1398 3654 corpore
1416 3582 1556 3654 exstingui
1581 3583 1645 3652 Sap.
1666 3588 1691 3650 3,
1710 3601 1736 3637 v.
1754 3589 1778 3639 2.
1798 3583 1848 3640 sed

154 3693 288 3732 annorum
308 3677 337 3733 in
357 3677 534 3733 Constantini
551 3677 657 3746 Mapni
670 3675 785 3745 imperio
807 3676 986 3743 constituunt,
1013 3673 1132 3745 Spiritus
1150 3681 1262 3728 1111111
1280 3673 1333 3727 hoe
1353 3672 1414 3725 loco
1435 3676 1463 3726 et
1481 3671 1549 3725 alibi
1567 3672 1670 3740 passim
1682 3670 1848 3742 118111111-

154 3770 221 3819 tuno
240 3764 314 3820 enim
334 3766 462 3832 Satanas,
487 3763 536 3834 qui
560 3763 656 3833 primis
680 3763 812 3818 trecentis
836 3779 853 3817 a
877 3760 986 3817 Christo
1012 3759 1049 3813 ris
1068 3766 1193 3828 testatur,
1220 3760 1295 3832 quod
1317 3759 1412 3814 statim
1435 3774 1453 3811 a
1473 3762 1560 3813 morte
1578 3757 1608 3811 in
1626 3757 1740 3813 coelesti
1758 3757 1849 3831 gloria

152 3858 218 3906 nato
245 3850 325 3906 annis
351 3850 531 3919 imperatores
562 3848 686 3903 ethnicos
709 3855 738 3904 et
761 3850 903 3918 praesides
930 3849 985 3904 Ro·
1013 3846 1116 3903 vivant.
1133 3846 1261 3918 Denique
1272 3864 1334 3900 oum
1349 3845 1461 3899 Christo
1475 3852 1638 3913 repserant,
1649 3842 1732 3914 plene
1743 3843 1850 3900 scilicet

153 3952 249 3993 manos
268 3937 305 3993 ad
323 3935 471 3992 horribiles
483 3934 702 3990 Christianorum
715 3936 920 4005 persecutiones
935 3934 984 3989 im·
1013 3932 1129 3988 demotis
1148 3932 1275 3987 omnibns
1292 3931 1428 3998 hostibus,
1448 3930 1567 3992 diabolo,
1586 3946 1678 3997 carne,
1696 3930 1802 3986 mundo
1820 3935 1850 3986 et

153 4025 270 4095 pnlerat,
289 4023 392 4094 ligatus
412 4028 462 4090 est,
482 4022 548 4093 quia
565 4020 618 4076 sub
632 4020 813 4078 comtantino
832 4038 887 4092 pax
899 4022 986 4077 eccle·
1013 4020 1141 4075 omnibus
1158 4020 1290 4075 adversis
1316 4018 1414 4090 Neque
1429 4035 1463 4074 ex
1481 4017 1618 4087 particula
1636 4019 1725 4072 donee
1745 4016 1848 4072 inlcrre

153 4111 211 4166 siae
233 4109 288 4166 luit
313 4109 380 4164 data
405 4113 433 4165 et
456 4108 661 4187 persecutiones
685 4108 909 4180 conquieverunt,
935 4125 987 4162 nec
1012 4106 1086 4170 licet,
1103 4105 1188 4161 finitis
1206 4106 1266 4161 istis
1284 4106 1359 4162 mille
1377 4105 1458 4160 annis
1471 4103 1631 4159 felicitatem
1646 4102 1722 4156 illam
1737 4107 1848 4158 saneto·

153 4203 304 4269 potuerunt
320 4195 438 4267 amplius
455 4200 562 4267 gentes,
581 4194 732 4265 dequibus
750 4195 899 4266 praecipue
911 4196 986 4265 Apo·
1012 4211 1073 4248 rum
1092 4195 1176 4248 etiam
1193 4193 1279 4247 fuisse
1298 4191 1414 4257 finitam,
1438 4191 1504 4262 quia
1521 4196 1553 4244 ut
1572 4187 1657 4242 habet
1673 4187 1772 4259 regula
1790 4188 1847 4244 Na·

153 4282 275 4355 calypsis
291 4282 358 4354 agit,
383 4280 579 4336 idolomaniam
599 4297 677 4334 suam
699 4288 778 4335 tanta
802 4281 936 4337 violentia
958 4289 987 4336 et
1013 4280 1137 4335 zianzeni
1154 4286 1222 4334 orat
1248 4284 1273 4334 2.
1292 4278 1327 4334 de
1346 4277 1402 4332 filio
1420 4295 1449 4347 p.
1471 4281 1527 4332 113.
1553 4290 1635 4345 quam
1660 4273 1754 4328 multis
1773 4272 1848 4328 Scri·

153 4368 324 4425 immanitate
343 4383 505 4440 propagare.
543 4368 630 4424 Juxta
648 4367 720 4421 hanc
739 4365 906 4438 hypothesin
923 4367 987 4421 finis
1012 4371 1111 4437 pturae
1130 4364 1262 4435 exemplis
1281 4362 1427 4418 confirmat
1445 4361 1567 4415 Isidorus
1586 4359 1730 4414 l’elusiota
1753 4358 1800 4413 lib.
1825 4365 1846 4417 1.

153 4457 267 4511 istorum
281 4451 984 4511 milleannorumineidetinannumchristi1300.
1012 4454 1091 4524 epist.
1115 4457 1152 4508 18.
1171 4470 1197 4521 p.
1217 4459 1249 4507 t:
1275 4449 1439 4519 particulae
1463 4463 1561 4516 usque,
1587 4448 1673 4499 donec
1694 4446 1847 4501 1111111111

153 4543 227 4599 cirea
244 4541 319 4617 qnod
337 4547 446 4610 tempus
471 4539 589 4595 Satanas
613 4540 712 4594 iterum
736 4538 842 4593 solutus
862 4538 984 4593 Ottoma·
1011 4557 1066 4594 non
1084 4539 1196 4591 omnino
1214 4544 1356 4606 ponuntur
1373 4536 1414 4588 od
1434 4533 1642 4588 distinctionem
1664 4533 1759 4595 futuri
1781 4541 1847 4588 tem·

152 4628 244 4684 nicam
262 4626 395 4683 familiam
413 4627 552 4691 excitant,
578 4626 631 4681 sub
656 4641 711 4696 quo
739 4624 803 4694 Gop
823 4634 850 4678 et
869 4626 985 4694 Mopop,
1007 4626 1099 4694 poris,
1124 4626 1176 4678 sed
1195 4631 1306 4693 ponunt
1329 4622 1398 4676 illae
1423 4621 1538 4690 quidem
1558 4637 1726 4690 11111111,
1751 4637 1846 4674 oerum

153 4716 182 4770 id
199 4721 244 4770 est
259 4715 404 4786 imperium
422 4713 579 4781 'l'urcicnm
598 4713 702 4785 dequo
716 4731 741 4767 s.
760 4713 874 4782 8hujus
886 4713 986 4782 capitis
1012 4713 1089 4780 qood
1107 4711 1143 4764 ab
1164 4727 1196 4765 oo
1214 4711 1349 4779 11111111,
1367 4727 1421 4763 aon
1441 4706 1613 4772 inficientur.
1644 4706 1779 4777 Exempla
1798 4705 1846 4761 ha·

152 4801 253 4872 agitur,
272 4801 420 4856 maximum
440 4799 589 4873 acquisivit
603 4798 688 4856 robur
707 4806 736 4856 et
755 4815 824 4872 gens
842 4796 984 4853 11118111-
1012 4798 1114 4852 bentnr
1132 4795 1203 4853 Gen.
1222 4801 1263 4861 28,
1283 4813 1308 4851 v.
1333 4800 1371 4851 11.
1393 4800 1413 4850 1.
1434 4796 1508 4849 Sam.
1528 4800 1569 4864 tt,
1587 4812 1612 4848 v.
1633 4799 1675 4850 35.
1695 4797 1717 4847 2.
1734 4792 1806 4847 Sam.
1819 4797 1845 4858 6,

152 4888 248 4943 cenioa
266 4888 364 4958 maiori
382 4903 465 4959 quam
486 4893 569 4941 antea
581 4893 681 4942 conatu
695 4884 985 4940 adsersusecclesiam
1013 4902 1035 4937 v.
1056 4884 1107 4937 ult
1125 4882 1226 4938 Psalm.
1244 4889 1300 4945 110,
1318 4898 1343 4936 v.
1363 4887 1385 4937 1.
1404 4881 1467 4936 Elea
1488 4886 1529 4951 22,
1547 4899 1572 4936 v.
1586 4887 1624 4937 11.
1639 4895 1700 4949 cap.
1720 4884 1763 4946 12,
1781 4895 1806 4932 s.
1818 4884 1845 4936 1.

150 4972 249 5029 saeviit
265 4979 402 5043 occupata
420 4972 541 5028 maxima
559 4978 588 5026 et
605 4972 800 5026 florentissima
817 4969 891 5026 orbis
908 4978 986 5040 parte
1012 4968 1111 5024 Matth.
1131 4975 1172 5038 28,
1189 4986 1215 5024 v.
1235 4974 1277 5025 20.
1297 4975 1348 5023 etc.
1386 4968 1454 5024 Ideo
1475 4983 1541 5022 vero
1567 4966 1728 5022 nominatim
1752 4965 1844 5036 expri-

151 5065 181 5114 et
204 5061 317 5114 modom
343 5065 427 5130 capta
452 5058 522 5112 urbe
553 5056 802 5130 Constantinopoli,
829 5074 901 5128 quac
930 5056 1123 5163 fuitlmuntur
1144 5055 1223 5108 mille
1245 5055 1322 5122 unni,
1351 5055 1417 5126 quia
1441 5053 1559 5124 expletis
1585 5051 1639 5105 illis
1667 5050 1845 5107 memorabile

27 5143 302 5215 11‚125,0rientalis
320 5145 429 5218 imperii
449 5146 538 5210 sedes,
563 5150 594 5197 ut
615 5143 667 5198 hac
684 5144 790 5199 ratione
811 5144 881 5198 inter
901 5144 985 5213 impe·
1011 5142 1078 5214 quid
1099 5141 1233 5196 ecclesiae
1256 5140 1368 5208 accidit,
1393 5140 1467 5212 qnod
1492 5137 1598 5193 scilicet
1615 5137 1720 5193 Satara
1743 5136 1844 5193 iterum

152 5232 224 5286 rium
243 5231 426 5300 Constantini,
445 5231 493 5302 qui
505 5230 541 5285 ab
559 5230 676 5284 ecclesia
696 5231 901 5300 persecutiones
922 5246 983 5300 pro·
1011 5229 1101 5284 soluto
1119 5226 1357 5299 persecutionibus
1376 5224 1545 5297 gravissimis
1563 5225 1654 5279 denuo
1680 5229 1843 5295 oppugnata

153 5316 252 5383 hibuit,
272 5324 301 5373 et
310 5317 452 5373 Ottomani
462 5316 585 5382 lhrcici,
605 5315 652 5386 qui
662 5316 808 5370 ecclesiam
823 5315 985 5387 gravissime
1007 5315 1103 5388 ,faena
1125 5312 1227 5370 Confer
1251 5313 1355 5383 disput
1381 5310 1546 5377 Feurbonii,
1570 5309 1652 5365 amici
1672 5311 1760 5365 nostri
1787 5311 1845 5366 sin·

153 5404 262 5471 afflixit,
287 5405 363 5460 mille
388 5404 434 5458 isti
457 5403 522 5457 anui
548 5403 737 5472 interjaceant
772 5402 809 5457 Et
826 5402 892 5473 quia
909 5402 984 5456 illam
1012 5401 1131 5473 gularis,
1159 5406 1256 5455 contra
1283 5399 1405 5470 Philipp.
1432 5398 1593 5461 Caesarem,
1629 5413 1701 5468 qnae
1727 5397 1845 5453 habetur

154 5491 275 5548 Satanae
293 5491 483 5563 alligationem
500 5496 528 5546 et
546 5488 678 5545 eeclesiae
705 5488 826 5559 quietem
845 5488 897 5543 sub
914 5489 985 5546 Con-
1011 5495 1076 5543 tom.
1093 5493 1118 5542 ’1.
1144 5485 1247 5557 disput.
1280 5485 1368 5540 Giess.
1393 5489 1421 5539 et
1439 5484 1542 5539 dictam
1565 5483 1780 5555 disputationem
1796 5501 1844 5540 no·

154 5577 276 5637 11111111
292 5577 397 5651 Magno
413 5576 526 5654 demum
549 5579 672 5633 11111111
693 5580 906 5646 praecesserunt
923 5574 986 5631 hor·
1003 5579 1098 5630 utram
1123 5578 1219 5629 conus
1239 5571 1396 5642 Fanaticos,
1423 5570 1463 5631 tin
1484 5587 1540 5644 qua
1552 5570 1636 5628 111111
1655 5571 1762 5644 reliqua
1784 5586 1853 5639 ore,
