4050 6014
754 180 808 239 Dll
828 178 923 242 ma
940 178 1131 244 ΑΕΤΕΒΝΔ.
1725 182 1787 248 395

91 341 273 407 praegustem
291 335 431 408 quendam
443 335 801 394 futmasislicitatianobis
811 337 927 394 confert
955 337 1130 404 firmitatem
1168 336 1314 392 Jolsossss
1344 335 1487 408 significat
1517 335 1687 409 gratiosum,
1718 334 1789 391 tales

93 428 124 485 6)
143 423 172 476 Α
186 423 302 491 piorum
318 424 532 492 resurrectione,
552 423 615 479 ideo
633 424 705 479 enim
721 430 876 497 resurgent,
896 429 929 478 ut
953 423 1039 478 simus
1067 440 1122 493 per
1156 424 1261 479 samm
1296 423 1460 489 caritcstem,⁸
1494 423 1622 478 Jacobns
1649 421 1790 494 siguificat

91 507 202 564 animae
222 509 383 580 corporibus
401 511 496 565 unitae
512 511 670 580 percipiant
687 510 774 565 vitam
785 517 926 566 aeternam
953 508 1198 579 subplantatorem,
1218 510 1287 565 talea
1305 509 1392 564 simus
1399 526 1559 580 peretrum
1569 510 1714 579 pietatem,
1732 525 1790 580 qua

93 594 166 652 Dan.
190 599 228 660 12,
249 613 275 650 v.
295 601 319 651 2.
338 595 401 651 Joh.
421 603 445 664 t,
463 613 488 652 r.
507 602 548 652 30.
586 600 615 662 l)
629 598 674 651 At
692 599 809 652 extremi
818 597 928 666 judicii
953 595 1043 648 carnis
1051 594 1461 669 nosuaevitiasupplantemus.
1471 595 1604 666 amona
1612 595 1735 651 Deduxit
1743 611 1789 650 eos

61 699 64 703 ·
92 683 356 747 commatratione,
384 682 447 739 ideo
472 683 545 738 enim
568 684 608 753 pii
631 685 764 739 sistentur
790 683 929 738 tribunali
953 681 983 734 is
1010 691 1129 737 montem
1150 684 1305 754 smenon,
1329 698 1412 754 quem
1439 683 1480 754 pii
1500 691 1608 739 retmes
1631 690 1790 738 constanter

93 767 212 837 maaet,
238 775 269 823 ut
296 769 432 841 recipiant
455 770 578 841 praemia
607 770 856 842 bonorum-quae
878 742 1082 840 periaseerunt
1108 787 1170 827 esse
1201 777 1323 827 montem
1356 770 1482 838 thabor,
1515 770 1591 826 iacta
1623 771 1696 826 euim
1720 769 1789 824 haec

92 870 193 924 corpus
205 860 352 926 gesserunt
369 861 393 912 2.
413 854 509 926 Cart,
526 875 551 914 v.
567 863 606 913 10.
636 861 665 924 8)
679 860 725 911 Ee
738 857 927 910 absurdarum
954 861 1021 910 snut
1041 856 1070 911 iu
1094 856 1237 924 Galilaea,
1259 860 1318 929 Jam
1343 873 1409 914 sero
1435 856 1548 913 Thabor
1573 864 1615 912 est
1638 856 1789 911 altissimus

91 942 291 995 coruscatione.
327 940 446 997 Sublata
479 960 529 1013 ape
563 943 636 998 vitae
664 950 793 999 aeternae
823 942 929 997 tollitur
953 958 1033 996 mons
1050 940 1209 1008 Galilaeae,
1228 943 1298 998 mira
1316 942 1488 998 rotunditate
1507 941 1645 1007 sublimis,
1669 942 1698 996 iu
1715 959 1789 996 sum-

92 1026 183 1081 omnis
200 1025 228 1081 in
248 1026 370 1083 adversis
389 1027 555 1096 consolatio,
573 1028 758 1084 labefactatur
776 1035 928 1098 martyrum
954 1027 1050 1083 mitate
1069 1029 1213 1100 planitiem
1229 1031 1330 1102 viginti
1349 1048 1397 1086 aex
1421 1029 1573 1085 stadiorum
1591 1027 1697 1083 habens
1719 1033 1789 1082 teste

91 1113 121 1168 in
134 1113 197 1185 ipsa
212 1119 300 1168 morte
317 1113 486 1180 constantia,
515 1114 648 1169 svmtitur
663 1119 738 1169 totus
753 1112 927 1170 chrinisnis-
953 1112 1078 1185 Josepho
1103 1115 1151 1170 lib.
1169 1123 1194 1172 l.
1207 1117 1242 1172 ds
1261 1116 1328 1172 bell.
1340 1116 1450 1174 Judaic
1471 1133 1531 1185 cap.
1549 1119 1572 1172 1.
1592 1114 1725 1170 Montana
1742 1114 1791 1168 illa

92 1216 163 1265 mus,
181 1199 324 1254 subruitur
337 1201 426 1256 omnis
436 1201 490 1256 Dei
501 1201 601 1267 cultus,
619 1201 805 1274 exsfinguitur
815 1200 927 1272 piatatis
953 1207 1036 1256 vocat
1059 1219 1110 1258 nos
1136 1203 1173 1257 ad
1196 1203 1334 1261 coelestia.
1373 1203 1403 1259 Si
1425 1202 1575 1274 aliquando
1597 1217 1660 1256 cum
1682 1201 1790 1256 Christo

93 1284 224 1353 studium,
250 1286 333 1342 homo
350 1286 419 1357 ipsis
439 1287 526 1342 brutis
548 1288 681 1343 statuitur
700 1288 824 1344 misericr
842 1293 871 1344 st
887 1289 929 1342 in·
954 1288 1081 1359 cupimus
1091 1289 1248 1359 glorificari,
1266 1306 1323 1345 nou
1336 1289 1469 1345 debemus
1485 1289 1584 1344 animia
1599 1287 1699 1344 poetria
1713 1286 1790 1343 affixi

94 1371 214 1443 dignior,
231 1371 335 1443 quippe
352 1389 424 1444 quae
441 1374 470 1429 in
487 1373 541 1430 hac
559 1375 618 1430 vita
636 1392 692 1430 non
711 1380 777 1429 sunt
794 1380 836 1430 tot
854 1374 928 1430 cala·
955 1392 1015 1430 esse
1032 1376 1115 1431 rebus
1132 1376 1257 1443 terrenis,
1274 1377 1325 1432 sed
1338 1394 1508 1446 poneremus
1523 1393 1566 1446 ee,
1587 1392 1659 1444 quoe
1676 1391 1790 1428 saraam

89 1457 233 1513 nitatibus
251 1464 281 1513 et
299 1460 416 1516 muenia
433 1459 561 1531 subjecta
579 1478 663 1532 qnam
680 1461 771 1517 homo.
954 1470 1020 1515 runt
1042 1461 1101 1520 Col.
1130 1469 1154 1531 3,
1178 1480 1204 1517 v.
1228 1468 1250 1518 1.
1274 1462 1359 1517 eorde
1389 1461 1546 1518 habitemus
1569 1461 1599 1516 in
1620 1461 1714 1530 coelo,
1740 1459 1789 1514 ubi

954 1547 1038 1603 etiam
1052 1553 1094 1602 est
1110 1556 1204 1602 uerter
1215 1550 1362 1602 thesaurus
1371 1546 1472 1605 biettb.
1485 1553 1510 1611 θ,
1528 1566 1553 1602 r.
1567 1553 1608 1603 21.
1625 1553 1654 1602 et
1666 1553 1790 1601 nostram

46 1633 76 1673 Ἰ·
124 1635 167 1686 22.
202 1637 228 1686 4.
250 1631 297 1683 Ea
316 1631 391 1699 typis
410 1638 437 1686 et
452 1633 611 1701 parabolis.
649 1632 764 1688 Illorum
781 1648 847 1687 vero
864 1631 928 1703 qui·
956 1638 1113 1707 πολίτευμα
1131 1633 1204 1688 Phil.
1223 1638 1247 1701 3,
1268 1651 1296 1688 v.
1315 1640 1355 1690 20.
1376 1632 1452 1689 Loth
1462 1632 1627 1688 servabatur
1646 1633 1675 1687 in
1690 1637 1790 1695 moute,

46 1704 50 1713 ’
89 1715 154 1770 dam
181 1721 248 1770 aunt
266 1716 419 1785 primarii,
448 1717 563 1787 quidam
586 1720 760 1774 secundarii.
800 1717 929 1772 anarii
954 1719 1073 1775 Sodoma
1090 1719 1281 1790 conflagrante
1299 1717 1369 1775 Gen.
1393 1724 1432 1785 19,
1453 1737 1479 1776 v.
1497 1723 1539 1775 30.
1562 1717 1603 1772 sic
1622 1717 1650 1772 iu
1669 1726 1791 1772 extreme

46 1797 75 1827 ¹⁸·
89 1806 155 1856 aaut
173 1801 237 1870 duo,
257 1808 276 1858 1.
302 1803 408 1857 Cirr'sti
423 1805 645 1873 tranafiparatio,
670 1805 842 1860 tensionis
860 1805 928 1858 Hie·
954 1805 1039 1860 totius
1058 1805 1154 1860 mundi
1178 1805 1397 1878 conflagratione
1420 1805 1461 1860 illi
1485 1806 1573 1861 solum
1598 1804 1791 1872 servabuntur,

89 1888 249 1955 santanae
271 1891 485 1960 proefiparatie
518 1889 804 1962 Transfigurationem
823 1890 928 1947 Christi
955 1893 1002 1963 qui
1022 1892 1105 1947 corde
1125 1909 1175 1947 suo
1193 1911 1249 1949 non
1271 1893 1457 1948 adhaeserunt
1479 1891 1604 1948 terrenis.
1638 1891 1673 1945 In
1696 1897 1790 1946 monte

46 1943 76 2034 ιη
92 1974 254 2031 describunt
278 1975 436 2031 Matthaeus
460 1993 521 2048 cap.
560 1982 599 2034 l'l.
625 1978 738 2033 Marcus
764 1993 825 2048 cap.
850 1982 876 2033 9.
900 1982 929 2031 ιι
954 1977 1069 2032 Thabor
1093 1979 1282 2034 manifestarit
1303 1995 1365 2034 sese
1389 1979 1517 2034 Christus
1549 1977 1695 2047 discipulis
1725 1981 1790 2047 post

91 2061 185 2117 Lucas
203 2079 262 2132 cap.
281 2068 305 2117 9.
324 2062 424 2117 Petrus
444 2067 469 2118 2.
487 2063 567 2134 epist.
586 2067 610 2130 1,
625 2080 651 2119 r.
672 2069 713 2120 16.
727 2064 755 2119 in
768 2080 825 2134 qua
837 2063 926 2133 pictu·
953 2064 1184 2123 resurrectionem
1198 2064 1298 2121 Mattla
1316 2071 1358 2135 28,
1378 2083 1404 2122 r.
1426 2070 1465 2122 lt.
1485 2065 1514 2119 in
1534 2064 1611 2120 coelo
1629 2062 1789 2120 manifesta·

93 2164 151 2203 ram
169 2148 297 2205 coelestis
315 2149 421 2221 gloriae
439 2149 520 2205 nobis
544 2150 661 2221 proponi
682 2151 782 2206 docent
801 2149 927 2220 apostoli,
955 2150 996 2205 bit
1014 2166 1045 2204 ιι
1060 2151 1190 2206 omnibus
1209 2151 1304 2207 electis
1327 2151 1393 2208 Joh.
1418 2158 1458 2217 14,
1478 2168 1501 2208 v.
1524 2155 1565 2207 21.
1590 2150 1732 2206 Johanncs
1759 2149 1789 2203 in

92 2233 198 2290 Paulus
215 2235 288 2291 Phil.
310 2241 334 2302 3,
352 2254 377 2290 r.
397 2240 442 2293 ut:
463 2235 593 2290 Christsis
609 2243 849 2312 μετασχηματίσει
867 2253 927 2290 eor-
953 2237 1053 2306 apiritu
1078 2236 1228 2292 abducitur
1253 2239 1285 2292 in
1306 2246 1426 2292 meatem
1446 2255 1579 2308 mappam
1597 2245 1623 2291 st
1642 2237 1788 2304 accisam,

89 2339 147 2392 pas
164 2323 470 2389 conterminandam
485 2325 537 2388 fiat
555 2319 726 2398 σύμμορφον
746 2323 928 2393 corporisne
954 2338 1018 2375 cum
1051 2321 1105 2393 ipsi
1137 2323 1264 2379 eoelestis
1290 2323 1486 2394 Hierosolyma
1515 2328 1590 2378 ιιιιι
1616 2321 1788 2379 ostendenda

92 2408 227 2478 pluriora,
246 2412 274 2463 et
294 2413 317 2466 1.
336 2407 398 2462 Cor.
412 2414 453 2473 ιι,
471 2427 497 2463 v.
516 2416 563 2466 49ι
583 2411 664 2464 Sient
670 2410 848 2480 portavimus
858 2409 928 2463 ima·
955 2408 1041 2478 Apoc.
1062 2414 1103 2474 21,
1123 2426 1149 2465 v.
1171 2415 1210 2465 10.
1236 2427 1270 2463 ec
1292 2411 1431 2463 montibus
1456 2410 1531 2465 ιιιίι
1549 2410 1630 2463 noba
1650 2409 1789 2462 capitisue

92 2495 184 2563 pisam
201 2494 317 2560 terrem,
341 2495 382 2547 sic
398 2495 576 2563 portabimus
594 2496 679 2550 etiam
696 2496 846 2564 incepissem
868 2511 926 2550 eoe-
955 2494 1056 2550 Psalm.
1075 2499 1132 2565 121,
1152 2513 1176 2547 v.
1194 2501 1216 2551 1.
1236 2512 1269 2549 cx
1287 2496 1427 2552 montibus
1438 2501 1507 2566 puta
1519 2495 1630 2551 divinae
1642 2495 1788 2566 providen-

91 2581 189 2650 tertia·
210 2586 238 2635 et
255 2578 398 2634 lohannes
422 2587 443 2634 1.
463 2580 544 2650 epist.
552 2585 577 2645 3,
587 2587 652 2638 ut:
671 2581 741 2636 Cbm
750 2582 927 2652 apparuerit,
952 2580 1021 2643 tiae,
1048 2581 1269 2647 misericordiae,
1295 2583 1520 2653 omnipotentiae,
1552 2581 1706 2652 sapientiae
1735 2586 1786 2635 etc.

93 2667 200 2720 similes
219 2668 247 2720 ci
263 2666 375 2720 emmae.
402 2664 519 2721 eolsuo
536 2667 661 2722 consistit
679 2667 708 2722 in
728 2667 772 2722 his
789 2666 928 2722 membris.
954 2666 1021 2737 quia
1037 2666 1158 2733 eoelum,
1184 2666 1212 2721 in
1232 2683 1287 2737 qno
1305 2669 1382 2723 Deus
1398 2667 1522 2732 habitat,
1547 2668 1688 2722 monibus
1708 2666 1790 2739 quasi

95 2755 120 2815 1)
143 2753 270 2822 Tempus.
292 2753 363 2805 Post
381 2752 443 2806 dies
462 2769 510 2805 ιιι
529 2753 646 2807 assumit
664 2752 790 2808 Christus
808 2753 929 2823 discipu·
953 2752 1112 2808 incumbere
1129 2751 1246 2808 videtur.
1261 2753 1409 2824 Templum
1426 2753 1710 2823 Hierosolymitanum
1727 2768 1789 2808 coe·

94 2838 144 2905 los,
169 2837 299 2892 videlicet
318 2844 464 2908 postquam
482 2838 518 2892 de
536 2856 587 2893 aua
605 2838 734 2908 passione
753 2839 846 2894 inerat
864 2857 928 2893 con·
953 2837 1029 2891 lestis
1049 2838 1155 2909 gloriae
1179 2844 1266 2910 typus
1284 2844 1453 2894 emtructnm
1477 2846 1538 2893 erat
1560 2855 1644 2910 super
1668 2844 1787 2894 montem

93 2925 220 2980 eionatus
242 2930 271 2979 et
289 2924 325 2979 ad
337 2940 449 2979 crucem
466 2924 618 2979 tollendam
629 2924 741 2978 eosdem
755 2923 927 2993 exhortatus,
953 2923 1042 2978 Moris
1059 2930 1110 2981 ete.
1134 2925 1162 2992 l)
1177 2927 1291 2981 Forma.
1311 2922 1533 3001 Μετεμιρφώιη
1547 2942 1565 2980 ι
1580 2925 1665 2981 Patre
1676 2926 1788 2980 coelesti

92 3011 186 3066 snum
203 3016 300 3065 secuta
318 3009 372 3065 fuit
391 3009 460 3065 haec
477 3010 694 3083 transfiguratio,
711 3019 744 3066 ιιι
763 3012 927 3077 ostenderet,
953 3016 1016 3064 ιιι
1037 3028 1067 3066 ee
1092 3011 1166 3082 ipso,
1190 3028 1246 3067 nou
1269 3012 1344 3082 quod
1366 3013 1520 3067 essentialis
1543 3011 1679 3082 quasdam
1700 3019 1787 3066 trans·

93 3115 124 3153 ae
140 3115 192 3168 per
210 3099 371 3166 passionem
391 3098 501 3151 intrare
519 3099 550 3151 in
567 3099 690 3166 pieriam
703 3099 773 3154 Luc.
787 3104 828 3164 24,
843 3116 869 3154 v.
886 3105 926 3155 28.
953 3096 1070 3152 mutatio
1088 3095 1173 3151 fuerit
1191 3096 1281 3167 factu,
1299 3098 1365 3168 quia
1381 3099 1478 3153 eadem
1498 3115 1575 3164 earo,
1600 3114 1672 3167 quac
1690 3103 1788 3168 postea

93 3202 127 3240 ιι
144 3182 294 3254 discipulos
311 3183 341 3237 in
360 3182 414 3238 hac
432 3183 478 3239 ria
500 3183 591 3254 ipsum
614 3183 715 3240 debere
734 3185 814 3256 sequi
831 3184 927 3241 Actor.
954 3182 1090 3251 passionis
1106 3183 1287 3254 ignominiam
1305 3183 1445 3252 sustinuit,
1463 3183 1515 3238 lroc
1533 3184 1560 3237 in
1575 3184 1636 3239 loco
1652 3183 1787 3238 claritatis

96 3276 136 3338 14,
153 3289 178 3326 ι.
196 3276 237 3327 22.
262 3269 303 3327 Ut
321 3275 384 3340 post
402 3269 462 3324 dies
473 3287 521 3325 sex
533 3269 660 3325 Christus
673 3287 766 3327 eoram
784 3271 927 3342 discipulis
952 3267 1070 3338 gloriam
1088 3268 1221 3340 percipit,
1245 3270 1294 3325 sed
1312 3270 1380 3342 quia
1399 3272 1509 3340 specics
1528 3270 1622 3323 saltas
1640 3271 1700 3334 snit
1719 3271 1787 3324 alte·

92 3355 314 3428 transfiguratur,
337 3356 377 3411 sie
403 3361 500 3412 exacto
524 3355 608 3427 hujus
624 3358 699 3413 vitae
720 3358 847 3414 sextiduo
864 3375 926 3413 sue·
951 3362 1026 3422 rato,
1044 3354 1077 3410 rb
1095 3355 1170 3418 ridor
1187 3357 1238 3412 rosi
1255 3352 1413 3431 προσώπου
1432 3359 1541 3426 ἐγένετο
1559 3355 1654 3432 ἕτερον
1673 3355 1741 3410 Luc.
1763 3360 1787 3419 9,

91 3443 173 3499 cedet
191 3449 333 3499 aetenum
359 3442 520 3508 sabbatum,
544 3443 573 3497 in
598 3460 654 3513 quo
678 3444 787 3515 piorum
811 3461 926 3516 corpora
952 3458 978 3497 r.
996 3446 1039 3497 29.
1058 3441 1202 3512 splenduit
1215 3444 1310 3505 faoier
1327 3443 1388 3510 ejas
1405 3443 1478 3496 sieut
1496 3442 1540 3497 eoi
1555 3440 1653 3496 Mattb.
1668 3447 1708 3506 17,
1725 3459 1750 3495 r.
1764 3448 1786 3497 2.

90 3528 322 3585 clarificabuntur.
358 3529 431 3594 Quid
449 3534 510 3584 tota
527 3529 596 3584 haec
613 3530 672 3585 rita
690 3530 767 3585 aliud
783 3537 826 3587 eet
842 3547 924 3602 quam
952 3527 1069 3582 Famae
1086 3527 1173 3597 igitur
1192 3527 1268 3583 facta
1284 3527 1339 3584 tuit
1356 3529 1487 3594 mutatio,
1512 3544 1569 3582 nou
1585 3535 1703 3583 naturus
1721 3526 1787 3583 abo·

91 3631 140 3671 sex
168 3615 227 3670 dies
250 3613 372 3670 labornt
405 3614 468 3669 illos
496 3623 627 3686 aequetur
650 3616 730 3686 quies
757 3616 868 3672 sabbati
898 3623 927 3672 ιι
952 3614 1025 3683 litio,
1052 3611 1274 3690 μεταμόρφωιις
1295 3632 1351 3670 uon
1379 3622 1577 3690 paroecianis,
1605 3615 1651 3669 lux
1675 3613 1787 3670 divinae

45 3702 199 3772 inpiorum
224 3701 314 3772 gloria
337 3707 459 3756 aeterua.
493 3700 610 3758 Veteres
636 3701 758 3768 addunt,
779 3702 854 3774 quod
878 3719 926 3758 sax
952 3701 1106 3771 majestatis
1125 3706 1155 3755 et
1171 3700 1278 3773 glorias
1296 3701 1325 3756 in
1350 3707 1473 3756 assumta
1496 3717 1580 3756 cerne
1606 3706 1636 3755 ιι
1660 3716 1710 3770 per
1727 3717 1787 3756 eam

91 3787 151 3843 dies
169 3788 324 3844 intermedii
341 3789 489 3861 designent
500 3806 548 3845 sex
564 3789 653 3844 millia
666 3806 809 3858 annorum,
824 3789 926 3862 quibus
951 3787 1044 3842 radios
1066 3805 1132 3842 suos
1153 3789 1271 3843 emeruit
1295 3804 1330 3844 ιι
1353 3805 1404 3858 per
1426 3788 1488 3858 ipsa
1514 3787 1598 3842 etiam
1624 3789 1788 3842 vestimenta

91 3873 137 3929 bic
156 3875 276 3930 mundus
296 3875 420 3940 durabit,
446 3875 505 3930 dies
529 3875 647 3945 septima
673 3875 727 3930 erit
751 3876 810 3932 dies
826 3875 926 3947 judicii
952 3873 1132 3944 resplenduit,
1142 3873 1381 3944 quiasestimeata
1390 3875 1453 3944 ejas
1463 3875 1788 3944 tamamatmttpomn,

91 3968 121 4015 ιι
138 3961 291 4032 auspicium
310 3962 385 4017 vitae
403 3967 539 4017 aeternae.
560 3961 587 4029 2)
603 3962 699 4015 Testor
711 3969 736 4015 et
746 3970 925 4033 spectatores.
952 3960 1133 4030 splendentia
1152 3978 1187 4015 ac
1204 3962 1371 4031 rutilantia,
1395 3961 1524 4016 eandida
1541 3960 1625 4014 nimis
1640 3960 1714 4014 ιιιιιι
1731 3960 1787 4025 aie,

92 4047 218 4102 Assumit
234 4046 361 4108 Christus
379 4064 412 4101 ex
430 4047 558 4103 omnibus
576 4047 720 4118 discipulis
740 4048 862 4117 Petrum,
878 4049 927 4104 Js-
953 4046 1065 4115 qudem
1092 4049 1244 4103 emdorem
1270 4064 1305 4102 ue
1331 4047 1451 4102 adorem
1479 4046 1574 4101 nullus
1601 4046 1677 4108 nato
1703 4062 1788 4114 cuper

92 4132 192 4188 cubum
210 4140 239 4189 ct
249 4133 416 4200 iohannem,
436 4151 491 4189 non
512 4135 586 4204 quod
606 4134 705 4206 reliqui
725 4152 743 4190 a
760 4153 809 4206 spe
823 4137 927 4209 gloriae
953 4141 1061 4187 terram
1079 4134 1216 4204 potuisset
1233 4133 1295 4189 allis
1308 4131 1553 4191 ιἰιὼιιιιιίιιιιι.
1565 4138 1604 4198 lt,
1621 4149 1648 4187 v.
1659 4137 1683 4187 2.
1701 4130 1787 4186 Μιιι.

92 4218 218 4275 ιοιΙιιιίι
249 4219 278 4273 in
308 4218 551 4290 transfiguratione
582 4222 775 4292 proponendae
806 4223 927 4278 debeant
953 4223 979 4288 9,
1008 4236 1034 4273 v.
1061 4223 1084 4277 3.
1110 4220 1224 4275 cutiae
1245 4221 1347 4288 saeuis
1374 4220 1434 4284 fait
1460 4214 1556 4280 λευκὸς
1582 4212 1788 4291 ἐξαστράπτων,

93 4320 153 4360 ιιιι
172 4303 289 4373 exclusi,
313 4305 364 4359 sed
384 4304 460 4375 quod
477 4304 506 4360 hi
526 4312 582 4361 tres
600 4307 693 4363 idonei
712 4313 741 4361 et
758 4307 926 4363 sufficientes
947 4306 1072 4376 sulpura
1089 4307 1174 4376 quasi
1196 4307 1321 4360 emittem
1344 4304 1414 4360 Luc.
1432 4311 1458 4369 9,
1475 4321 1501 4359 r.
1521 4309 1563 4359 29.
1589 4303 1679 4373 quebs
1702 4302 1787 4357 facies

92 4396 175 4447 testes
193 4390 299 4462 gloriae
316 4391 419 4447 Christi
437 4409 456 4446 ι
474 4409 504 4448 ιι
524 4397 689 4462 conspectae
706 4408 766 4447 esse
790 4398 926 4464 poterant.
953 4410 987 4448 ιι
1005 4392 1090 4447 vestis
1107 4391 1239 4448 tribuitur
1255 4391 1362 4462 angelis
1374 4388 1613 4445 inreaurrectione
1625 4387 1729 4443 Christi
1739 4405 1788 4459 ap·
1801 4397 1846 4440 xx,
1858 4397 1904 4440 ιιι

92 4481 118 4533 2.
135 4476 211 4533 Petr.
233 4483 256 4546 1,
273 4495 299 4534 r.
321 4483 360 4533 13.
378 4477 481 4532 fuimus
499 4474 623 4534 ἐπόπται
641 4482 689 4547 τῆς
712 4480 821 4534 ἐκείνου
838 4498 927 4555 prye-
953 4478 1124 4549 parentibus,
1142 4477 1190 4548 qni
1210 4493 1243 4532 ex
1262 4477 1376 4548 regium
1388 4473 1691 4530 luciscoelestisinhae
1700 4481 1788 4530 terras

92 4562 239 4633 λειότητος.
259 4563 378 4619 Eosdem
396 4564 480 4620 etiam
493 4581 559 4619 suae
572 4565 601 4619 in
615 4564 693 4619 horto
707 4562 832 4636 ἀγωνίας
842 4571 927 4620 ιιιιιι
953 4570 1085 4620 venerant
1108 4561 1209 4618 Matth.
1235 4567 1277 4628 28,
1304 4579 1330 4616 r.
1350 4567 1374 4618 ι.
1393 4560 1480 4615 Μιιι.
1501 4565 1541 4626 16,
1564 4577 1591 4616 ι.
1611 4565 1635 4618 5.
1659 4559 1728 4615 Luc.
1747 4565 1789 4626 24,

92 4656 120 4706 ιι
138 4655 306 4720 spectatores
327 4668 387 4706 esse
404 4650 492 4706 voluit
507 4651 608 4707 Matth.
628 4656 670 4718 28,
687 4666 713 4704 r.
726 4655 768 4708 et.
787 4650 871 4705 Marc.
885 4656 926 4717 14,
953 4667 978 4705 r.
995 4654 1019 4705 3.
1034 4647 1090 4703 Hic
1129 4647 1248 4703 vestium
1266 4646 1371 4702 candor
1389 4646 1425 4702 ab
1444 4646 1506 4717 ipsa
1525 4647 1647 4716 corporis
1664 4645 1791 4701 claritate

91 4752 116 4790 v.
135 4741 177 4793 33.
214 4735 243 4792 Si
264 4742 292 4791 et
311 4755 362 4792 nos
380 4738 507 4808 cupimus
524 4736 677 4808 aliquando
695 4752 759 4791 cum
774 4735 884 4793 Christo
898 4737 926 4791 in
954 4734 1086 4806 originem
1105 4733 1232 4799 ducebat,
1248 4734 1365 4806 perinde
1375 4739 1409 4788 nt
1427 4733 1467 4790 sol
1485 4748 1535 4804 par
1546 4731 1681 4788 ιιιιιιιιι
1695 4733 1788 4788 lumen

90 4838 178 4893 regno
194 4823 307 4878 coelesti
324 4821 481 4894 glorificari,
501 4824 587 4879 simus
605 4822 700 4878 fideles
712 4823 773 4893 ejus
791 4823 928 4894 discipuli,
952 4821 1076 4876 infundit
1096 4837 1130 4876 ac
1147 4821 1222 4892 iguis
1240 4838 1292 4893 per
1310 4821 1471 4890 crystallum
1484 4820 1575 4875 lucem
1589 4819 1702 4890 trajicit.
1720 4819 1787 4890 Spe·

91 4925 241 4980 sequamur
268 4910 373 4979 ipsum,
402 4909 515 4979 quando
544 4927 596 4964 nos
625 4909 661 4963 ad
689 4909 779 4963 locum
805 4908 929 4982 ἀγωνίας
954 4908 1048 4963 culum
1066 4907 1112 4962 bic
1129 4908 1255 4963 ridemus
1278 4907 1412 4963 claritatis
1435 4907 1463 4961 in
1488 4905 1547 4960 vita
1568 4905 1681 4961 coelesti
1707 4905 1788 4962 nobis

91 5012 186 5051 secum
206 4996 328 5057 deducit,
346 4995 475 5051 tollamus
493 5011 603 5051 crucem
622 5002 753 5064 nostram,
777 5012 827 5067 per
844 5012 927 5066 quam
953 4994 1019 5050 olim
1045 4993 1248 5065 exspectandae
1270 4993 1342 5049 Dan.
1361 4999 1402 5060 12,
1424 5009 1451 5052 r.
1468 4996 1493 5048 3.
1511 4990 1611 5047 Matth.
1635 4997 1674 5057 13,
1698 5008 1724 5049 r.
1744 4996 1786 5048 43.

92 5081 206 5152 imagini
232 5082 293 5150 ejus
313 5081 519 5137 conformamur
550 5079 628 5139 Rom.
650 5087 675 5147 8,
699 5101 726 5140 r.
745 5088 784 5139 29.
811 5083 839 5136 ri
856 5101 926 5138 eom·
953 5081 1024 5136 Phil.
1049 5085 1073 5148 3,
1097 5096 1125 5135 r.
1150 5084 1191 5135 21.
1215 5080 1303 5151 Apoc.
1326 5084 1367 5148 19,
1392 5097 1419 5136 ι.
1434 5084 1458 5136 8.
1480 5083 1533 5135 ιιι.
1569 5076 1703 5132 Dumuati
1725 5095 1788 5149 pro·

87 5169 230 5236 petimur,
259 5169 345 5222 etiam
371 5167 602 5236 coarepnabimns
632 5173 655 5224 2
683 5166 756 5223 Tim.
782 5174 806 5233 2,
834 5185 859 5222 v.
885 5174 926 5225 12.
950 5167 1082 5238 jicientur
1098 5167 1128 5220 is
1147 5165 1277 5220 tenebor
1293 5166 1445 5221 interiores
1465 5163 1565 5219 Mettb.
1586 5168 1610 5234 8,
1634 5164 1787 5222 v.12.sed

91 5259 296 5324 repraesentas
314 5257 345 5309 ἐν
369 5258 468 5322 θλίψει
486 5252 612 5323 sequitur
635 5260 821 5323 myrsineum
841 5257 871 5310 tv
893 5257 927 5330 τῇ
953 5253 1028 5309 beati
1054 5251 1198 5307 habebunt
1214 5260 1326 5322 portem
1351 5251 1436 5306 sortis
1459 5257 1622 5305 saamorrsm
1637 5250 1669 5303 in
1685 5249 1789 5303 lumine

90 5342 217 5409 βασιλείᾳ
236 5340 324 5408 Apoc.
343 5345 366 5405 1,
384 5356 410 5393 v.
431 5344 456 5395 9.
481 5339 582 5392 Petras
604 5337 744 5410 significat
761 5355 874 5394 ιιιιιιιι
894 5357 928 5395 ιι
955 5339 1014 5396 Col.
1039 5344 1162 5403 l,r.1t.
1186 5338 1321 5393 videbunt
1346 5338 1420 5394 enim
1443 5336 1550 5404 ὓιιιιι,
1576 5335 1625 5407 qui
1649 5336 1788 5390 inhabitat

90 5421 204 5492 fortem,
231 5425 323 5496 qusalis
353 5429 396 5480 est
420 5430 513 5495 petra,
542 5422 613 5480 tales
640 5424 725 5479 simm
760 5441 816 5492 per
856 5425 929 5490 fidei
954 5428 1044 5481 iucem
1064 5425 1283 5480 inocemsibilem
1299 5423 1402 5481 t'lim.
1412 5428 1439 5490 8,
1448 5440 1473 5478 r.
1485 5429 1527 5480 tt.
1548 5418 1614 5477 inda
1629 5420 1788 5477 eximialux

142 5519 246 5563 sensu
257 5520 307 5565 ιι.
330 5519 368 5564 m
1545 5512 1582 5569 ιι
