4012 6022
243 211 300 269 162
870 199 1099 260 amorreus
1116 199 1280 260 TERTIUS

238 373 340 410 noram
363 363 470 410 terram
494 362 685 425 exspectamus
710 358 861 410 scandam
886 358 977 427 ipsias
1003 376 1072 429 pro-
1100 359 1148 414 sed
1167 357 1250 412 etiam
1268 371 1319 426 pro
1336 356 1391 411 alio
1408 356 1606 411 acsecundum
1619 345 1768 412 mendam
1778 369 1858 411 uere.
1884 353 1928 411 ss

240 444 407 508 missionem,
425 442 685 511 inquitatatem
698 444 819 510 justitia.
842 443 931 514 Apoc.
947 450 988 514 21,
1003 464 1028 499 ν.
1044 451 1071 500 1:
1099 443 1180 500 ἀσκοὶ
1203 447 1297 497 καινοί
1320 442 1451 497 dicuutur
1474 448 1599 498 recentes
1630 460 1648 498 a
1672 441 1814 499 veteribus
1840 441 1929 513 quoad

244 529 314 584 Vidi
332 529 441 583 coelem
454 546 552 581 novam
574 537 600 580 et
618 536 725 582 terram
739 547 847 596 novom,
856 531 981 599 primam
1000 531 1072 584 enim
1099 529 1246 585 essentiam
1263 529 1364 583 diversi
1376 528 1474 584 Matth.
1490 536 1515 597 9,
1532 548 1558 586 v.
1577 535 1618 586 l'l.
1635 546 1724 584 novoe
1738 529 1855 599 linguae
1869 534 1930 584 suat

240 617 348 670 coelem
369 623 396 668 et
410 616 506 684 prima
527 622 605 669 terra
626 615 696 668 abiit
716 623 743 667 et
762 632 839 669 mare
850 617 916 683 jam
940 634 995 670 aaa
1013 616 1171 705 ara-laliae
1194 614 1307 686 linguae
1330 615 1414 670 Marc.
1436 620 1476 680 16,
1495 634 1522 670 v.
1545 621 1584 671 17.
1610 632 1683 670 aava
1708 615 1794 669 eutis
1819 619 1863 670 est
1879 613 1930 668 alia

236 702 317 770 plius
335 710 380 755 ast.
402 719 427 757 v.
448 708 471 755 5.
499 701 591 765 Desit,
613 701 663 769 qai
681 701 796 753 sedebat
814 701 844 754 io
862 703 977 756 throno:
998 703 1072 755 Ecce
1099 717 1132 754 ac
1149 716 1246 755 reeens
1265 701 1334 756 Luc.
1355 708 1380 769 5,
1397 719 1422 756 v.
1444 706 1486 757 36,
1505 706 1557 755 etc.
1585 699 1690 756 Eodem
1702 699 1930 771 modeaccipitur

239 806 310 841 noea
328 787 408 850 facio
426 787 529 840 omnio.
562 785 688 840 Observa
715 788 740 852 l)
762 786 854 840 vecari
878 788 968 843 coelos
989 805 1073 841 novos
1098 786 1184 842 Hebr.
1211 777 1281 860 &7¹¹3
1301 803 1355 840 non
1379 787 1468 841 solurn
1491 803 1542 856 pro
1561 789 1693 841 tenente
1712 784 1762 840 sed
1781 785 1866 842 etiam
1882 802 1930 856 pro

240 890 274 927 ac
305 880 405 927 terram
433 890 549 941 norem,
581 889 636 926 nou
668 871 827 926 immutatos
855 889 888 926 ac
920 879 1072 927 renovatos.
1099 872 1160 926 alio.
1187 871 1340 930 SieExod.
1362 878 1427 939 l,v.
1449 872 1696 928 &Sarrastras
1721 889 1819 940 novas,
1844 871 1930 927 idest

239 962 265 1025 2)
286 958 404 1013 Eosdem
422 957 477 1012 dici
494 960 642 1012 oreaadm.
667 957 800 1023 Quamvis
812 974 877 1012 vero
889 976 942 1015 vex
960 958 1072 1014 creandi
1084 918 1087 999 i
1098 957 1177 1026 alius,
1197 957 1280 1014 1an
1290 958 1455 1028 interpretes
1473 959 1577 1033 ἕτερος,
1595 958 1678 1013 alter.
1698 957 1782 1013 Deut
1803 962 1845 1027 24,
1863 976 1889 1014 s.
1902 964 1930 1014 t:

239 1045 407 1116 respondens
427 1043 555 1100 Hebraeo
576 1044 642 1119 &Tel
663 1044 831 1116 quandoque
857 1049 1005 1114 usurpetur
1023 1010 1087 1139 pro]
1102 1043 1170 1097 Cam
1187 1046 1328 1113 acceperit
1344 1043 1389 1096 eir
1405 1061 1520 1099 acorem
1538 1061 1647 1112 sweam,
1664 1043 1750 1098 idest
1767 1043 1852 1098 aliam
1869 1046 1930 1114 pest
1942 1056 1998 1100 xus

239 1130 403 1185 formatione
423 1131 463 1185 rei
484 1148 517 1185 ex
535 1131 713 1199 praejacente
726 1130 922 1187 materiaGen.
946 1135 967 1194 l,
987 1148 1013 1183 v.
1031 1130 1197 1221 ttiprioris
1228 1129 1374 1201 repudium
1408 1129 1452 1186 vel
1486 1136 1615 1198 mortem,
1646 1128 1730 1184 Lxx
1767 1130 1931 1202 interpretes

240 1221 267 1269 et
285 1221 325 1270 tl.
346 1233 379 1269 ac
397 1232 448 1285 pro
467 1214 645 1270 renovatione
671 1215 728 1269 sive
749 1233 881 1271 novarum
907 1215 1276 1290 qualitatumurpoorpoirnc,
1296 1233 1392 1286 nuper.

239 1301 441 1356 introductione
458 1301 558 1356 Psalm.
577 1308 618 1363 51,
639 1320 666 1355 v.
690 1309 729 1357 12.
744 1309 836 1357 tamen
854 1302 943 1373 prima
961 1319 994 1356 ac
1010 1318 1072 1371 pro·
1133 1310 1174 1358 45.
1210 1308 1233 1356 2.
1264 1301 1305 1355 Ex
1329 1300 1495 1369 rationibus,
1528 1308 1549 1359 1.
1584 1303 1620 1356 ab
1656 1300 1998 1372 tempestuosius

238 1389 300 1458 pria
330 1387 531 1459 significatione
563 1394 712 1459 usurpatur
741 1406 792 1459 pro
825 1390 942 1460 alicujus
973 1388 1012 1443 rei
1039 1405 1072 1441 ex
1099 1389 1268 1442 conditione.
1294 1385 1442 1460 ἇφθαρσία
1456 1391 1503 1442 καὶ
1518 1385 1661 1445 ἀθανασία
1670 1396 1713 1443 est
1726 1405 1792 1458 pars
1805 1366 1998 1460 magnetii

239 1474 324 1528 nihilo
356 1473 536 1545 productione
559 1473 628 1529 Gen.
659 1480 685 1542 1,
712 1494 737 1531 v.
767 1482 788 1530 1.
829 1476 994 1546 Agnoscunt
1018 1473 1072 1528 hoc
1099 1475 1224 1537 divinae,
1250 1472 1390 1543 adquam
1417 1473 1477 1526 sela
1498 1478 1627 1528 creatura
1651 1473 1796 1530 rationalis
1813 1472 1998 1561 coadstaffi

240 1561 351 1630 ipsimet
379 1560 497 1615 rabbini.
532 1560 578 1614 Sic
601 1560 673 1614 enim
696 1560 793 1615 scribit
816 1560 951 1615 rabbinus
980 1560 1072 1614 David
1098 1577 1153 1615 non
1171 1557 1555 1615 autemcreaturaullaalia.
1585 1558 1650 1630 Sap.
1666 1564 1691 1629 2,
1703 1578 1730 1614 v.
1747 1564 1795 1618 2³:
1820 1558 1998 1615 Ονωνίιοιοοι

237 1646 350 1698 Kimchi
363 1646 446 1700 inlib.
459 1644 516 1700 rad.
527 1636 749 1721 ''1:335ngth
761 1647 938 1720 ursmarus,
950 1631 1072 1720 Ἰἡΰξῦἒ
1099 1649 1178 1699 Deus
1196 1646 1332 1699 hominem
1350 1648 1398 1699 ἐπὶ
1419 1641 1566 1719 ἀφθαρσίᾳ
1591 1654 1618 1699 et
1636 1647 1677 1699 od
1694 1646 1846 1714 imaginem
1862 1661 1934 1713 pro·

239 1716 299 1807 dij}
330 1732 405 1803 tlte
437 1720 552 1807 inttXQ,
590 1734 678 1786 omnis
713 1713 883 1800 significatio
922 1713 1072 1788 creationis
1096 1733 1180 1801 price
1199 1731 1397 1785 similitudinis
1414 1732 1484 1795 fecit
1503 1747 1573 1799 eam,
1593 1748 1648 1801 quo
1666 1730 1769 1786 dicitur
1788 1731 1852 1786 ideo
1869 1746 1934 1785 eon·

238 1826 277 1871 ast
302 1819 444 1871 innovatio
469 1819 514 1871 rei
537 1827 562 1871 et
584 1820 705 1887 egressio
728 1820 788 1888 ejas
812 1821 848 1873 oh
866 1837 906 1889 eo,
924 1823 1002 1889 qnod
1017 1837 1072 1872 non
1084 1838 1086 1900 p
1099 1818 1173 1872 ditus
1194 1817 1245 1870 fuit
1265 1815 1346 1871 homo
1366 1815 1402 1869 ad
1416 1814 1712 1886 incorruptibilitatem,
1727 1816 1794 1888 quia
1809 1815 1845 1871 ad
1865 1815 1934 1869 iura·

238 1913 286 1974 est,
306 1908 347 1959 ad
361 1905 402 1970 id,
415 1907 492 1972 quod
509 1914 559 1973 est,
577 1912 605 1959 et
619 1905 753 1960 rabbinus
766 1906 878 1975 Moyses
894 1905 1067 1961 Nachmanni
1098 1903 1190 1973 ginem
1215 1902 1269 1957 Dei
1294 1902 1348 1956 suit
1372 1901 1508 1956 conditus.
1532 1902 1597 1957 dam
1623 1920 1688 1957 vero
1709 1903 1787 1958 nulla
1806 1908 1935 1957 creatura

237 1991 266 2043 in
290 2007 313 2046 ο.
343 1996 362 2045 t.
387 1989 456 2045 Gen.
483 1990 591 2045 scribit:
624 1979 718 2064 τύψῃ
749 1977 845 2066 riute,
881 1976 991 2066 πήξῃ
1021 1966 1153 2068 ’,Ἒξοίἰο
1177 1995 1286 2059 praeter
1309 1987 1421 2059 angelos
1448 1992 1475 2041 et
1503 1988 1626 2043 hemines
1651 1994 1694 2043 est
1719 1989 1756 2045 ad
1781 1989 1934 2060 imaginem

237 2078 303 2150 &7³
319 2060 392 2149 rite}
411 2061 489 2150 rubr}
505 2080 581 2149 ’,πῂ-,ι
595 2081 631 2143 172,
643 2067 710 2149 alja
728 2069 885 2151 matina,
906 2096 962 2130 non
983 2086 1071 2132 castet
1083 2074 1085 2111 ³
1097 2075 1151 2130 Dei
1171 2074 1289 2129 condita.
1318 2075 1391 2145 Ergo
1415 2076 1499 2129 etiam
1519 2075 1596 2131 nulla
1615 2081 1742 2132 creatura
1765 2082 1808 2131 est
1832 2074 1870 2130 ad
1892 2075 1934 2130 in·

237 2165 319 2230 opud
337 2181 389 2216 nos
406 2164 436 2216 ἑο
454 2162 552 2230 liapeo
572 2170 687 2231 sarecto,
712 2182 766 2232 qao
788 2163 1004 2233 productionem
1028 2161 1355 2255 reijcorruptibilitatcm
1368 2161 1489 2215 condita.
1516 2161 1666 2217 creaturae
1683 2161 1823 2216 animatae
1848 2161 1935 2232 louge

241 2249 402 2316 cujuspiam
419 2264 452 2300 ee
469 2247 559 2301 nihilo
579 2250 781 2320 reprimamus,
798 2250 855 2302 nisi
871 2266 970 2303 nemen
991 2252 1161 2327 bero.lsunt
1187 2246 1334 2302 nobiliores
1362 2246 1533 2315 inanimatis,
1560 2248 1784 2303 unde'muscam
1811 2248 1871 2302 acle
1904 2247 1934 2301 in

237 2332 267 2388 Si
286 2332 377 2386 coelos
397 2349 482 2386 nosos
500 2350 593 2388 creare
618 2333 690 2388 idern
708 2339 780 2388 esset
804 2335 879 2405 quod
901 2334 1005 2405 priores
1030 2334 1192 2397 re-lordine
1212 2333 1316 2389 entium
1342 2333 1503 2389 nobiliorem
1527 2351 1588 2387 esse
1613 2333 1770 2404 philesophi
1794 2339 1934 2389 manna

235 2436 347 2487 novam,
363 2422 430 2471 tunc
451 2418 505 2472 dici
523 2420 606 2474 etiam
624 2426 726 2489 posset,
756 2423 848 2474 Deera
870 2423 899 2474 ia
921 2423 1069 2474 sconsimo
1082 2406 1085 2466 f
1098 2419 1185 2492 Atqui
1205 2419 1282 2473 nulla
1298 2425 1425 2473 ereatura
1443 2435 1576 2490 corporea
1592 2420 1723 2487 animata,
1741 2418 1801 2474 solo
1818 2417 1934 2473 homine

237 2504 284 2557 die
314 2521 400 2558 socos
424 2505 548 2557 homines
571 2513 745 2569 creaturam,
772 2506 838 2577 quia
861 2523 976 2578 corpora
996 2510 1230 2580 resa-lercepte,
1261 2505 1297 2560 ad
1327 2505 1562 2561 immortalitatem
1586 2512 1614 2561 et
1640 2503 1934 2577 incorruptibilitatem

237 2590 399 2643 scitatorum
417 2592 494 2644 novis
513 2590 692 2661 qualitatibus
716 2592 821 2648 induet.
861 2592 916 2648 Sed
936 2590 1222 2663 posterius²condita,
1253 2607 1305 2646 nec
1327 2597 1473 2662 resurgent
1502 2599 1646 2648 creaturae
1663 2592 1807 2647 animatae
1832 2590 1863 2646 iu
1888 2591 1935 2646 die

238 2675 292 2728 dici
313 2675 416 2747 nequit,
441 2676 508 2747 quia
532 2677 609 2731 Deus
634 2696 690 2732 non
709 2679 815 2734 creabit
832 2679 957 2734 homines
977 2697 1070 2745 novos,
1083 2688 1085 2737 f
1096 2677 1252 2743 novissimo,
1271 2676 1319 2732 sed
1338 2682 1366 2732 et
1381 2677 1525 2731 individua
1539 2683 1567 2732 et
1584 2677 1689 2748 species
1705 2694 1800 2733 aarum
1818 2677 1848 2732 in
1866 2693 1933 2732 eon-

239 2762 287 2816 sed
305 2761 381 2832 prius
407 2768 529 2816 mortuos
542 2769 570 2817 et
585 2765 734 2818 exstinctos
751 2765 936 2819 resuscitabit.
967 2769 992 2833 3)
1011 2763 1280 2836 Pri-,summatione
1300 2763 1385 2817 seculi
1405 2762 1598 2820 abolebuntur.
1631 2763 1705 2835 Ergo
1725 2780 1776 2819 nee
1795 2762 1934 2818 inanimes

238 2866 315 2903 orum
334 2847 472 2903 coelorum
499 2850 602 2903 nullam
627 2851 746 2921 amplius
767 2851 827 2905 fore
845 2851 1070 2907 recordationem.
1083 2860 1085 2877 ¹
1096 2854 1247 2917 creaturae,
1264 2849 1379 2916 coelunr,
1397 2848 1445 2916 sol,
1471 2849 1537 2903 luna
1557 2855 1585 2903 et
1602 2849 1698 2903 stellae
1716 2855 1768 2904 etc.
1789 2852 1872 2904 erum
1892 2848 1935 2903 in·

238 2935 276 2987 At
295 2934 317 2986 si
336 2934 441 3002 priores
462 2933 523 2988 κατ’
551 2935 650 2990 οὐσίαν
674 2942 824 3001 manerent,
849 2937 936 2992 oculis
963 2937 1070 2991 intuen-
1098 2934 1297 3004 corruptibiles.
1324 2934 1499 3003 Augustinus
1523 2933 1569 2989 lib.
1598 2940 1638 2990 tl.
1662 2934 1697 2990 de
1716 2934 1767 2990 cia.
1786 2934 1841 2990 Dei
1860 2950 1887 2994 ο.
1910 2941 1936 2991 8.

239 3020 307 3073 tium
327 3027 462 3090 perpetuo
481 3020 701 3086 obversarentur,
713 3027 821 3076 tantum
834 3021 921 3088 abest,
934 3031 965 3076 ut
983 3023 1071 3076 omnis
1083 3038 1129 3101 lex
1153 3021 1228 3076 libris
1255 3020 1387 3074 Varronis
1413 3019 1506 3090 refert,
1533 3021 1643 3074 stellam
1671 3021 1785 3075 Veneres
1809 3028 1935 3075 naam

239 3121 332 3161 eorum
351 3106 481 3161 memoria
497 3105 607 3176 penitus
626 3107 699 3161 foret
715 3108 814 3162 deleta.
839 3108 866 3175 l)
887 3108 1071 3178 singulariter
1084 3132 1086 3167 ι
1098 3106 1326 3173 πιαρπίειιάίνιεπι,
1351 3124 1463 3159 warum
1490 3114 1515 3160 et
1535 3108 1663 3176 figuram,
1684 3109 1769 3176 idque
1791 3107 1935 3161 ordume

241 3197 307 3245 nota
326 3190 522 3246 connexionem
539 3193 600 3245 vidi
614 3193 719 3246 coelam
737 3211 837 3247 novem
854 3201 879 3247 et
896 3201 1000 3247 terram
1023 3213 1069 3246 no·
1084 3179 1218 3261 fremporo
1236 3193 1312 3259 repre
1328 3192 1441 3260 Opppis,
1460 3209 1493 3246 ae
1512 3199 1607 3247 notum
1628 3200 1678 3258 est,
1697 3200 1807 3264 patrum
1823 3199 1934 3248 nostro·

238 3295 309 3341 ram,
332 3278 455 3346 primm
481 3278 553 3331 enim
579 3278 685 3332 coelam
712 3288 737 3333 ct
761 3280 860 3347 prima
889 3288 967 3333 terra
993 3239 1158 3332 sllicitum
1183 3277 1322 3345 memoria,
1351 3293 1423 3331 anno
1442 3277 1547 3332 seilicet
1572 3276 1673 3333 Christi
1693 3295 1777 3349 supra
1803 3283 1879 3335 reta.
1904 3279 1934 3334 iu

237 3362 310 3426 Quia
329 3362 449 3432 primum
469 3363 576 3418 coelum
594 3371 622 3419 st
646 3365 735 3434 prima
759 3370 832 3419 terra
854 3364 989 3433 abierunt,
1010 3365 1071 3420 ideo
1083 3336 1086 3457 ἒ
1097 3365 1177 3433 signo
1197 3362 1362 3434 Cassiopeae
1380 3380 1481 3417 novam
1493 3362 1602 3417 stellam
1620 3365 1790 3434 apparuisse,
1804 3379 1838 3420 aa
1856 3371 1934 3436 post·

237 3465 321 3503 novos
342 3448 432 3503 coelos
452 3466 485 3504 ac
504 3467 602 3505 novam
623 3457 725 3505 terram
744 3451 820 3505 Deus
839 3451 949 3505 creabit.
983 3453 1071 3522 Atqui
1083 3466 1085 3489 ¹
1098 3467 1180 3520 quam
1193 3449 1310 3519 fereper
1320 3449 1462 3503 biennium
1474 3449 1533 3503 viee
1544 3450 1643 3520 fuerat,
1658 3450 1757 3505 iterum
1773 3450 1933 3521 armabas,

237 3534 260 3587 si
280 3533 342 3588 κατ’
363 3534 461 3590 οὐσίαν
481 3537 600 3606 primurn
616 3537 723 3592 coelum
736 3555 769 3591 ac
782 3537 870 3608 prima
888 3543 962 3592 terra
980 3555 1069 3593 mane-
1098 3538 1132 3590 de
1159 3553 1215 3606 qua
1244 3536 1309 3590 licet
1347 3535 1454 3589 diversa
1481 3542 1588 3590 exstent
1615 3537 1874 3592 mathematicorum
1906 3547 1935 3595 et

237 3624 306 3686 rent,
326 3634 377 3674 nec
392 3620 501 3690 abiisse,
517 3639 568 3676 nec
588 3623 618 3677 in
637 3623 745 3677 illorum
765 3624 856 3677 locum
873 3624 936 3679 novi
955 3624 1023 3680 coeli
1039 3641 1071 3678 ac
1098 3628 1316 3676 astronomorum
1339 3621 1456 3689 judicia,
1480 3630 1573 3676 tamen
1598 3623 1626 3676 in
1651 3622 1711 3693 ipso
1735 3623 1846 3679 aethere
1870 3641 1934 3681 eam

237 3721 310 3759 nova
324 3712 397 3759 terra
410 3709 573 3762 successisse
590 3708 753 3765 dicerentur.
780 3710 806 3777 5)
826 3710 869 3765 Nc
884 3708 986 3780 quisrb
998 3731 1071 3780 παρ·
1083 3728 1086 3779 ,
1098 3707 1181 3761 situm
1199 3705 1328 3761 habuisse
1346 3722 1379 3760 ac
1397 3721 1490 3760 veram
1516 3708 1632 3775 stellam,
1652 3724 1708 3762 non
1728 3715 1820 3764 autem
1839 3726 1933 3766 corne-

239 3794 379 3867 ἔρχεσθαι,
405 3793 492 3859 abire,
519 3793 553 3848 de
580 3795 743 3864 qualitatum
768 3796 903 3850 duntaxat
926 3792 1072 3852 ἀλλοιώσει
1098 3794 1197 3848 tamin
1215 3795 1278 3848 aere
1295 3809 1442 3848 accensum
1458 3793 1551 3862 tuisse,
1569 3793 1711 3864 colligitur
1734 3811 1767 3849 ex
1793 3811 1835 3862 eo,
1855 3798 1933 3868 qued

238 3877 385 3946 acciperet,
405 3877 466 3931 ideo
481 3878 605 3932 additum
625 3888 675 3950 est,
693 3887 738 3935 καὶ
757 3878 914 3949 irritares
928 3880 979 3937 οὐκ
997 3886 1072 3938 ἔστιν
1097 3885 1230 3945 cometae,
1250 3880 1344 3951 quiin
1362 3879 1521 3934 elementari
1535 3880 1649 3950 regione
1663 3880 1862 3951 accenduntur,
1876 3900 1934 3937 non

239 3966 287 4030 tu,
308 3971 334 4016 et
354 3980 431 4016 erare
443 3965 509 4032 jam
529 3983 585 4019 nore
605 3967 727 4035 aerplies
744 3975 792 4020 est.
820 3965 898 4022 Sicut
915 3986 990 4023 mare
1006 3968 1071 4024 inde
1098 3965 1201 4038 ubique
1218 3965 1336 4020 eundern
1353 3965 1524 4020 intuentibus
1543 3964 1673 4020 exhibent
1690 3964 1861 4036 adspectum,
1882 3969 1933 4024 aad

237 4055 321 4121 atque
337 4049 399 4104 ideo
417 4050 519 4104 dicitur
537 4050 647 4115 abiisse,
663 4053 730 4123 quia
750 4069 805 4107 non
829 4053 949 4124 amplius
972 4059 1021 4122 est,
1042 4054 1071 4107 id
1083 4014 1086 4073 Ι
1098 4052 1133 4106 ob
1153 4050 1390 4122 propinquitatem
1414 4068 1555 4122 nunquam
1583 4052 1679 4107 eodem
1705 4052 1734 4106 in
1757 4051 1818 4109 loco
1835 4055 1933 4110 obser·

238 4143 279 4191 est
297 4134 364 4206 quia
382 4151 441 4190 esse
460 4135 557 4205 desiit;
576 4137 616 4191 ita
628 4155 738 4209 quoque
756 4138 863 4193 coelum
875 4147 904 4194 et
920 4146 994 4195 terra
1008 4141 1071 4195 inde
1083 4096 1085 4185 i
1098 4144 1205 4206 vantur,
1224 4137 1247 4190 si
1266 4136 1301 4190 ad
1320 4137 1414 4192 stellas
1432 4137 1502 4192 fixas
1525 4137 1638 4192 collatio
1661 4136 1719 4206 fiat,
1745 4138 1812 4210 quin
1829 4146 1859 4194 et
1876 4145 1932 4195 tar-

237 4228 321 4293 atque
340 4221 403 4276 ideo
425 4221 556 4276 dicuntur
576 4224 686 4293 abiisse,
704 4224 770 4296 quia
788 4242 843 4279 nou
861 4226 980 4296 amplius
999 4233 1071 4296 sunt,
1098 4224 1160 4278 dius
1189 4240 1273 4294 quarn
1299 4223 1391 4278 sidera
1420 4231 1575 4288 moventur,
1608 4240 1724 4295 quorum
1750 4230 1880 4280 neutmn
1904 4227 1933 4282 iu

237 4308 267 4361 id
291 4315 333 4363 cst
356 4308 422 4379 quia
446 4326 505 4364 esse
532 4309 680 4378 desierunt,
707 4310 782 4381 qued
807 4329 861 4366 non
879 4317 972 4382 potest
992 4311 1073 4368 aliter
1098 4326 1171 4366 nova
1184 4309 1506 4365 illastellaobserratum
1518 4309 1579 4365 fuit.
1608 4309 1792 4380 Ereoigitur
1805 4318 1934 4382 apparet,

238 4395 373 4466 quamde
392 4395 530 4449 essentiali
549 4396 663 4450 interitu
680 4397 779 4467 accipi.
815 4398 955 4454 Counexio
973 4350 1086 4469 proba·l
1100 4413 1134 4450 ue
1160 4395 1221 4465 ipsa
1242 4394 1352 4466 quidem
1371 4413 1488 4466 corpora
1513 4396 1644 4451 eoelestia
1660 4413 1678 4450 a
1696 4397 1935 4453 bausmutatieni·

237 4486 291 4548 tur,
310 4481 375 4550 quia
395 4480 493 4535 harum
512 4483 633 4538 universi
651 4483 772 4554 partium
792 4491 834 4539 est
851 4483 975 4556 aequalis
993 4485 1073 4539 ratio.
1100 4483 1151 4537 bus
1176 4498 1234 4537 esse
1257 4482 1367 4552 penitus
1385 4483 1481 4538 libera.
1508 4483 1610 4538 Confer
1628 4499 1670 4554 ea,
1695 4482 1828 4553 quaeda
1850 4484 1938 4540 coelis

239 4565 268 4620 Si
302 4572 376 4619 terra
408 4569 559 4623 secundum
588 4571 773 4626 substantiam
802 4582 939 4639 maneret,
977 4570 1074 4642 utique
1099 4568 1174 4622 dicta
1193 4573 1258 4622 sunt
1274 4568 1400 4639 superius
1418 4571 1441 4637 ξ.
1458 4574 1498 4625 28.
1526 4575 1551 4626 2.
1572 4571 1598 4622 A
1619 4570 1752 4638 temporis
1770 4571 1936 4626 amotione.
1951 4589 1998 4632 ιι

238 4650 321 4705 etiarn
335 4667 419 4718 mare,
433 4669 496 4707 curn
511 4660 585 4710 terra
596 4673 646 4726 per
658 4674 759 4727 aquam
773 4655 914 4722 consistat,
929 4655 1035 4711 2.Petr.
1049 4661 1073 4724 3,
1100 4654 1217 4709 Constat
1237 4670 1270 4708 ex
1294 4655 1380 4710 sacris
1403 4655 1506 4723 literis,
1531 4655 1560 4709 in
1589 4654 1824 4711 consummatione
1846 4657 1938 4711 seculi
1953 4652 1998 4735 m

226 4733 263 4789 s.
283 4742 306 4791 5.
347 4738 373 4802 s)
391 4737 518 4793 Tandem
535 4758 563 4797 v.
583 4747 606 4796 t.
627 4741 807 4813 subjungitur
824 4759 886 4796 ecce
907 4759 978 4796 noea
994 4743 1074 4806 secio
1099 4737 1182 4795 finem
1201 4739 1361 4797 habiturum
1378 4757 1438 4796 esse
1458 4756 1539 4796 omne
1559 4749 1674 4814 tempus.
1692 4741 1779 4812 Apoc
1803 4745 1842 4807 le,
1863 4759 1889 4798 s.
1907 4749 1939 4801 6:

238 4822 339 4878 omnio.
375 4821 437 4879 Non
462 4823 530 4878 dicit
563 4825 677 4881 immuto
706 4844 739 4883 ac
764 4843 866 4883 renovo
892 4827 998 4895 omnia,
1026 4784 1188 4882 sediJarot
1206 4828 1331 4897 caedes,
1357 4835 1466 4897 tempas
1493 4846 1549 4882 noo
1567 4829 1632 4891 fore
1653 4829 1783 4899 ampliss.
1807 4824 1873 4883 aaa
1893 4834 1939 4902 tt,

238 4927 310 4963 norro
320 4910 407 4976 socio
426 4910 528 4977 omnio,
549 4909 578 4965 id
598 4918 640 4966 est
663 4929 737 4983 quae
761 4920 825 4984 post
849 4913 957 4969 abitum
974 4912 1124 4986 prioris,v.
1145 4916 1189 4969 23:
1213 4912 1254 4966 Et
1280 4914 1333 4967 erit
1358 4915 1394 4966 de
1413 4930 1504 4969 measa
1523 4916 1553 4969 s'n
1581 4931 1700 4969 messem
1720 4921 1746 4967 et
1763 4917 1799 4968 de
1818 4914 1939 4970 sabbato

238 4994 307 5050 coeli
325 5001 354 5050 et
372 4999 463 5051 terrae
481 4995 563 5065 facio,
580 4997 673 5051 ornnia
691 5004 756 5053 sunt
773 5015 845 5053 nova
859 5004 888 5054 et
900 5016 918 5053 a
933 4999 1074 5069 prioribus
1100 4999 1130 5052 in
1153 4999 1354 5066 ostentante
1384 5007 1426 5055 est
1451 5003 1503 5056 erit
1529 5003 1558 5056 in
1581 5003 1638 5057 vita
1661 5008 1776 5056 aeterna
1799 5007 1940 5071 perpetua

239 5087 297 5140 tota
316 5082 408 5152 specie
426 5082 543 5139 diversa
568 5082 727 5154 Excipiunt,
748 5086 864 5140 Petram
881 5085 1074 5149 condixisse,
1099 5084 1234 5139 festivitas
1258 5089 1286 5139 et
1311 5087 1388 5156 quies
1413 5089 1599 5158 pacatissima,
1627 5088 1694 5158 quia
1718 5087 1880 5143 neomeniae
1911 5096 1940 5144 et

238 5168 312 5222 alios
330 5169 421 5224 coelos
442 5179 467 5223 et
488 5169 577 5223 aliam
598 5177 704 5222 terram
718 5171 881 5240 videbimus,
898 5174 950 5225 sed
969 5179 1074 5224 eeteros
1098 5170 1216 5226 sabbata
1230 5178 1309 5226 erant
1319 5173 1423 5244 populo
1441 5174 1592 5229 Israiilitico
1607 5174 1666 5228 dies
1677 5172 1777 5232 festivi.
1802 5172 1849 5229 Sic
1866 5190 1936 5248 ergo

240 5262 265 5307 et
286 5257 417 5324 ontr'quos
441 5257 471 5309 in
496 5257 596 5311 melius
623 5265 812 5326 commutatos,
837 5257 1025 5328 Hieronymus
1045 5257 1073 5310 in
1099 5257 1190 5313 verbis
1209 5256 1292 5328 hujus
1311 5259 1396 5313 seculi
1416 5259 1553 5330 propheta
1570 5258 1702 5315 describit
1726 5278 1770 5316 res
1786 5259 1876 5315 futuri
1894 5277 1936 5317 se·

239 5355 335 5395 comm.
357 5340 420 5394 an.
435 5347 474 5396 65.
504 5342 725 5414 Respondemuet
746 5340 843 5400 καινόν
855 5348 1004 5415 usurpatur
1018 5359 1073 5397 uon
1099 5342 1161 5396 culi.
1198 5342 1315 5398 Constat
1341 5344 1423 5399 etiam
1452 5361 1485 5399 ex
1512 5347 1649 5401 communi
1677 5346 1871 5417 theologorum
1903 5363 1937 5404 ac

238 5425 327 5479 selum
347 5445 397 5495 pro
415 5435 546 5483 renovato
568 5428 771 5483 sesecundum
791 5429 939 5499 qualitates
958 5434 1072 5494 munte,
1098 5428 1323 5499 philosophorum
1348 5430 1496 5500 suffragio,
1519 5447 1621 5487 meram
1649 5439 1677 5486 et
1696 5432 1799 5487 nudam
1814 5434 1936 5488 aeterni·
