<?xml version="1.0" encoding="UTF-8"?>
<!DOCTYPE html PUBLIC "-//W3C//DTD XHTML 1.0 Transitional//EN"
    "http://www.w3.org/TR/xhtml1/DTD/xhtml1-transitional.dtd">
<html xmlns="http://www.w3.org/1999/xhtml" xml:lang="en" lang="en">
 <head>
  <title>
</title>
<meta http-equiv="Content-Type" content="text/html;charset=utf-8" />
  <meta name='ocr-system' content='tesseract 3.04.00' />
  <meta name='ocr-capabilities' content='ocr_page ocr_carea ocr_par ocr_line ocrx_word'/>
</head>
<body>
  <div class='ocr_page' id='page_1' title='image "./locitheologicic02gerhgoog/locitheologicic02gerhgoog_0286.png"; bbox 0 0 4050 6014; ppageno 0'>
   <div class='ocr_carea' id='block_1_1' title="bbox 595 210 1785 284">
    <p class='ocr_par' dir='ltr' id='par_1_1' title="bbox 595 210 1785 284">
     <span class='ocr_line' id='line_1_1' title="bbox 595 210 1785 284; baseline 0.013 -15"><span class='ocrx_word' id='word_1_1' title='bbox 595 213 647 270; x_wconf 77' lang='lat' dir='ltr'><strong><em>DE</em></strong></span> <span class='ocrx_word' id='word_1_2' title='bbox 664 211 833 272; x_wconf 69' lang='lat' dir='ltr'><strong><em>munero</em></strong></span> <span class='ocrx_word' id='word_1_3' title='bbox 853 211 925 270; x_wconf 75' lang='lat' dir='ltr'><strong><em>SEU</em></strong></span> <span class='ocrx_word' id='word_1_4' title='bbox 943 210 1076 269; x_wconf 77' lang='lat' dir='ltr'><strong><em>nomm</em></strong></span> <span class='ocrx_word' id='word_1_5' title='bbox 1093 212 1286 274; x_wconf 66' lang='lat' dir='ltr'><strong>AE&#39;I‘ERNA.</strong></span> <span class='ocrx_word' id='word_1_6' title='bbox 1725 224 1785 284; x_wconf 81' lang='lat'><strong><em>253</em></strong></span> 
     </span>
    </p>
   </div>
   <div class='ocr_carea' id='block_1_2' title="bbox 46 368 1967 5525">
    <p class='ocr_par' dir='ltr' id='par_1_2' title="bbox 91 368 1787 442">
     <span class='ocr_line' id='line_1_2' title="bbox 91 368 1787 442; baseline -0.001 -16"><span class='ocrx_word' id='word_1_7' title='bbox 91 368 308 426; x_wconf 74' lang='lat' dir='ltr'><strong><em>convenientior.</em></strong></span> <span class='ocrx_word' id='word_1_8' title='bbox 345 370 442 439; x_wconf 72' lang='lat' dir='ltr'><strong><em>Sapra</em></strong></span> <span class='ocrx_word' id='word_1_9' title='bbox 457 386 487 424; x_wconf 85' lang='lat' dir='ltr'><strong><em>sc</em></strong></span> <span class='ocrx_word' id='word_1_10' title='bbox 506 369 630 424; x_wconf 61' lang='lat' dir='ltr'><strong><em>&amp;musti</em></strong></span> <span class='ocrx_word' id='word_1_11' title='bbox 647 368 855 425; x_wconf 69' lang='lat' dir='ltr'><strong><em>hsbent&#39;Dsum</em></strong></span> <span class='ocrx_word' id='word_1_12' title='bbox 872 368 926 422; x_wconf 73' lang='lat' dir='ltr'><strong><em>ira</em></strong></span> <span class='ocrx_word' id='word_1_13' title='bbox 953 370 1019 424; x_wconf 82' lang='lat' dir='ltr'><strong><em>liter</em></strong></span> <span class='ocrx_word' id='word_1_14' title='bbox 1037 377 1136 423; x_wconf 72' lang='lat' dir='ltr'><strong><em>casura</em></strong></span> <span class='ocrx_word' id='word_1_15' title='bbox 1151 377 1308 439; x_wconf 60' lang='lat' dir='ltr'><strong><em>praeopta</em></strong></span> <span class='ocrx_word' id='word_1_16' title='bbox 1327 371 1485 424; x_wconf 80' lang='lat' dir='ltr'><strong><em>conditoris</em></strong></span> <span class='ocrx_word' id='word_1_17' title='bbox 1504 380 1684 439; x_wconf 80' lang='lat' dir='ltr'><strong><em>amaverunt,</em></strong></span> <span class='ocrx_word' id='word_1_18' title='bbox 1710 373 1787 442; x_wconf 84' lang='lat' dir='ltr'><strong><em>ipro-</em></strong></span> 
     </span>
    </p>

    <p class='ocr_par' dir='ltr' id='par_1_3' title="bbox 91 454 1786 524">
     <span class='ocr_line' id='line_1_3' title="bbox 91 454 1786 524; baseline -0.001 -12"><span class='ocrx_word' id='word_1_19' title='bbox 91 465 229 522; x_wconf 70' lang='lat' dir='ltr'><strong><em>soanm,</em></strong></span> <span class='ocrx_word' id='word_1_20' title='bbox 252 457 329 510; x_wconf 84' lang='lat' dir='ltr'><strong><em>intra</em></strong></span> <span class='ocrx_word' id='word_1_21' title='bbox 346 472 376 509; x_wconf 86' lang='lat' dir='ltr'><strong><em>se</em></strong></span> <span class='ocrx_word' id='word_1_22' title='bbox 395 471 517 511; x_wconf 77' lang='lat' dir='ltr'>vermem</span> <span class='ocrx_word' id='word_1_23' title='bbox 535 456 698 518; x_wconf 87' lang='lat' dir='ltr'><strong><em>rodentem,</em></strong></span> <span class='ocrx_word' id='word_1_24' title='bbox 716 457 803 524; x_wconf 79' lang='lat' dir='ltr'><strong><em>juata</em></strong></span> <span class='ocrx_word' id='word_1_25' title='bbox 820 471 850 507; x_wconf 90' lang='lat' dir='ltr'><strong><em>sc</em></strong></span> <span class='ocrx_word' id='word_1_26' title='bbox 868 454 927 507; x_wconf 85' lang='lat' dir='ltr'><strong><em>dia·</em></strong></span> <span class='ocrx_word' id='word_1_27' title='bbox 953 473 1014 507; x_wconf 88' lang='lat' dir='ltr'><strong><em>rum</em></strong></span> <span class='ocrx_word' id='word_1_28' title='bbox 1031 471 1139 523; x_wconf 75' lang='lat' dir='ltr'><strong><em>quiaque</em></strong></span> <span class='ocrx_word' id='word_1_29' title='bbox 1158 473 1205 508; x_wconf 88' lang='lat' dir='ltr'><strong><em>cos</em></strong></span> <span class='ocrx_word' id='word_1_30' title='bbox 1225 457 1355 509; x_wconf 86' lang='lat' dir='ltr'><strong><em>interitus</em></strong></span> <span class='ocrx_word' id='word_1_31' title='bbox 1374 457 1405 508; x_wconf 90' lang='lat' dir='ltr'><strong><em>in</em></strong></span> <span class='ocrx_word' id='word_1_32' title='bbox 1423 465 1600 524; x_wconf 74' lang='lat' dir='ltr'><strong><em>aupmentnm</em></strong></span> <span class='ocrx_word' id='word_1_33' title='bbox 1620 475 1689 510; x_wconf 77' lang='lat' dir='ltr'><strong><em>sirac</em></strong></span> <span class='ocrx_word' id='word_1_34' title='bbox 1709 461 1786 511; x_wconf 77' lang='lat' dir='ltr'><strong><em>dant·</em></strong></span> 
     </span>
    </p>

    <p class='ocr_par' dir='ltr' id='par_1_4' title="bbox 90 529 1787 613">
     <span class='ocr_line' id='line_1_4' title="bbox 90 529 1787 613; baseline -0.001 -15"><span class='ocrx_word' id='word_1_35' title='bbox 90 544 170 599; x_wconf 85' lang='lat' dir='ltr'><strong><em>bolos</em></strong></span> <span class='ocrx_word' id='word_1_36' title='bbox 197 550 365 613; x_wconf 74' lang='lat' dir='ltr'><strong>torquentes.</strong></span> <span class='ocrx_word' id='word_1_37' title='bbox 400 543 478 596; x_wconf 89' lang='lat' dir='ltr'><strong><em>Idem</em></strong></span> <span class='ocrx_word' id='word_1_38' title='bbox 505 541 648 611; x_wconf 79' lang='lat' dir='ltr'>colligitur</span> <span class='ocrx_word' id='word_1_39' title='bbox 674 558 707 595; x_wconf 89' lang='lat' dir='ltr'><strong><em>ex</em></strong></span> <span class='ocrx_word' id='word_1_40' title='bbox 727 541 814 611; x_wconf 78' lang='lat' dir='ltr'><strong><em>Apou</em></strong></span> <span class='ocrx_word' id='word_1_41' title='bbox 843 558 866 594; x_wconf 93' lang='lat' dir='ltr'><strong><em>o.</em></strong></span> <span class='ocrx_word' id='word_1_42' title='bbox 886 547 926 607; x_wconf 77' lang='lat' dir='ltr'><strong><em>lo,</em></strong></span> <span class='ocrx_word' id='word_1_43' title='bbox 953 529 1077 594; x_wconf 62' lang='lat' dir='ltr'><strong><em>numnis</em></strong></span> <span class='ocrx_word' id='word_1_44' title='bbox 1092 542 1216 610; x_wconf 74' lang='lat' dir='ltr'><strong><em>afjlipat.</em></strong></span> <span class='ocrx_word' id='word_1_45' title='bbox 1246 541 1328 602; x_wconf 79' lang='lat' dir='ltr'><strong><em>Quod</em></strong></span> <span class='ocrx_word' id='word_1_46' title='bbox 1338 543 1466 612; x_wconf 85' lang='lat' dir='ltr'><strong><em>profecto</em></strong></span> <span class='ocrx_word' id='word_1_47' title='bbox 1479 544 1623 611; x_wconf 76' lang='lat' dir='ltr'><strong><em>evanpclio</em></strong></span> <span class='ocrx_word' id='word_1_48' title='bbox 1636 552 1787 597; x_wconf 79' lang='lat' dir='ltr'><strong><em>aucstame</em></strong></span> 
     </span>
    </p>

    <p class='ocr_par' dir='ltr' id='par_1_5' title="bbox 90 627 1785 696">
     <span class='ocr_line' id='line_1_5' title="bbox 90 627 1785 696; baseline -0.001 -12"><span class='ocrx_word' id='word_1_49' title='bbox 90 648 116 684; x_wconf 82' lang='lat' dir='ltr'><strong><em>v.</em></strong></span> <span class='ocrx_word' id='word_1_50' title='bbox 133 636 179 686; x_wconf 77' lang='lat' dir='ltr'><strong><em>lb:</em></strong></span> <span class='ocrx_word' id='word_1_51' title='bbox 203 629 345 682; x_wconf 84' lang='lat' dir='ltr'><strong><em>Diabolus</em></strong></span> <span class='ocrx_word' id='word_1_52' title='bbox 357 628 460 682; x_wconf 74' lang='lat' dir='ltr'><strong><em>misem</em></strong></span> <span class='ocrx_word' id='word_1_53' title='bbox 477 629 566 682; x_wconf 83' lang='lat' dir='ltr'><strong><em>estin</em></strong></span> <span class='ocrx_word' id='word_1_54' title='bbox 585 627 808 696; x_wconf 75' lang='lat' dir='ltr'><strong><em>stapuumipuis</em></strong></span> <span class='ocrx_word' id='word_1_55' title='bbox 825 635 852 680; x_wconf 88' lang='lat' dir='ltr'><strong><em>et</em></strong></span> <span class='ocrx_word' id='word_1_56' title='bbox 870 628 926 679; x_wconf 79' lang='lat' dir='ltr'><strong><em>stil-</em></strong></span> <span class='ocrx_word' id='word_1_57' title='bbox 953 627 1124 695; x_wconf 73' lang='lat' dir='ltr'><strong><em>codipimus,</em></strong></span> <span class='ocrx_word' id='word_1_58' title='bbox 1148 629 1268 695; x_wconf 85' lang='lat' dir='ltr'><strong><em>inquo,</em></strong></span> <span class='ocrx_word' id='word_1_59' title='bbox 1295 629 1411 681; x_wconf 86' lang='lat' dir='ltr'><strong><em>veritate</em></strong></span> <span class='ocrx_word' id='word_1_60' title='bbox 1434 629 1594 696; x_wconf 70' lang='lat' dir='ltr'><strong><em>nuntiante,</em></strong></span> <span class='ocrx_word' id='word_1_61' title='bbox 1625 631 1704 682; x_wconf 85' lang='lat' dir='ltr'><strong><em>diues</em></strong></span> <span class='ocrx_word' id='word_1_62' title='bbox 1727 630 1785 693; x_wconf 87' lang='lat' dir='ltr'><strong><em>ille,</em></strong></span> 
     </span>
    </p>

    <p class='ocr_par' dir='ltr' id='par_1_6' title="bbox 91 713 1785 782">
     <span class='ocr_line' id='line_1_6' title="bbox 91 713 1785 782; baseline 0 -14"><span class='ocrx_word' id='word_1_63' title='bbox 91 715 177 781; x_wconf 76' lang='lat' dir='ltr'><strong><em>suris,</em></strong></span> <span class='ocrx_word' id='word_1_64' title='bbox 203 715 254 767; x_wconf 86' lang='lat' dir='ltr'><strong><em>ubi</em></strong></span> <span class='ocrx_word' id='word_1_65' title='bbox 268 723 295 767; x_wconf 85' lang='lat' dir='ltr'><strong><em>ct</em></strong></span> <span class='ocrx_word' id='word_1_66' title='bbox 312 713 402 767; x_wconf 86' lang='lat' dir='ltr'><strong><em>bestia</em></strong></span> <span class='ocrx_word' id='word_1_67' title='bbox 422 721 449 766; x_wconf 87' lang='lat' dir='ltr'><strong><em>et</em></strong></span> <span class='ocrx_word' id='word_1_68' title='bbox 463 713 712 782; x_wconf 68' lang='lat' dir='ltr'><em>pseudopropheta</em></span> <span class='ocrx_word' id='word_1_69' title='bbox 727 713 927 764; x_wconf 84' lang='lat' dir='ltr'><strong><em>cruciabuntur·</em></strong></span> <span class='ocrx_word' id='word_1_70' title='bbox 953 727 1032 778; x_wconf 85' lang='lat' dir='ltr'><strong><em>quem</em></strong></span> <span class='ocrx_word' id='word_1_71' title='bbox 1050 713 1164 780; x_wconf 75' lang='lat' dir='ltr'><strong><em>coritipit</em></strong></span> <span class='ocrx_word' id='word_1_72' title='bbox 1182 714 1224 765; x_wconf 91' lang='lat' dir='ltr'><strong><em>ad</em></strong></span> <span class='ocrx_word' id='word_1_73' title='bbox 1242 721 1361 765; x_wconf 88' lang='lat' dir='ltr'><strong><em>aeterna</em></strong></span> <span class='ocrx_word' id='word_1_74' title='bbox 1376 713 1504 766; x_wconf 85' lang='lat' dir='ltr'><strong><em>incendii</em></strong></span> <span class='ocrx_word' id='word_1_75' title='bbox 1521 722 1660 768; x_wconf 86' lang='lat' dir='ltr'><strong><em>tormenta</em></strong></span> <span class='ocrx_word' id='word_1_76' title='bbox 1675 718 1785 768; x_wconf 75' lang='lat' dir='ltr'><strong><em>descen</em></strong></span> 
     </span>
    </p>

    <p class='ocr_par' dir='ltr' id='par_1_7' title="bbox 46 797 1789 952">
     <span class='ocr_line' id='line_1_7' title="bbox 91 797 1789 870; baseline -0.001 -16"><span class='ocrx_word' id='word_1_77' title='bbox 91 801 138 854; x_wconf 84' lang='lat' dir='ltr'><strong><em>dis</em></strong></span> <span class='ocrx_word' id='word_1_78' title='bbox 159 817 194 852; x_wconf 91' lang='lat' dir='ltr'><strong><em>ac</em></strong></span> <span class='ocrx_word' id='word_1_79' title='bbox 213 809 293 854; x_wconf 88' lang='lat' dir='ltr'><strong><em>nocte</em></strong></span> <span class='ocrx_word' id='word_1_80' title='bbox 313 801 343 853; x_wconf 86' lang='lat' dir='ltr'><strong><em>in</em></strong></span> <span class='ocrx_word' id='word_1_81' title='bbox 362 799 636 852; x_wconf 62' lang='lat' dir='ltr'><strong><em>seminatorum.</em></strong></span> <span class='ocrx_word' id='word_1_82' title='bbox 672 799 713 851; x_wconf 88' lang='lat' dir='ltr'><strong><em>At</em></strong></span> <span class='ocrx_word' id='word_1_83' title='bbox 730 814 813 868; x_wconf 84' lang='lat' dir='ltr'><strong><em>qnam</em></strong></span> <span class='ocrx_word' id='word_1_84' title='bbox 832 797 925 850; x_wconf 78' lang='lat' dir='ltr'><strong>infelix</strong></span> <span class='ocrx_word' id='word_1_85' title='bbox 953 800 1034 866; x_wconf 78' lang='lat' dir='ltr'><strong><em>dere,</em></strong></span> <span class='ocrx_word' id='word_1_86' title='bbox 1055 799 1176 866; x_wconf 80' lang='lat' dir='ltr'><strong><em>quinque</em></strong></span> <span class='ocrx_word' id='word_1_87' title='bbox 1196 800 1327 866; x_wconf 76' lang='lat' dir='ltr'><strong><em>fratrum</em></strong></span> <span class='ocrx_word' id='word_1_88' title='bbox 1350 801 1519 853; x_wconf 75' lang='lat' dir='ltr'><strong><em>describitur</em></strong></span> <span class='ocrx_word' id='word_1_89' title='bbox 1542 803 1714 867; x_wconf 70' lang='lat' dir='ltr'><strong><em>meminisse,</em></strong></span> <span class='ocrx_word' id='word_1_90' title='bbox 1738 805 1789 870; x_wconf 83' lang='lat' dir='ltr'><strong><em>qni</em></strong></span> 
     </span>
     <span class='ocr_line' id='line_1_8' title="bbox 46 883 1786 952; baseline 0.002 -16"><span class='ocrx_word' id='word_1_91' title='bbox 46 896 76 936; x_wconf 70' lang='lat' dir='ltr'><strong><em>m</em></strong></span> <span class='ocrx_word' id='word_1_92' title='bbox 90 891 121 940; x_wconf 86' lang='lat' dir='ltr'><strong><em>et</em></strong></span> <span class='ocrx_word' id='word_1_93' title='bbox 138 886 277 940; x_wconf 84' lang='lat' dir='ltr'><strong><em>horribilis</em></strong></span> <span class='ocrx_word' id='word_1_94' title='bbox 302 885 413 940; x_wconf 84' lang='lat' dir='ltr'><strong><em>catilla</em></strong></span> <span class='ocrx_word' id='word_1_95' title='bbox 437 885 554 938; x_wconf 73' lang='lat' dir='ltr'><strong><em>musta</em></strong></span> <span class='ocrx_word' id='word_1_96' title='bbox 584 884 687 938; x_wconf 86' lang='lat' dir='ltr'><strong><em>versari</em></strong></span> <span class='ocrx_word' id='word_1_97' title='bbox 712 901 775 937; x_wconf 91' lang='lat' dir='ltr'><strong><em>cum</em></strong></span> <span class='ocrx_word' id='word_1_98' title='bbox 798 883 925 946; x_wconf 74' lang='lat' dir='ltr'><strong>diabolis,</strong></span> <span class='ocrx_word' id='word_1_99' title='bbox 953 884 1098 936; x_wconf 78' lang='lat' dir='ltr'><strong><em>Abrabam</em></strong></span> <span class='ocrx_word' id='word_1_100' title='bbox 1112 885 1211 952; x_wconf 85' lang='lat' dir='ltr'><strong><em>petiit,</em></strong></span> <span class='ocrx_word' id='word_1_101' title='bbox 1237 892 1267 937; x_wconf 88' lang='lat' dir='ltr'><strong><em>ut</em></strong></span> <span class='ocrx_word' id='word_1_102' title='bbox 1285 888 1326 938; x_wconf 90' lang='lat' dir='ltr'><strong><em>ad</em></strong></span> <span class='ocrx_word' id='word_1_103' title='bbox 1344 902 1440 939; x_wconf 70' lang='lat' dir='ltr'><strong><em>emam</em></strong></span> <span class='ocrx_word' id='word_1_104' title='bbox 1458 889 1644 941; x_wconf 75' lang='lat' dir='ltr'><strong><em>surditionem</em></strong></span> <span class='ocrx_word' id='word_1_105' title='bbox 1660 889 1786 950; x_wconf 87' lang='lat' dir='ltr'><strong><em>mitteret,</em></strong></span> 
     </span>
    </p>

    <p class='ocr_par' dir='ltr' id='par_1_8' title="bbox 91 968 1786 1043">
     <span class='ocr_line' id='line_1_9' title="bbox 91 968 1786 1043; baseline 0.001 -18"><span class='ocrx_word' id='word_1_106' title='bbox 91 973 139 1043; x_wconf 90' lang='lat' dir='ltr'><strong><em>qui</em></strong></span> <span class='ocrx_word' id='word_1_107' title='bbox 163 988 220 1024; x_wconf 88' lang='lat' dir='ltr'><strong><em>non</em></strong></span> <span class='ocrx_word' id='word_1_108' title='bbox 243 973 331 1025; x_wconf 89' lang='lat' dir='ltr'><strong><em>solnm</em></strong></span> <span class='ocrx_word' id='word_1_109' title='bbox 355 971 426 1024; x_wconf 88' lang='lat' dir='ltr'><strong><em>truci</em></strong></span> <span class='ocrx_word' id='word_1_110' title='bbox 449 970 596 1040; x_wconf 85' lang='lat' dir='ltr'><strong><em>adspectu,</em></strong></span> <span class='ocrx_word' id='word_1_111' title='bbox 624 970 674 1023; x_wconf 87' lang='lat' dir='ltr'><strong><em>sed</em></strong></span> <span class='ocrx_word' id='word_1_112' title='bbox 702 970 785 1022; x_wconf 85' lang='lat' dir='ltr'><strong><em>etiam</em></strong></span> <span class='ocrx_word' id='word_1_113' title='bbox 811 968 925 1022; x_wconf 82' lang='lat' dir='ltr'><strong><em>terribili</em></strong></span> <span class='ocrx_word' id='word_1_114' title='bbox 953 987 986 1021; x_wconf 86' lang='lat' dir='ltr'><strong><em>nc</em></strong></span> <span class='ocrx_word' id='word_1_115' title='bbox 1005 971 1075 1023; x_wconf 89' lang='lat' dir='ltr'><strong><em>illuc</em></strong></span> <span class='ocrx_word' id='word_1_116' title='bbox 1092 987 1139 1023; x_wconf 91' lang='lat' dir='ltr'><strong><em>eos</em></strong></span> <span class='ocrx_word' id='word_1_117' title='bbox 1157 973 1324 1039; x_wconf 76' lang='lat' dir='ltr'><strong><em>qrmrtdoque</em></strong></span> <span class='ocrx_word' id='word_1_118' title='bbox 1341 973 1478 1024; x_wconf 84' lang='lat' dir='ltr'><strong><em>uenientes</em></strong></span> <span class='ocrx_word' id='word_1_119' title='bbox 1502 992 1559 1041; x_wconf 84' lang='lat' dir='ltr'><strong><em>pur</em></strong></span> <span class='ocrx_word' id='word_1_120' title='bbox 1578 992 1672 1043; x_wconf 85' lang='lat' dir='ltr'><strong><em>poena</em></strong></span> <span class='ocrx_word' id='word_1_121' title='bbox 1698 977 1786 1027; x_wconf 77' lang='lat' dir='ltr'><strong><em>cneci-</em></strong></span> 
     </span>
    </p>

    <p class='ocr_par' dir='ltr' id='par_1_9' title="bbox 94 1054 1785 1129">
     <span class='ocr_line' id='line_1_10' title="bbox 94 1054 1785 1129; baseline 0.001 -17"><span class='ocrx_word' id='word_1_122' title='bbox 94 1058 189 1126; x_wconf 85' lang='lat' dir='ltr'><strong><em>boatu,</em></strong></span> <span class='ocrx_word' id='word_1_123' title='bbox 208 1059 276 1128; x_wconf 89' lang='lat' dir='ltr'><strong><em>quin</em></strong></span> <span class='ocrx_word' id='word_1_124' title='bbox 294 1064 323 1109; x_wconf 88' lang='lat' dir='ltr'><strong><em>st</em></strong></span> <span class='ocrx_word' id='word_1_125' title='bbox 341 1056 445 1109; x_wconf 88' lang='lat' dir='ltr'><strong><em>erudeli</em></strong></span> <span class='ocrx_word' id='word_1_126' title='bbox 464 1056 570 1109; x_wconf 87' lang='lat' dir='ltr'><strong><em>laniatu</em></strong></span> <span class='ocrx_word' id='word_1_127' title='bbox 588 1054 926 1126; x_wconf 76' lang='lat' dir='ltr'><strong><em>damnamtorquebuntt</em></strong></span> <span class='ocrx_word' id='word_1_128' title='bbox 953 1064 1019 1110; x_wconf 85' lang='lat' dir='ltr'><strong><em>uret</em></strong></span> <span class='ocrx_word' id='word_1_129' title='bbox 1057 1058 1112 1118; x_wconf 63' lang='lat' dir='ltr'><strong><em>tirsi</em></strong></span> <span class='ocrx_word' id='word_1_130' title='bbox 1127 1057 1215 1123; x_wconf 75' lang='lat' dir='ltr'><strong><em>ipitur</em></strong></span> <span class='ocrx_word' id='word_1_131' title='bbox 1237 1060 1279 1108; x_wconf 86' lang='lat' dir='ltr'><strong><em>ad</em></strong></span> <span class='ocrx_word' id='word_1_132' title='bbox 1301 1058 1410 1111; x_wconf 85' lang='lat' dir='ltr'><strong><em>doloris</em></strong></span> <span class='ocrx_word' id='word_1_133' title='bbox 1433 1061 1480 1110; x_wconf 87' lang='lat' dir='ltr'><strong><em>sui</em></strong></span> <span class='ocrx_word' id='word_1_134' title='bbox 1503 1062 1642 1114; x_wconf 76' lang='lat' dir='ltr'><strong><em>mustum</em></strong></span> <span class='ocrx_word' id='word_1_135' title='bbox 1669 1063 1785 1129; x_wconf 83' lang='lat' dir='ltr'><strong><em>propin·</em></strong></span> 
     </span>
    </p>

    <p class='ocr_par' dir='ltr' id='par_1_10' title="bbox 93 1141 1787 1215">
     <span class='ocr_line' id='line_1_11' title="bbox 93 1141 1787 1215; baseline 0.002 -18"><span class='ocrx_word' id='word_1_136' title='bbox 93 1144 199 1197; x_wconf 76' lang='lat' dir='ltr'><strong><em>Audito</em></strong></span> <span class='ocrx_word' id='word_1_137' title='bbox 217 1143 262 1196; x_wconf 89' lang='lat' dir='ltr'><strong><em>vel</em></strong></span> <span class='ocrx_word' id='word_1_138' title='bbox 280 1141 338 1196; x_wconf 92' lang='lat' dir='ltr'><strong><em>solo</em></strong></span> <span class='ocrx_word' id='word_1_139' title='bbox 356 1142 468 1195; x_wconf 90' lang='lat' dir='ltr'><strong><em>nomine</em></strong></span> <span class='ocrx_word' id='word_1_140' title='bbox 484 1141 588 1196; x_wconf 88' lang='lat' dir='ltr'><strong><em>diaboli</em></strong></span> <span class='ocrx_word' id='word_1_141' title='bbox 603 1141 836 1208; x_wconf 86' lang='lat' dir='ltr'><strong><em>cohorrescimns,</em></strong></span> <span class='ocrx_word' id='word_1_142' title='bbox 864 1157 926 1193; x_wconf 91' lang='lat' dir='ltr'><strong><em>cum</em></strong></span> <span class='ocrx_word' id='word_1_143' title='bbox 953 1159 1071 1210; x_wconf 87' lang='lat' dir='ltr'><strong><em>quorum</em></strong></span> <span class='ocrx_word' id='word_1_144' title='bbox 1090 1144 1244 1195; x_wconf 85' lang='lat' dir='ltr'><strong><em>absentium</em></strong></span> <span class='ocrx_word' id='word_1_145' title='bbox 1264 1144 1401 1212; x_wconf 85' lang='lat' dir='ltr'><strong><em>meminit,</em></strong></span> <span class='ocrx_word' id='word_1_146' title='bbox 1425 1153 1535 1198; x_wconf 82' lang='lat' dir='ltr'><strong><em>constat</em></strong></span> <span class='ocrx_word' id='word_1_147' title='bbox 1558 1149 1664 1215; x_wconf 87' lang='lat' dir='ltr'><strong><em>procul</em></strong></span> <span class='ocrx_word' id='word_1_148' title='bbox 1692 1149 1787 1210; x_wconf 87' lang='lat' dir='ltr'><strong><em>dubio,</em></strong></span> 
     </span>
    </p>

    <p class='ocr_par' dir='ltr' id='par_1_11' title="bbox 93 1227 1783 1302">
     <span class='ocr_line' id='line_1_12' title="bbox 93 1227 1783 1302; baseline 0.001 -19"><span class='ocrx_word' id='word_1_149' title='bbox 93 1245 148 1298; x_wconf 89' lang='lat' dir='ltr'><strong><em>qno</em></strong></span> <span class='ocrx_word' id='word_1_150' title='bbox 171 1235 264 1282; x_wconf 83' lang='lat' dir='ltr'><strong><em>tamen</em></strong></span> <span class='ocrx_word' id='word_1_151' title='bbox 288 1227 412 1282; x_wconf 87' lang='lat' dir='ltr'><strong><em>damnati</em></strong></span> <span class='ocrx_word' id='word_1_152' title='bbox 440 1227 468 1280; x_wconf 88' lang='lat' dir='ltr'><strong><em>in</em></strong></span> <span class='ocrx_word' id='word_1_153' title='bbox 494 1235 637 1281; x_wconf 86' lang='lat' dir='ltr'><strong><em>aeternum</em></strong></span> <span class='ocrx_word' id='word_1_154' title='bbox 665 1227 758 1281; x_wconf 84' lang='lat' dir='ltr'><strong><em>rivere</em></strong></span> <span class='ocrx_word' id='word_1_155' title='bbox 782 1234 926 1296; x_wconf 77' lang='lat' dir='ltr'><strong><em>cogentur.</em></strong></span> <span class='ocrx_word' id='word_1_156' title='bbox 954 1229 1020 1296; x_wconf 80' lang='lat' dir='ltr'><strong><em>quia</em></strong></span> <span class='ocrx_word' id='word_1_157' title='bbox 1037 1245 1084 1281; x_wconf 85' lang='lat' dir='ltr'><strong><em>sos</em></strong></span> <span class='ocrx_word' id='word_1_158' title='bbox 1103 1230 1335 1297; x_wconf 80' lang='lat' dir='ltr'><strong><em>adoupmentum</em></strong></span> <span class='ocrx_word' id='word_1_159' title='bbox 1352 1231 1489 1298; x_wconf 84' lang='lat' dir='ltr'><strong><em>supplicii</em></strong></span> <span class='ocrx_word' id='word_1_160' title='bbox 1502 1235 1592 1300; x_wconf 79' lang='lat' dir='ltr'><strong><em>pardo</em></strong></span> <span class='ocrx_word' id='word_1_161' title='bbox 1608 1243 1672 1301; x_wconf 88' lang='lat' dir='ltr'><strong><em>post</em></strong></span> <span class='ocrx_word' id='word_1_162' title='bbox 1688 1234 1783 1302; x_wconf 71' lang='lat' dir='ltr'><strong><em>poterit</em></strong></span> 
     </span>
    </p>

    <p class='ocr_par' dir='ltr' id='par_1_12' title="bbox 91 1312 1787 1384">
     <span class='ocr_line' id='line_1_13' title="bbox 91 1312 1787 1384; baseline 0.001 -14"><span class='ocrx_word' id='word_1_163' title='bbox 91 1314 288 1384; x_wconf 63' lang='lat' dir='ltr'><strong><em>&amp;antitistes</em></strong></span> <span class='ocrx_word' id='word_1_164' title='bbox 305 1313 374 1368; x_wconf 86' lang='lat' dir='ltr'><strong><em>risio</em></strong></span> <span class='ocrx_word' id='word_1_165' title='bbox 392 1319 551 1367; x_wconf 86' lang='lat' dir='ltr'><strong><em>sanatorum</em></strong></span> <span class='ocrx_word' id='word_1_166' title='bbox 570 1312 927 1383; x_wconf 83' lang='lat' dir='ltr'><strong><em>hominumetangelomm</em></strong></span> <span class='ocrx_word' id='word_1_167' title='bbox 953 1317 1038 1366; x_wconf 75' lang='lat' dir='ltr'><strong><em>ctiam</em></strong></span> <span class='ocrx_word' id='word_1_168' title='bbox 1061 1323 1225 1383; x_wconf 81' lang='lat' dir='ltr'><strong><em>praesentes</em></strong></span> <span class='ocrx_word' id='word_1_169' title='bbox 1253 1317 1349 1368; x_wconf 82' lang='lat' dir='ltr'><strong><em>uidere</em></strong></span> <span class='ocrx_word' id='word_1_170' title='bbox 1379 1323 1431 1370; x_wconf 86' lang='lat' dir='ltr'><strong><em>etc.</em></strong></span> <span class='ocrx_word' id='word_1_171' title='bbox 1474 1317 1597 1371; x_wconf 73' lang='lat' dir='ltr'><strong><em>Isidorus</em></strong></span> <span class='ocrx_word' id='word_1_172' title='bbox 1624 1320 1670 1373; x_wconf 86' lang='lat' dir='ltr'><strong><em>lib.</em></strong></span> <span class='ocrx_word' id='word_1_173' title='bbox 1701 1326 1724 1375; x_wconf 88' lang='grc'><strong><em>1.</em></strong></span> <span class='ocrx_word' id='word_1_174' title='bbox 1752 1320 1787 1373; x_wconf 93' lang='lat' dir='ltr'><strong><em>de</em></strong></span> 
     </span>
    </p>

    <p class='ocr_par' dir='ltr' id='par_1_13' title="bbox 92 1397 1786 1473">
     <span class='ocr_line' id='line_1_14' title="bbox 92 1397 1786 1473; baseline 0.001 -17"><span class='ocrx_word' id='word_1_175' title='bbox 92 1407 123 1457; x_wconf 88' lang='lat' dir='ltr'><strong><em>et</em></strong></span> <span class='ocrx_word' id='word_1_176' title='bbox 140 1416 225 1471; x_wconf 84' lang='lat' dir='ltr'><strong><em>super</em></strong></span> <span class='ocrx_word' id='word_1_177' title='bbox 243 1399 336 1454; x_wconf 87' lang='lat' dir='ltr'><strong><em>omnia</em></strong></span> <span class='ocrx_word' id='word_1_178' title='bbox 352 1399 439 1468; x_wconf 88' lang='lat' dir='ltr'><strong><em>ipsius</em></strong></span> <span class='ocrx_word' id='word_1_179' title='bbox 456 1397 525 1467; x_wconf 69' lang='grc' dir='ltr'><strong><em>θεὶς</em></strong></span> <span class='ocrx_word' id='word_1_180' title='bbox 552 1398 658 1452; x_wconf 74' lang='lat' dir='ltr'><strong><em>enudat</em></strong></span> <span class='ocrx_word' id='word_1_181' title='bbox 674 1398 774 1467; x_wconf 90' lang='lat' dir='ltr'><strong><em>impios</em></strong></span> <span class='ocrx_word' id='word_1_182' title='bbox 792 1398 861 1452; x_wconf 83' lang='lat' dir='ltr'><strong><em>risio</em></strong></span> <span class='ocrx_word' id='word_1_183' title='bbox 881 1398 926 1452; x_wconf 88' lang='lat' dir='ltr'><strong><em>ho·</em></strong></span> <span class='ocrx_word' id='word_1_184' title='bbox 953 1418 1060 1454; x_wconf 89' lang='lat' dir='ltr'><strong><em>summo</em></strong></span> <span class='ocrx_word' id='word_1_185' title='bbox 1088 1400 1148 1455; x_wconf 87' lang='lat' dir='ltr'><strong><em>bon.</em></strong></span> <span class='ocrx_word' id='word_1_186' title='bbox 1173 1418 1197 1454; x_wconf 90' lang='lat' dir='ltr'><strong><em>c.</em></strong></span> <span class='ocrx_word' id='word_1_187' title='bbox 1221 1406 1267 1456; x_wconf 75' lang='lat'><strong><em>32:</em></strong></span> <span class='ocrx_word' id='word_1_188' title='bbox 1306 1405 1350 1455; x_wconf 86' lang='lat' dir='ltr'><strong><em>Dc</em></strong></span> <span class='ocrx_word' id='word_1_189' title='bbox 1378 1419 1511 1456; x_wconf 85' lang='lat' dir='ltr'><strong><em>carorum</em></strong></span> <span class='ocrx_word' id='word_1_190' title='bbox 1542 1423 1649 1473; x_wconf 81' lang='lat' dir='ltr'><strong><em>quoque</em></strong></span> <span class='ocrx_word' id='word_1_191' title='bbox 1672 1424 1786 1460; x_wconf 80' lang='lat' dir='ltr'><strong><em>ntorum</em></strong></span> 
     </span>
    </p>

    <p class='ocr_par' dir='ltr' id='par_1_14' title="bbox 92 1484 1787 1560">
     <span class='ocr_line' id='line_1_15' title="bbox 92 1484 1787 1560; baseline 0.001 -19"><span class='ocrx_word' id='word_1_192' title='bbox 92 1487 197 1542; x_wconf 75' lang='lat' dir='ltr'><strong><em>ramum</em></strong></span> <span class='ocrx_word' id='word_1_193' title='bbox 221 1486 413 1541; x_wconf 77' lang='lat' dir='ltr'><strong><em>damnatorum</em></strong></span> <span class='ocrx_word' id='word_1_194' title='bbox 436 1492 466 1539; x_wconf 90' lang='lat' dir='ltr'><strong><em>et</em></strong></span> <span class='ocrx_word' id='word_1_195' title='bbox 489 1485 652 1540; x_wconf 87' lang='lat' dir='ltr'><strong><em>daemonum</em></strong></span> <span class='ocrx_word' id='word_1_196' title='bbox 682 1492 710 1538; x_wconf 94' lang='lat' dir='ltr'><strong><em>et</em></strong></span> <span class='ocrx_word' id='word_1_197' title='bbox 731 1500 815 1554; x_wconf 91' lang='lat' dir='ltr'><strong><em>super</em></strong></span> <span class='ocrx_word' id='word_1_198' title='bbox 836 1484 928 1538; x_wconf 83' lang='lat' dir='ltr'><strong><em>omnia</em></strong></span> <span class='ocrx_word' id='word_1_199' title='bbox 954 1487 1103 1557; x_wconf 69' lang='lat' dir='ltr'><strong><em>suppliciis</em></strong></span> <span class='ocrx_word' id='word_1_200' title='bbox 1113 1488 1234 1540; x_wconf 77' lang='lat' dir='ltr'><strong><em>additur</em></strong></span> <span class='ocrx_word' id='word_1_201' title='bbox 1248 1488 1332 1540; x_wconf 86' lang='lat' dir='ltr'><strong><em>etiam</em></strong></span> <span class='ocrx_word' id='word_1_202' title='bbox 1347 1506 1440 1556; x_wconf 78' lang='lat' dir='ltr'><strong><em>poeria</em></strong></span> <span class='ocrx_word' id='word_1_203' title='bbox 1452 1491 1604 1556; x_wconf 85' lang='lat' dir='ltr'><strong><em>damnatis,</em></strong></span> <span class='ocrx_word' id='word_1_204' title='bbox 1623 1492 1694 1545; x_wconf 77' lang='lat' dir='ltr'><strong><em>sicta</em></strong></span> <span class='ocrx_word' id='word_1_205' title='bbox 1707 1495 1787 1560; x_wconf 88' lang='lat' dir='ltr'><strong><em>apud</em></strong></span> 
     </span>
    </p>

    <p class='ocr_par' dir='ltr' id='par_1_15' title="bbox 92 1569 1788 1646">
     <span class='ocr_line' id='line_1_16' title="bbox 92 1569 1788 1646; baseline 0.003 -21"><span class='ocrx_word' id='word_1_206' title='bbox 92 1572 180 1642; x_wconf 86' lang='lat' dir='ltr'><strong><em>ipsius</em></strong></span> <span class='ocrx_word' id='word_1_207' title='bbox 199 1570 312 1628; x_wconf 85' lang='lat' dir='ltr'><strong><em>diaboli.</em></strong></span> <span class='ocrx_word' id='word_1_208' title='bbox 340 1571 439 1640; x_wconf 86' lang='lat' dir='ltr'><strong><em>Neque</em></strong></span> <span class='ocrx_word' id='word_1_209' title='bbox 457 1571 530 1625; x_wconf 90' lang='lat' dir='ltr'><strong><em>onim</em></strong></span> <span class='ocrx_word' id='word_1_210' title='bbox 545 1571 618 1624; x_wconf 91' lang='lat' dir='ltr'><strong><em>ullus</em></strong></span> <span class='ocrx_word' id='word_1_211' title='bbox 635 1571 707 1624; x_wconf 83' lang='lat' dir='ltr'><strong><em>alius</em></strong></span> <span class='ocrx_word' id='word_1_212' title='bbox 727 1569 849 1640; x_wconf 88' lang='lat' dir='ltr'><strong><em>ipsorum</em></strong></span> <span class='ocrx_word' id='word_1_213' title='bbox 862 1587 926 1625; x_wconf 88' lang='lat' dir='ltr'><strong><em>ocu·</em></strong></span> <span class='ocrx_word' id='word_1_214' title='bbox 955 1574 1184 1634; x_wconf 73' lang='lat' dir='ltr'><strong><em>iufcros&#39;divitis</em></strong></span> <span class='ocrx_word' id='word_1_215' title='bbox 1207 1589 1298 1627; x_wconf 87' lang='lat' dir='ltr'><strong><em>sermo</em></strong></span> <span class='ocrx_word' id='word_1_216' title='bbox 1317 1577 1473 1641; x_wconf 85' lang='lat' dir='ltr'><strong><em>praedicat</em></strong></span> <span class='ocrx_word' id='word_1_217' title='bbox 1498 1579 1691 1646; x_wconf 79' lang='lat' dir='ltr'><strong><em>eoonpelicus,</em></strong></span> <span class='ocrx_word' id='word_1_218' title='bbox 1716 1578 1788 1631; x_wconf 83' lang='lat' dir='ltr'><strong><em>sicut</em></strong></span> 
     </span>
    </p>

    <p class='ocr_par' dir='ltr' id='par_1_16' title="bbox 92 1656 1786 1732">
     <span class='ocr_line' id='line_1_17' title="bbox 92 1656 1786 1732; baseline 0.002 -19"><span class='ocrx_word' id='word_1_219' title='bbox 92 1659 126 1713; x_wconf 89' lang='lat' dir='ltr'><strong><em>lis</em></strong></span> <span class='ocrx_word' id='word_1_220' title='bbox 144 1665 272 1713; x_wconf 87' lang='lat' dir='ltr'><strong><em>occurret</em></strong></span> <span class='ocrx_word' id='word_1_221' title='bbox 293 1658 347 1711; x_wconf 92' lang='lat' dir='ltr'><strong><em>nisi</em></strong></span> <span class='ocrx_word' id='word_1_222' title='bbox 374 1674 526 1727; x_wconf 88' lang='lat' dir='ltr'><strong><em>poenarum</em></strong></span> <span class='ocrx_word' id='word_1_223' title='bbox 553 1658 671 1711; x_wconf 87' lang='lat' dir='ltr'><strong><em>ministri</em></strong></span> <span class='ocrx_word' id='word_1_224' title='bbox 699 1664 728 1711; x_wconf 89' lang='lat' dir='ltr'><strong><em>et</em></strong></span> <span class='ocrx_word' id='word_1_225' title='bbox 755 1656 841 1711; x_wconf 85' lang='lat' dir='ltr'><strong><em>facies</em></strong></span> <span class='ocrx_word' id='word_1_226' title='bbox 868 1657 928 1710; x_wconf 89' lang='lat' dir='ltr'><strong><em>dira</em></strong></span> <span class='ocrx_word' id='word_1_227' title='bbox 952 1677 1007 1726; x_wconf 82' lang='lat' dir='ltr'><strong><em>pro</em></strong></span> <span class='ocrx_word' id='word_1_228' title='bbox 1024 1661 1153 1727; x_wconf 72' lang='lat' dir='ltr'><strong><em>uupuido</em></strong></span> <span class='ocrx_word' id='word_1_229' title='bbox 1169 1660 1266 1712; x_wconf 85' lang='lat' dir='ltr'><strong><em>Judac</em></strong></span> <span class='ocrx_word' id='word_1_230' title='bbox 1282 1660 1424 1729; x_wconf 82' lang='lat' dir='ltr'><strong><em>nrpplicio</em></strong></span> <span class='ocrx_word' id='word_1_231' title='bbox 1436 1663 1507 1714; x_wconf 86' lang='lat' dir='ltr'><strong><em>dicit</em></strong></span> <span class='ocrx_word' id='word_1_232' title='bbox 1518 1663 1603 1715; x_wconf 85' lang='lat' dir='ltr'><strong><em>ctiam</em></strong></span> <span class='ocrx_word' id='word_1_233' title='bbox 1619 1664 1786 1732; x_wconf 75' lang='lat' dir='ltr'><strong><em>psalmista:</em></strong></span> 
     </span>
    </p>

    <p class='ocr_par' dir='ltr' id='par_1_17' title="bbox 92 1743 1785 1815">
     <span class='ocr_line' id='line_1_18' title="bbox 92 1743 1785 1815; baseline 0.004 -16"><span class='ocrx_word' id='word_1_234' title='bbox 92 1751 235 1799; x_wconf 87' lang='lat' dir='ltr'><strong><em>tortorum.</em></strong></span> <span class='ocrx_word' id='word_1_235' title='bbox 271 1743 391 1797; x_wconf 85' lang='lat' dir='ltr'><strong><em>Basilitm</em></strong></span> <span class='ocrx_word' id='word_1_236' title='bbox 410 1744 437 1797; x_wconf 92' lang='lat' dir='ltr'><strong><em>in</em></strong></span> <span class='ocrx_word' id='word_1_237' title='bbox 458 1743 560 1798; x_wconf 71' lang='lat' dir='ltr'><strong><em>Psalm-</em></strong></span> <span class='ocrx_word' id='word_1_238' title='bbox 578 1749 626 1801; x_wconf 81' lang='lat'><strong><em>34:</em></strong></span> <span class='ocrx_word' id='word_1_239' title='bbox 663 1745 738 1808; x_wconf 83' lang='lat' dir='ltr'><strong><em>Eos,</em></strong></span> <span class='ocrx_word' id='word_1_240' title='bbox 765 1744 815 1812; x_wconf 84' lang='lat' dir='ltr'><strong><em>qui</em></strong></span> <span class='ocrx_word' id='word_1_241' title='bbox 839 1744 928 1796; x_wconf 87' lang='lat' dir='ltr'><strong><em>multa</em></strong></span> <span class='ocrx_word' id='word_1_242' title='bbox 956 1746 1142 1800; x_wconf 72' lang='lat' dir='ltr'><strong><em>b&#39;ommotionc</em></strong></span> <span class='ocrx_word' id='word_1_243' title='bbox 1166 1755 1390 1799; x_wconf 82' lang='lat' dir='ltr'><strong><em>commoneantur</em></strong></span> <span class='ocrx_word' id='word_1_244' title='bbox 1416 1748 1474 1813; x_wconf 74' lang='lat' dir='ltr'><strong><em>filii</em></strong></span> <span class='ocrx_word' id='word_1_245' title='bbox 1492 1749 1553 1815; x_wconf 83' lang='lat' dir='ltr'><strong><em>ejus</em></strong></span> <span class='ocrx_word' id='word_1_246' title='bbox 1575 1758 1600 1801; x_wconf 87' lang='lat' dir='ltr'><strong><em>et</em></strong></span> <span class='ocrx_word' id='word_1_247' title='bbox 1623 1753 1785 1805; x_wconf 85' lang='lat' dir='ltr'><strong><em>mendicent.</em></strong></span> 
     </span>
    </p>

    <p class='ocr_par' dir='ltr' id='par_1_18' title="bbox 89 1830 1786 1900">
     <span class='ocr_line' id='line_1_19' title="bbox 89 1830 1786 1900; baseline 0.003 -15"><span class='ocrx_word' id='word_1_248' title='bbox 89 1848 243 1900; x_wconf 78' lang='lat' dir='ltr'><strong><em>perperam</em></strong></span> <span class='ocrx_word' id='word_1_249' title='bbox 261 1833 292 1886; x_wconf 86' lang='lat' dir='ltr'><strong><em>in</em></strong></span> <span class='ocrx_word' id='word_1_250' title='bbox 307 1831 367 1884; x_wconf 83' lang='lat' dir='ltr'><strong><em>uita</em></strong></span> <span class='ocrx_word' id='word_1_251' title='bbox 388 1831 575 1894; x_wconf 83' lang='lat' dir='ltr'><strong><em>admiserunt,</em></strong></span> <span class='ocrx_word' id='word_1_252' title='bbox 597 1831 736 1884; x_wconf 69' lang='lat' dir='ltr'><strong><em>tenendi</em></strong></span> <span class='ocrx_word' id='word_1_253' title='bbox 752 1832 868 1899; x_wconf 80' lang='lat' dir='ltr'><strong><em>quidam</em></strong></span> <span class='ocrx_word' id='word_1_254' title='bbox 893 1847 927 1882; x_wconf 93' lang='lat' dir='ltr'><strong><em>ac</em></strong></span> <span class='ocrx_word' id='word_1_255' title='bbox 956 1835 1053 1893; x_wconf 73' lang='lat' dir='ltr'><strong><em>boatu</em></strong></span> <span class='ocrx_word' id='word_1_256' title='bbox 1073 1832 1101 1885; x_wconf 94' lang='lat' dir='ltr'><strong><em>in</em></strong></span> <span class='ocrx_word' id='word_1_257' title='bbox 1121 1847 1177 1900; x_wconf 89' lang='lat' dir='ltr'><strong><em>quo</em></strong></span> <span class='ocrx_word' id='word_1_258' title='bbox 1198 1830 1321 1885; x_wconf 89' lang='lat' dir='ltr'><strong><em>damnati</em></strong></span> <span class='ocrx_word' id='word_1_259' title='bbox 1342 1831 1550 1898; x_wconf 86' lang='lat' dir='ltr'><strong><em>cruciabuntur,</em></strong></span> <span class='ocrx_word' id='word_1_260' title='bbox 1575 1840 1618 1888; x_wconf 89' lang='lat' dir='ltr'><strong><em>est</em></strong></span> <span class='ocrx_word' id='word_1_261' title='bbox 1634 1851 1729 1889; x_wconf 75' lang='lat' dir='ltr'><strong><em>carccn</em></strong></span> <span class='ocrx_word' id='word_1_262' title='bbox 1746 1836 1786 1890; x_wconf 89' lang='lat' dir='ltr'><strong><em>in·</em></strong></span> 
     </span>
    </p>

    <p class='ocr_par' dir='ltr' id='par_1_19' title="bbox 91 1916 1967 1990">
     <span class='ocr_line' id='line_1_20' title="bbox 91 1916 1967 1990; baseline 0.002 -17"><span class='ocrx_word' id='word_1_263' title='bbox 91 1919 186 1973; x_wconf 81' lang='lat' dir='ltr'><strong><em>tristes</em></strong></span> <span class='ocrx_word' id='word_1_264' title='bbox 204 1918 429 1973; x_wconf 80' lang='lat' dir='ltr'><strong><em>circumstabunt.</em></strong></span> <span class='ocrx_word' id='word_1_265' title='bbox 464 1916 572 1982; x_wconf 76' lang='lat' dir='ltr'><strong><em>Anpdi</em></strong></span> <span class='ocrx_word' id='word_1_266' title='bbox 592 1917 684 1984; x_wconf 75' lang='lat' dir='ltr'><strong><em>ipncm</em></strong></span> <span class='ocrx_word' id='word_1_267' title='bbox 705 1924 842 1984; x_wconf 86' lang='lat' dir='ltr'><strong><em>paratum</em></strong></span> <span class='ocrx_word' id='word_1_268' title='bbox 865 1933 927 1969; x_wconf 88' lang='lat' dir='ltr'><strong><em>con·</em></strong></span> <span class='ocrx_word' id='word_1_269' title='bbox 953 1918 1074 1983; x_wconf 85' lang='lat' dir='ltr'><strong><em>feroalis,</em></strong></span> <span class='ocrx_word' id='word_1_270' title='bbox 1093 1918 1128 1971; x_wconf 91' lang='lat' dir='ltr'><strong><em>de</em></strong></span> <span class='ocrx_word' id='word_1_271' title='bbox 1146 1917 1226 1987; x_wconf 87' lang='lat' dir='ltr'><strong><em>cujus</em></strong></span> <span class='ocrx_word' id='word_1_272' title='bbox 1242 1920 1340 1983; x_wconf 80' lang='lat' dir='ltr'><strong><em>forma</em></strong></span> <span class='ocrx_word' id='word_1_273' title='bbox 1359 1919 1473 1971; x_wconf 74' lang='lat' dir='ltr'><strong><em>irstcrna</em></strong></span> <span class='ocrx_word' id='word_1_274' title='bbox 1496 1921 1557 1989; x_wconf 87' lang='lat' dir='ltr'><strong><em>jam</em></strong></span> <span class='ocrx_word' id='word_1_275' title='bbox 1576 1926 1640 1974; x_wconf 88' lang='lat' dir='ltr'><strong><em>ante</em></strong></span> <span class='ocrx_word' id='word_1_276' title='bbox 1660 1921 1787 1990; x_wconf 79' lang='lat' dir='ltr'><strong><em>diximus,</em></strong></span> <span class='ocrx_word' id='word_1_277' title='bbox 1802 1931 1848 1970; x_wconf 72' lang='lat' dir='ltr'><strong><em>lx·</em></strong></span> <span class='ocrx_word' id='word_1_278' title='bbox 1861 1930 1907 1970; x_wconf 65' lang='lat'><strong><em>223·</em></strong></span> <span class='ocrx_word' id='word_1_279' title='bbox 1963 1926 1967 1932; x_wconf 84' lang='lat'>&#39;</span> 
     </span>
    </p>

    <p class='ocr_par' dir='ltr' id='par_1_20' title="bbox 91 2002 1787 2074">
     <span class='ocr_line' id='line_1_21' title="bbox 91 2002 1787 2074; baseline 0.003 -17"><span class='ocrx_word' id='word_1_280' title='bbox 91 2012 207 2072; x_wconf 75' lang='lat' dir='ltr'><strong><em>tamtus,</em></strong></span> <span class='ocrx_word' id='word_1_281' title='bbox 224 2004 316 2072; x_wconf 74' lang='lat' dir='ltr'><strong><em>ipncm</em></strong></span> <span class='ocrx_word' id='word_1_282' title='bbox 329 2003 504 2071; x_wconf 72' lang='lat' dir='ltr'><strong><em>exspirarunt</em></strong></span> <span class='ocrx_word' id='word_1_283' title='bbox 520 2008 637 2072; x_wconf 84' lang='lat' dir='ltr'><strong><em>propter</em></strong></span> <span class='ocrx_word' id='word_1_284' title='bbox 649 2002 796 2069; x_wconf 88' lang='lat' dir='ltr'><strong><em>propositi</em></strong></span> <span class='ocrx_word' id='word_1_285' title='bbox 814 2020 925 2055; x_wconf 88' lang='lat' dir='ltr'><strong><em>amaru·</em></strong></span> <span class='ocrx_word' id='word_1_286' title='bbox 953 2006 987 2058; x_wconf 79' lang='lat' dir='ltr'><strong><em>tle</em></strong></span> <span class='ocrx_word' id='word_1_287' title='bbox 1007 2013 1121 2058; x_wconf 81' lang='lat' dir='ltr'><strong><em>caterno</em></strong></span> <span class='ocrx_word' id='word_1_288' title='bbox 1138 2005 1236 2070; x_wconf 77' lang='lat' dir='ltr'><strong><em>forma</em></strong></span> <span class='ocrx_word' id='word_1_289' title='bbox 1250 2004 1308 2057; x_wconf 85' lang='lat' dir='ltr'><strong><em>sive</em></strong></span> <span class='ocrx_word' id='word_1_290' title='bbox 1319 2002 1410 2074; x_wconf 89' lang='lat' dir='ltr'><strong><em>figura</em></strong></span> <span class='ocrx_word' id='word_1_291' title='bbox 1424 2006 1599 2074; x_wconf 90' lang='lat' dir='ltr'><strong><em>postmodum</em></strong></span> <span class='ocrx_word' id='word_1_292' title='bbox 1615 2007 1787 2065; x_wconf 79' lang='lat' dir='ltr'><strong><em>disseremus.</em></strong></span> 
     </span>
    </p>

    <p class='ocr_par' dir='ltr' id='par_1_21' title="bbox 90 2087 1786 2158">
     <span class='ocr_line' id='line_1_22' title="bbox 90 2087 1786 2158; baseline 0.004 -16"><span class='ocrx_word' id='word_1_293' title='bbox 90 2090 216 2155; x_wconf 80' lang='lat' dir='ltr'><strong><em>lentiam,</em></strong></span> <span class='ocrx_word' id='word_1_294' title='bbox 240 2091 346 2144; x_wconf 83' lang='lat' dir='ltr'><strong><em>nultum</em></strong></span> <span class='ocrx_word' id='word_1_295' title='bbox 366 2089 566 2156; x_wconf 73' lang='lat' dir='ltr'><strong><em>praeferemus</em></strong></span> <span class='ocrx_word' id='word_1_296' title='bbox 584 2088 661 2141; x_wconf 81' lang='lat' dir='ltr'><strong><em>riocti</em></strong></span> <span class='ocrx_word' id='word_1_297' title='bbox 679 2087 832 2141; x_wconf 71' lang='lat' dir='ltr'><strong><em>assimilem</em></strong></span> <span class='ocrx_word' id='word_1_298' title='bbox 851 2104 926 2156; x_wconf 86' lang='lat' dir='ltr'><strong><em>prae</em></strong></span> <span class='ocrx_word' id='word_1_299' title='bbox 954 2090 1006 2145; x_wconf 87' lang='lat' dir='ltr'><strong><em>Vel</em></strong></span> <span class='ocrx_word' id='word_1_300' title='bbox 1022 2090 1110 2144; x_wconf 90' lang='lat' dir='ltr'><strong><em>solnm</em></strong></span> <span class='ocrx_word' id='word_1_301' title='bbox 1130 2090 1248 2144; x_wconf 86' lang='lat' dir='ltr'><strong><em>carceris</em></strong></span> <span class='ocrx_word' id='word_1_302' title='bbox 1266 2107 1366 2143; x_wconf 88' lang='lat' dir='ltr'><strong><em>nornen</em></strong></span> <span class='ocrx_word' id='word_1_303' title='bbox 1392 2092 1527 2158; x_wconf 73' lang='lat' dir='ltr'><strong><em>ostendit,</em></strong></span> <span class='ocrx_word' id='word_1_304' title='bbox 1552 2110 1660 2146; x_wconf 87' lang='lat' dir='ltr'><strong><em>ornnem</em></strong></span> <span class='ocrx_word' id='word_1_305' title='bbox 1686 2094 1722 2148; x_wconf 92' lang='lat' dir='ltr'><strong><em>ab</em></strong></span> <span class='ocrx_word' id='word_1_306' title='bbox 1747 2096 1786 2148; x_wconf 89' lang='lat' dir='ltr'><strong><em>in-</em></strong></span> 
     </span>
    </p>

    <p class='ocr_par' dir='ltr' id='par_1_22' title="bbox 91 2173 1834 2249">
     <span class='ocr_line' id='line_1_23' title="bbox 91 2173 1834 2249; baseline 0.002 -19"><span class='ocrx_word' id='word_1_307' title='bbox 91 2193 218 2229; x_wconf 85' lang='lat' dir='ltr'><strong><em>mocrorc</em></strong></span> <span class='ocrx_word' id='word_1_308' title='bbox 240 2185 323 2245; x_wconf 78' lang='lat' dir='ltr'><strong><em>atquc</em></strong></span> <span class='ocrx_word' id='word_1_309' title='bbox 342 2175 483 2229; x_wconf 83' lang='lat' dir='ltr'><strong><em>boruinum</em></strong></span> <span class='ocrx_word' id='word_1_310' title='bbox 509 2174 583 2228; x_wconf 87' lang='lat' dir='ltr'><strong><em>odio.</em></strong></span> <span class='ocrx_word' id='word_1_311' title='bbox 621 2173 769 2228; x_wconf 77' lang='lat' dir='ltr'><strong><em>Cassianus</em></strong></span> <span class='ocrx_word' id='word_1_312' title='bbox 795 2174 829 2227; x_wconf 90' lang='lat' dir='ltr'><strong><em>de</em></strong></span> <span class='ocrx_word' id='word_1_313' title='bbox 854 2173 926 2226; x_wconf 87' lang='lat' dir='ltr'><strong><em>conf.</em></strong></span> <span class='ocrx_word' id='word_1_314' title='bbox 952 2177 1137 2245; x_wconf 72' lang='lat' dir='ltr'><strong><em>femoabesse</em></strong></span> <span class='ocrx_word' id='word_1_315' title='bbox 1149 2175 1392 2246; x_wconf 89' lang='lat' dir='ltr'><strong><em>pulchritudinem,</em></strong></span> <span class='ocrx_word' id='word_1_316' title='bbox 1411 2194 1520 2232; x_wconf 88' lang='lat' dir='ltr'><strong><em>omnem</em></strong></span> <span class='ocrx_word' id='word_1_317' title='bbox 1536 2180 1712 2249; x_wconf 85' lang='lat' dir='ltr'><strong><em>voluptatem,</em></strong></span> <span class='ocrx_word' id='word_1_318' title='bbox 1726 2198 1783 2236; x_wconf 90' lang='lat' dir='ltr'><strong><em>om-</em></strong></span> <span class='ocrx_word' id='word_1_319' title='bbox 1828 2231 1834 2241; x_wconf 85' lang='lat'><strong><em>,</em></strong></span> 
     </span>
    </p>

    <p class='ocr_par' dir='ltr' id='par_1_23' title="bbox 92 2259 1824 2331">
     <span class='ocr_line' id='line_1_24' title="bbox 92 2259 1824 2331; baseline 0.002 -16"><span class='ocrx_word' id='word_1_320' title='bbox 92 2261 175 2316; x_wconf 89' lang='lat' dir='ltr'><strong><em>theol.</em></strong></span> <span class='ocrx_word' id='word_1_321' title='bbox 206 2268 277 2331; x_wconf 86' lang='lat' dir='ltr'><strong><em>part.</em></strong></span> <span class='ocrx_word' id='word_1_322' title='bbox 302 2267 332 2316; x_wconf 82' lang='lat'><strong><em>3:</em></strong></span> <span class='ocrx_word' id='word_1_323' title='bbox 368 2260 416 2314; x_wconf 90' lang='lat' dir='ltr'><strong><em>Ibi</em></strong></span> <span class='ocrx_word' id='word_1_324' title='bbox 443 2269 555 2314; x_wconf 88' lang='lat' dir='ltr'><strong><em>atroces</em></strong></span> <span class='ocrx_word' id='word_1_325' title='bbox 586 2259 683 2327; x_wconf 73' lang='lat' dir='ltr'><strong><em>anpeli</em></strong></span> <span class='ocrx_word' id='word_1_326' title='bbox 710 2268 926 2323; x_wconf 80' lang='lat' dir='ltr'><strong><em>commorantur,</em></strong></span> <span class='ocrx_word' id='word_1_327' title='bbox 953 2279 1016 2317; x_wconf 91' lang='lat' dir='ltr'><strong><em>nem</em></strong></span> <span class='ocrx_word' id='word_1_328' title='bbox 1034 2262 1239 2328; x_wconf 76' lang='lat' dir='ltr'><strong><em>amoenitatem,</em></strong></span> <span class='ocrx_word' id='word_1_329' title='bbox 1254 2277 1351 2316; x_wconf 87' lang='lat' dir='ltr'><strong><em>carcer</em></strong></span> <span class='ocrx_word' id='word_1_330' title='bbox 1368 2263 1442 2317; x_wconf 89' lang='lat' dir='ltr'><strong><em>enim</em></strong></span> <span class='ocrx_word' id='word_1_331' title='bbox 1461 2270 1503 2318; x_wconf 88' lang='lat' dir='ltr'><strong><em>est</em></strong></span> <span class='ocrx_word' id='word_1_332' title='bbox 1522 2264 1595 2319; x_wconf 87' lang='lat' dir='ltr'><strong><em>mala</em></strong></span> <span class='ocrx_word' id='word_1_333' title='bbox 1613 2267 1726 2321; x_wconf 88' lang='lat' dir='ltr'><strong><em>mansio.</em></strong></span> <span class='ocrx_word' id='word_1_334' title='bbox 1798 2260 1824 2297; x_wconf 77' lang='lat'><strong><em>··&#39;</em></strong></span> 
     </span>
    </p>

    <p class='ocr_par' dir='ltr' id='par_1_24' title="bbox 92 2346 1932 2422">
     <span class='ocr_line' id='line_1_25' title="bbox 92 2346 1932 2422; baseline -0.002 -14"><span class='ocrx_word' id='word_1_335' title='bbox 92 2365 209 2416; x_wconf 64' lang='lat' dir='ltr'><strong><em>quorum</em></strong></span> <span class='ocrx_word' id='word_1_336' title='bbox 229 2348 345 2401; x_wconf 63' lang='lat' dir='ltr'><strong><em>braama</em></strong></span> <span class='ocrx_word' id='word_1_337' title='bbox 362 2354 426 2401; x_wconf 80' lang='lat' dir='ltr'><strong><em>runt</em></strong></span> <span class='ocrx_word' id='word_1_338' title='bbox 444 2354 475 2399; x_wconf 67' lang='lat'><strong><em>²⁴⁸</em></strong></span> <span class='ocrx_word' id='word_1_339' title='bbox 494 2346 593 2414; x_wconf 57' lang='lat' dir='ltr'><strong><em>⁶⁰1³ssss</em></strong></span> <span class='ocrx_word' id='word_1_340' title='bbox 610 2346 782 2409; x_wconf 85' lang='lat' dir='ltr'><strong><em>draconum,</em></strong></span> <span class='ocrx_word' id='word_1_341' title='bbox 804 2363 923 2413; x_wconf 81' lang='lat' dir='ltr'><strong><em>quorum</em></strong></span> <span class='ocrx_word' id='word_1_342' title='bbox 988 2356 1029 2404; x_wconf 79' lang='lat'><strong><em>55.</em></strong></span> <span class='ocrx_word' id='word_1_343' title='bbox 1064 2348 1249 2418; x_wconf 74' lang='lat' dir='ltr'><strong><em>Exposuisses</em></strong></span> <span class='ocrx_word' id='word_1_344' title='bbox 1268 2348 1402 2403; x_wconf 67' lang='lat' dir='ltr'><strong><em>hacmnus</em></strong></span> <span class='ocrx_word' id='word_1_345' title='bbox 1426 2352 1612 2418; x_wconf 82' lang='lat' dir='ltr'><strong><em>quartts&#39;tatcm</em></strong></span> <span class='ocrx_word' id='word_1_346' title='bbox 1626 2354 1786 2422; x_wconf 85' lang='lat' dir='ltr'><strong><em>discretam,</em></strong></span> <span class='ocrx_word' id='word_1_347' title='bbox 1800 2365 1819 2404; x_wconf 82' lang='lat'><strong><em>2.</em></strong></span> <span class='ocrx_word' id='word_1_348' title='bbox 1834 2363 1865 2404; x_wconf 83' lang='lat' dir='ltr'><strong><em>ns</em></strong></span> <span class='ocrx_word' id='word_1_349' title='bbox 1880 2375 1932 2405; x_wconf 84' lang='lat' dir='ltr'><strong><em>eon-</em></strong></span> 
     </span>
    </p>

    <p class='ocr_par' dir='ltr' id='par_1_25' title="bbox 92 2419 1933 2508">
     <span class='ocr_line' id='line_1_26' title="bbox 92 2419 1933 2508; baseline 0.004 -21"><span class='ocrx_word' id='word_1_350' title='bbox 92 2435 168 2488; x_wconf 87' lang='lat' dir='ltr'><strong><em>oculi</em></strong></span> <span class='ocrx_word' id='word_1_351' title='bbox 183 2435 280 2501; x_wconf 77' lang='lat' dir='ltr'><strong><em>ipnats</em></strong></span> <span class='ocrx_word' id='word_1_352' title='bbox 297 2451 331 2487; x_wconf 79' lang='lat' dir='ltr'><strong><em>aa</em></strong></span> <span class='ocrx_word' id='word_1_353' title='bbox 349 2449 380 2486; x_wconf 78' lang='lat' dir='ltr'><strong><em>se</em></strong></span> <span class='ocrx_word' id='word_1_354' title='bbox 398 2432 519 2501; x_wconf 63' lang='lat' dir='ltr'><strong><em>rupium</em></strong></span> <span class='ocrx_word' id='word_1_355' title='bbox 536 2431 671 2494; x_wconf 76' lang='lat' dir='ltr'><strong><em>emittam,</em></strong></span> <span class='ocrx_word' id='word_1_356' title='bbox 695 2448 813 2500; x_wconf 64' lang='lat' dir='ltr'><strong><em>quorum</em></strong></span> <span class='ocrx_word' id='word_1_357' title='bbox 831 2433 926 2483; x_wconf 79' lang='lat' dir='ltr'><strong><em>‹leutcs</em></strong></span> <span class='ocrx_word' id='word_1_358' title='bbox 953 2452 1095 2490; x_wconf 89' lang='lat' dir='ltr'><strong><em>numerum</em></strong></span> <span class='ocrx_word' id='word_1_359' title='bbox 1113 2435 1217 2489; x_wconf 87' lang='lat' dir='ltr'><strong><em>scilicet</em></strong></span> <span class='ocrx_word' id='word_1_360' title='bbox 1237 2452 1271 2489; x_wconf 85' lang='lat' dir='ltr'><strong><em>ac</em></strong></span> <span class='ocrx_word' id='word_1_361' title='bbox 1290 2435 1469 2506; x_wconf 84' lang='lat' dir='ltr'><strong><em>multiplicem</em></strong></span> <span class='ocrx_word' id='word_1_362' title='bbox 1490 2437 1668 2492; x_wconf 81' lang='lat' dir='ltr'><strong><em>infernalium</em></strong></span> <span class='ocrx_word' id='word_1_363' title='bbox 1684 2455 1785 2508; x_wconf 87' lang='lat' dir='ltr'><strong><em>poena·</em></strong></span> <span class='ocrx_word' id='word_1_364' title='bbox 1800 2419 1933 2506; x_wconf 53' lang='grc' dir='ltr'><strong><em>ᾞᾞζῖ</em></strong></span> 
     </span>
    </p>

    <p class='ocr_par' dir='ltr' id='par_1_26' title="bbox 92 2518 1918 2609">
     <span class='ocr_line' id='line_1_27' title="bbox 92 2518 1918 2609; baseline 0.002 -36"><span class='ocrx_word' id='word_1_365' title='bbox 92 2529 122 2574; x_wconf 89' lang='lat' dir='ltr'><strong><em>ut</em></strong></span> <span class='ocrx_word' id='word_1_366' title='bbox 141 2520 298 2589; x_wconf 80' lang='lat' dir='ltr'><strong><em>elephantis</em></strong></span> <span class='ocrx_word' id='word_1_367' title='bbox 312 2519 472 2588; x_wconf 84' lang='lat' dir='ltr'><strong><em>prominent</em></strong></span> <span class='ocrx_word' id='word_1_368' title='bbox 495 2518 683 2571; x_wconf 71' lang='lat' dir='ltr'><strong><em>astinetum</em></strong></span> <span class='ocrx_word' id='word_1_369' title='bbox 704 2519 926 2571; x_wconf 76' lang='lat' dir='ltr'><strong><em>adiumentum</em></strong></span> <span class='ocrx_word' id='word_1_370' title='bbox 952 2540 1012 2576; x_wconf 91' lang='lat' dir='ltr'><strong><em>rum</em></strong></span> <span class='ocrx_word' id='word_1_371' title='bbox 1030 2521 1201 2586; x_wconf 69' lang='lat' dir='ltr'><strong><em>ranetatem,</em></strong></span> <span class='ocrx_word' id='word_1_372' title='bbox 1226 2528 1321 2587; x_wconf 76' lang='lat' dir='ltr'><strong><em>restat,</em></strong></span> <span class='ocrx_word' id='word_1_373' title='bbox 1346 2529 1378 2576; x_wconf 89' lang='lat' dir='ltr'><strong><em>ut</em></strong></span> <span class='ocrx_word' id='word_1_374' title='bbox 1396 2522 1481 2576; x_wconf 88' lang='lat' dir='ltr'><strong><em>etiam</em></strong></span> <span class='ocrx_word' id='word_1_375' title='bbox 1499 2526 1659 2578; x_wconf 65' lang='lat' dir='ltr'><strong><em>canusinam</em></strong></span> <span class='ocrx_word' id='word_1_376' title='bbox 1677 2518 1918 2609; x_wconf 60' lang='lat' dir='ltr'><strong><em>qrtu1nti·‘⁰&#39;⁰⁸,¹,¹}¹¹¹¹</em></strong></span> 
     </span>
    </p>

    <p class='ocr_par' dir='ltr' id='par_1_27' title="bbox 92 2581 1857 2680">
     <span class='ocr_line' id='line_1_28' title="bbox 92 2581 1857 2680; baseline 0.002 -22"><span class='ocrx_word' id='word_1_377' title='bbox 92 2615 123 2659; x_wconf 86' lang='lat' dir='ltr'><strong><em>ut</em></strong></span> <span class='ocrx_word' id='word_1_378' title='bbox 141 2608 250 2659; x_wconf 85' lang='lat' dir='ltr'><strong><em>caudae</em></strong></span> <span class='ocrx_word' id='word_1_379' title='bbox 267 2605 456 2674; x_wconf 77' lang='lat' dir='ltr'><strong><em>scorpionum,</em></strong></span> <span class='ocrx_word' id='word_1_380' title='bbox 473 2620 591 2672; x_wconf 63' lang='lat' dir='ltr'><strong><em>morum</em></strong></span> <span class='ocrx_word' id='word_1_381' title='bbox 608 2605 759 2670; x_wconf 64' lang='lat' dir='ltr'><strong><em>adprensa</em></strong></span> <span class='ocrx_word' id='word_1_382' title='bbox 778 2611 924 2656; x_wconf 82' lang='lat' dir='ltr'><strong><em>tremorem</em></strong></span> <span class='ocrx_word' id='word_1_383' title='bbox 950 2617 1036 2663; x_wconf 85' lang='lat' dir='ltr'><strong><em>tatem</em></strong></span> <span class='ocrx_word' id='word_1_384' title='bbox 1061 2608 1120 2663; x_wconf 86' lang='lat' dir='ltr'><strong><em>sive</em></strong></span> <span class='ocrx_word' id='word_1_385' title='bbox 1148 2612 1257 2677; x_wconf 92' lang='lat' dir='ltr'><strong><em>tempus</em></strong></span> <span class='ocrx_word' id='word_1_386' title='bbox 1287 2607 1436 2661; x_wconf 86' lang='lat' dir='ltr'><strong><em>earundem</em></strong></span> <span class='ocrx_word' id='word_1_387' title='bbox 1462 2610 1649 2680; x_wconf 85' lang='lat' dir='ltr'><strong><em>qualicunque</em></strong></span> <span class='ocrx_word' id='word_1_388' title='bbox 1677 2613 1784 2665; x_wconf 88' lang='lat' dir='ltr'><strong><em>ratione</em></strong></span> <span class='ocrx_word' id='word_1_389' title='bbox 1799 2581 1857 2661; x_wconf 60' lang='lat' dir='ltr'><strong><em>isliu</em></strong></span> 
     </span>
    </p>

    <p class='ocr_par' dir='ltr' id='par_1_28' title="bbox 90 2688 1784 2765">
     <span class='ocr_line' id='line_1_29' title="bbox 90 2688 1784 2765; baseline 0.002 -18"><span class='ocrx_word' id='word_1_390' title='bbox 90 2693 200 2747; x_wconf 86' lang='lat' dir='ltr'><strong><em>inducit</em></strong></span> <span class='ocrx_word' id='word_1_391' title='bbox 219 2700 244 2744; x_wconf 87' lang='lat' dir='ltr'><strong><em>et</em></strong></span> <span class='ocrx_word' id='word_1_392' title='bbox 264 2691 390 2746; x_wconf 72' lang='lat' dir='ltr'><strong><em>dolorm</em></strong></span> <span class='ocrx_word' id='word_1_393' title='bbox 417 2697 502 2759; x_wconf 67' lang='lat' dir='ltr'><strong><em>Music</em></strong></span> <span class='ocrx_word' id='word_1_394' title='bbox 524 2696 648 2743; x_wconf 72' lang='lat' dir='ltr'><strong><em>mortem·</em></strong></span> <span class='ocrx_word' id='word_1_395' title='bbox 683 2688 861 2743; x_wconf 68' lang='lat' dir='ltr'><strong><em>Bernhardus</em></strong></span> <span class='ocrx_word' id='word_1_396' title='bbox 884 2689 924 2741; x_wconf 79' lang='lat' dir='ltr'><strong><em>di·</em></strong></span> <span class='ocrx_word' id='word_1_397' title='bbox 951 2694 1128 2765; x_wconf 85' lang='lat' dir='ltr'><strong><em>explicemus.</em></strong></span> <span class='ocrx_word' id='word_1_398' title='bbox 1164 2692 1289 2764; x_wconf 82' lang='lat' dir='ltr'><strong><em>Tempus</em></strong></span> <span class='ocrx_word' id='word_1_399' title='bbox 1305 2710 1457 2763; x_wconf 89' lang='lat' dir='ltr'><strong><em>poenarum</em></strong></span> <span class='ocrx_word' id='word_1_400' title='bbox 1477 2694 1654 2750; x_wconf 80' lang='lat' dir='ltr'><strong><em>infernalium</em></strong></span> <span class='ocrx_word' id='word_1_401' title='bbox 1667 2692 1784 2751; x_wconf 86' lang='lat' dir='ltr'><strong><em>docendi</em></strong></span> 
     </span>
    </p>

    <p class='ocr_par' dir='ltr' id='par_1_29' title="bbox 92 2774 1784 2853">
     <span class='ocr_line' id='line_1_30' title="bbox 92 2774 1784 2853; baseline -0.001 -16"><span class='ocrx_word' id='word_1_402' title='bbox 92 2776 164 2832; x_wconf 82' lang='lat' dir='ltr'><strong><em>xisss</em></strong></span> <span class='ocrx_word' id='word_1_403' title='bbox 182 2782 357 2845; x_wconf 79' lang='lat' dir='ltr'><strong><em>memoratur,</em></strong></span> <span class='ocrx_word' id='word_1_404' title='bbox 376 2774 452 2845; x_wconf 76' lang='lat' dir='ltr'><strong><em>quot</em></strong></span> <span class='ocrx_word' id='word_1_405' title='bbox 469 2775 553 2828; x_wconf 80' lang='lat' dir='ltr'><strong><em>matti</em></strong></span> <span class='ocrx_word' id='word_1_406' title='bbox 567 2776 719 2839; x_wconf 69' lang='lat' dir='ltr'><strong><em>furacem</em></strong></span> <span class='ocrx_word' id='word_1_407' title='bbox 737 2775 924 2828; x_wconf 70' lang='lat' dir='ltr'><strong><em>saumarius</em></strong></span> <span class='ocrx_word' id='word_1_408' title='bbox 952 2797 1037 2836; x_wconf 79' lang='lat' dir='ltr'><strong><em>sams</em></strong></span> <span class='ocrx_word' id='word_1_409' title='bbox 1054 2780 1153 2848; x_wconf 81' lang='lat' dir='ltr'><strong><em>duplex</em></strong></span> <span class='ocrx_word' id='word_1_410' title='bbox 1172 2780 1257 2834; x_wconf 76' lang='lat' dir='ltr'><strong><em>nutui</em></strong></span> <span class='ocrx_word' id='word_1_411' title='bbox 1277 2785 1375 2849; x_wconf 79' lang='lat' dir='ltr'><strong><em>potest</em></strong></span> <span class='ocrx_word' id='word_1_412' title='bbox 1410 2782 1647 2850; x_wconf 76' lang='lat' dir='ltr'><strong><em>Praeparanonts</em></strong></span> <span class='ocrx_word' id='word_1_413' title='bbox 1664 2792 1691 2836; x_wconf 85' lang='lat' dir='ltr'><strong><em>u</em></strong></span> <span class='ocrx_word' id='word_1_414' title='bbox 1710 2786 1784 2853; x_wconf 67' lang='lat' dir='ltr'><strong><em>tinti-</em></strong></span> 
     </span>
    </p>

    <p class='ocr_par' dir='ltr' id='par_1_30' title="bbox 89 2861 1785 2938">
     <span class='ocr_line' id='line_1_31' title="bbox 89 2861 1785 2938; baseline -0.002 -11"><span class='ocrx_word' id='word_1_415' title='bbox 89 2864 243 2927; x_wconf 67' lang='lat' dir='ltr'><strong><em>fmtltm</em></strong></span> <span class='ocrx_word' id='word_1_416' title='bbox 266 2863 375 2917; x_wconf 72' lang='lat' dir='ltr'><strong><em>intrare</em></strong></span> <span class='ocrx_word' id='word_1_417' title='bbox 399 2878 483 2930; x_wconf 65' lang='lat' dir='ltr'><strong><em>queam</em></strong></span> <span class='ocrx_word' id='word_1_418' title='bbox 505 2861 650 2915; x_wconf 85' lang='lat' dir='ltr'><strong><em>diabolum</em></strong></span> <span class='ocrx_word' id='word_1_419' title='bbox 672 2862 703 2913; x_wconf 88' lang='lat' dir='ltr'><strong><em>in</em></strong></span> <span class='ocrx_word' id='word_1_420' title='bbox 727 2879 780 2916; x_wconf 83' lang='lat' dir='ltr'><strong><em>sua</em></strong></span> <span class='ocrx_word' id='word_1_421' title='bbox 802 2861 925 2930; x_wconf 73' lang='lat' dir='ltr'><strong><em>propria</em></strong></span> <span class='ocrx_word' id='word_1_422' title='bbox 951 2869 1058 2923; x_wconf 72' lang='lat' dir='ltr'><strong><em>ationis</em></strong></span> <span class='ocrx_word' id='word_1_423' title='bbox 1094 2866 1138 2920; x_wconf 90' lang='lat' dir='ltr'><strong><em>De</em></strong></span> <span class='ocrx_word' id='word_1_424' title='bbox 1155 2871 1279 2934; x_wconf 89' lang='lat' dir='ltr'><strong><em>tempore</em></strong></span> <span class='ocrx_word' id='word_1_425' title='bbox 1297 2866 1516 2935; x_wconf 84' lang='lat' dir='ltr'><strong><em>praeparationis</em></strong></span> <span class='ocrx_word' id='word_1_426' title='bbox 1535 2869 1641 2938; x_wconf 79' lang='lat' dir='ltr'><strong><em>egimus</em></strong></span> <span class='ocrx_word' id='word_1_427' title='bbox 1659 2869 1785 2938; x_wconf 86' lang='lat' dir='ltr'><strong><em>superins</em></strong></span> 
     </span>
    </p>

    <p class='ocr_par' dir='ltr' id='par_1_31' title="bbox 91 2945 1785 3024">
     <span class='ocr_line' id='line_1_32' title="bbox 91 2945 1785 3024; baseline 0.001 -18"><span class='ocrx_word' id='word_1_428' title='bbox 91 2951 189 3013; x_wconf 79' lang='lat' dir='ltr'><strong><em>forma</em></strong></span> <span class='ocrx_word' id='word_1_429' title='bbox 215 2955 400 3020; x_wconf 64' lang='lat' dir='ltr'><strong><em>apparentem</em></strong></span> <span class='ocrx_word' id='word_1_430' title='bbox 426 2947 531 3002; x_wconf 68' lang='lat' dir='ltr'><strong><em>vidtrt·</em></strong></span> <span class='ocrx_word' id='word_1_431' title='bbox 574 2945 638 3000; x_wconf 77' lang='lat' dir='ltr'><strong><em>,ng</em></strong></span> <span class='ocrx_word' id='word_1_432' title='bbox 663 2961 729 3001; x_wconf 71' lang='lat' dir='ltr'><strong><em>Vtro</em></strong></span> <span class='ocrx_word' id='word_1_433' title='bbox 758 2963 813 3001; x_wconf 61' lang='grc' dir='ltr'><strong><em>ΒΘΗ</em></strong></span> <span class='ocrx_word' id='word_1_434' title='bbox 838 2948 924 3001; x_wconf 68' lang='lat' dir='ltr'><strong><em>teme]</em></strong></span> <span class='ocrx_word' id='word_1_435' title='bbox 951 2961 974 3020; x_wconf 65' lang='lat' dir='ltr'><strong><em>t.</em></strong></span> <span class='ocrx_word' id='word_1_436' title='bbox 994 2960 1035 3010; x_wconf 78' lang='lat'><strong><em>³1.</em></strong></span> <span class='ocrx_word' id='word_1_437' title='bbox 1072 2952 1194 3022; x_wconf 84' lang='lat' dir='ltr'><strong><em>Tempus</em></strong></span> <span class='ocrx_word' id='word_1_438' title='bbox 1218 2951 1383 3021; x_wconf 80' lang='lat' dir='ltr'><strong><em>inflictionis</em></strong></span> <span class='ocrx_word' id='word_1_439' title='bbox 1410 2952 1508 3007; x_wconf 84' lang='lat' dir='ltr'><strong><em>iterum</em></strong></span> <span class='ocrx_word' id='word_1_440' title='bbox 1535 2954 1636 3024; x_wconf 85' lang='lat' dir='ltr'><strong><em>duplex</em></strong></span> <span class='ocrx_word' id='word_1_441' title='bbox 1663 2963 1717 3023; x_wconf 86' lang='lat' dir='ltr'><strong><em>est,</em></strong></span> <span class='ocrx_word' id='word_1_442' title='bbox 1742 2957 1785 3008; x_wconf 85' lang='lat' dir='ltr'><strong><em>in·</em></strong></span> 
     </span>
    </p>

    <p class='ocr_par' dir='ltr' id='par_1_32' title="bbox 91 3030 1783 3110">
     <span class='ocr_line' id='line_1_33' title="bbox 91 3030 1783 3110; baseline 0 -22"><span class='ocrx_word' id='word_1_443' title='bbox 91 3035 228 3090; x_wconf 86' lang='lat' dir='ltr'><strong><em>duntaxat</em></strong></span> <span class='ocrx_word' id='word_1_444' title='bbox 251 3034 300 3089; x_wconf 88' lang='lat' dir='ltr'><strong><em>sed</em></strong></span> <span class='ocrx_word' id='word_1_445' title='bbox 323 3039 458 3103; x_wconf 86' lang='lat' dir='ltr'><strong><em>perpetuo</em></strong></span> <span class='ocrx_word' id='word_1_446' title='bbox 480 3030 606 3086; x_wconf 86' lang='lat' dir='ltr'><strong><em>damnati</em></strong></span> <span class='ocrx_word' id='word_1_447' title='bbox 623 3030 763 3087; x_wconf 86' lang='lat' dir='ltr'><strong><em>diabolum</em></strong></span> <span class='ocrx_word' id='word_1_448' title='bbox 782 3032 924 3099; x_wconf 85' lang='lat' dir='ltr'><strong><em>ridebunt,</em></strong></span> <span class='ocrx_word' id='word_1_449' title='bbox 951 3040 1107 3094; x_wconf 60' lang='lat' dir='ltr'><strong><em>montionis</em></strong></span> <span class='ocrx_word' id='word_1_450' title='bbox 1134 3047 1160 3092; x_wconf 75' lang='lat' dir='ltr'><strong><em>u</em></strong></span> <span class='ocrx_word' id='word_1_451' title='bbox 1188 3039 1356 3093; x_wconf 75' lang='lat' dir='ltr'><strong><em>durationis.</em></strong></span> <span class='ocrx_word' id='word_1_452' title='bbox 1393 3038 1585 3093; x_wconf 62' lang='lat' dir='ltr'><strong><em>lutosensis</em></strong></span> <span class='ocrx_word' id='word_1_453' title='bbox 1608 3046 1723 3110; x_wconf 40' lang='lat' dir='ltr'><strong><em>tempus,</em></strong></span> <span class='ocrx_word' id='word_1_454' title='bbox 1743 3042 1783 3094; x_wconf 79' lang='lat' dir='ltr'><strong><em>di-</em></strong></span> 
     </span>
    </p>

    <p class='ocr_par' dir='ltr' id='par_1_33' title="bbox 92 3117 1785 3193">
     <span class='ocr_line' id='line_1_34' title="bbox 92 3117 1785 3193; baseline -0.001 -12"><span class='ocrx_word' id='word_1_455' title='bbox 92 3136 125 3175; x_wconf 77' lang='lat'><strong><em>01</em></strong></span> <span class='ocrx_word' id='word_1_456' title='bbox 143 3138 201 3191; x_wconf 72' lang='lat' dir='ltr'><strong><em>qut·</em></strong></span> <span class='ocrx_word' id='word_1_457' title='bbox 216 3120 320 3175; x_wconf 73' lang='lat' dir='ltr'><strong><em>vitione</em></strong></span> <span class='ocrx_word' id='word_1_458' title='bbox 339 3119 461 3190; x_wconf 70' lang='lat' dir='ltr'><strong><em>ipwruffl</em></strong></span> <span class='ocrx_word' id='word_1_459' title='bbox 478 3124 615 3173; x_wconf 65' lang='lat' dir='ltr'><strong><em>Wfflffllt</em></strong></span> <span class='ocrx_word' id='word_1_460' title='bbox 638 3117 828 3187; x_wconf 59' lang='lat' dir='ltr'><strong><em>*lugebfflllufs</em></strong></span> <span class='ocrx_word' id='word_1_461' title='bbox 853 3118 926 3172; x_wconf 68' lang='lat' dir='ltr'><strong><em>titul</em></strong></span> <span class='ocrx_word' id='word_1_462' title='bbox 953 3143 1060 3181; x_wconf 88' lang='lat' dir='ltr'><strong><em>versum</em></strong></span> <span class='ocrx_word' id='word_1_463' title='bbox 1078 3131 1120 3179; x_wconf 89' lang='lat' dir='ltr'><strong><em>est</em></strong></span> <span class='ocrx_word' id='word_1_464' title='bbox 1136 3123 1243 3179; x_wconf 88' lang='lat' dir='ltr'><strong><em>ratione</em></strong></span> <span class='ocrx_word' id='word_1_465' title='bbox 1261 3124 1379 3193; x_wconf 79' lang='lat' dir='ltr'><strong><em>subJecti</em></strong></span> <span class='ocrx_word' id='word_1_466' title='bbox 1405 3125 1514 3192; x_wconf 76' lang='lat' dir='ltr'><strong><em>anpclis</em></strong></span> <span class='ocrx_word' id='word_1_467' title='bbox 1540 3127 1624 3179; x_wconf 73' lang='lat' dir='ltr'><strong><em>malis</em></strong></span> <span class='ocrx_word' id='word_1_468' title='bbox 1650 3135 1677 3179; x_wconf 88' lang='lat' dir='ltr'><strong><em>ct</em></strong></span> <span class='ocrx_word' id='word_1_469' title='bbox 1700 3127 1785 3180; x_wconf 83' lang='lat' dir='ltr'><strong><em>lomi·</em></strong></span> 
     </span>
    </p>

    <p class='ocr_par' dir='ltr' id='par_1_34' title="bbox 91 3203 1785 3280">
     <span class='ocr_line' id='line_1_35' title="bbox 91 3203 1785 3280; baseline 0.001 -18"><span class='ocrx_word' id='word_1_470' title='bbox 91 3208 128 3263; x_wconf 82' lang='lat' dir='ltr'><strong><em>ad</em></strong></span> <span class='ocrx_word' id='word_1_471' title='bbox 147 3207 277 3262; x_wconf 85' lang='lat' dir='ltr'><strong><em>intuitum</em></strong></span> <span class='ocrx_word' id='word_1_472' title='bbox 297 3203 436 3260; x_wconf 86' lang='lat' dir='ltr'><strong><em>carnificis</em></strong></span> <span class='ocrx_word' id='word_1_473' title='bbox 451 3203 599 3259; x_wconf 81' lang='lat' dir='ltr'><strong><em>facinorosi</em></strong></span> <span class='ocrx_word' id='word_1_474' title='bbox 617 3206 841 3258; x_wconf 84' lang='lat' dir='ltr'><strong><em>contremiscunt</em></strong></span> <span class='ocrx_word' id='word_1_475' title='bbox 869 3205 924 3260; x_wconf 84' lang='lat' dir='ltr'><strong><em>Sed</em></strong></span> <span class='ocrx_word' id='word_1_476' title='bbox 952 3214 1033 3266; x_wconf 57' lang='lat' dir='ltr'><strong><em>‚item</em></strong></span> <span class='ocrx_word' id='word_1_477' title='bbox 1050 3211 1201 3266; x_wconf 69' lang='lat' dir='ltr'><strong><em>daunais.</em></strong></span> <span class='ocrx_word' id='word_1_478' title='bbox 1237 3208 1337 3280; x_wconf 84' lang='lat' dir='ltr'><strong><em>Angeli</em></strong></span> <span class='ocrx_word' id='word_1_479' title='bbox 1361 3209 1425 3263; x_wconf 85' lang='lat' dir='ltr'><strong><em>mali</em></strong></span> <span class='ocrx_word' id='word_1_480' title='bbox 1450 3211 1543 3265; x_wconf 83' lang='lat' dir='ltr'><strong><em>statim</em></strong></span> <span class='ocrx_word' id='word_1_481' title='bbox 1568 3219 1599 3266; x_wconf 85' lang='lat' dir='ltr'><strong><em>ut</em></strong></span> <span class='ocrx_word' id='word_1_482' title='bbox 1622 3229 1640 3266; x_wconf 80' lang='lat' dir='ltr'><strong><em>a</em></strong></span> <span class='ocrx_word' id='word_1_483' title='bbox 1661 3219 1785 3268; x_wconf 78' lang='lat' dir='ltr'><strong><em>creatore</em></strong></span> 
     </span>
    </p>

    <p class='ocr_par' dir='ltr' id='par_1_35' title="bbox 91 3290 1840 3363">
     <span class='ocr_line' id='line_1_36' title="bbox 91 3290 1840 3363; baseline -0.006 -1"><span class='ocrx_word' id='word_1_484' title='bbox 91 3299 120 3349; x_wconf 67' lang='lat' dir='ltr'><strong><em>‘ti</em></strong></span> <span class='ocrx_word' id='word_1_485' title='bbox 135 3293 304 3362; x_wconf 63' lang='lat' dir='ltr'><strong><em>reliqumum</em></strong></span> <span class='ocrx_word' id='word_1_486' title='bbox 323 3291 516 3347; x_wconf 58' lang='lat' dir='ltr'><strong><em>dammim</em></strong></span> <span class='ocrx_word' id='word_1_487' title='bbox 536 3290 684 3360; x_wconf 53' lang='lat' dir='ltr'><strong><em>Wlfflin·</em></strong></span> <span class='ocrx_word' id='word_1_488' title='bbox 700 3290 845 3346; x_wconf 62' lang='lat' dir='ltr'><strong><em>d⁸m¹1810⁸</em></strong></span> <span class='ocrx_word' id='word_1_489' title='bbox 864 3308 923 3346; x_wconf 73' lang='lat'><strong>01¹1·</strong></span> <span class='ocrx_word' id='word_1_490' title='bbox 952 3316 1001 3353; x_wconf 91' lang='lat' dir='ltr'><strong><em>suo</em></strong></span> <span class='ocrx_word' id='word_1_491' title='bbox 1020 3314 1081 3352; x_wconf 88' lang='lat' dir='ltr'><strong><em>sese</em></strong></span> <span class='ocrx_word' id='word_1_492' title='bbox 1098 3301 1265 3363; x_wconf 72' lang='lat' dir='ltr'><strong><em>evenerunt,</em></strong></span> <span class='ocrx_word' id='word_1_493' title='bbox 1288 3295 1317 3348; x_wconf 92' lang='lat' dir='ltr'><strong><em>in</em></strong></span> <span class='ocrx_word' id='word_1_494' title='bbox 1334 3294 1472 3350; x_wconf 89' lang='lat' dir='ltr'><strong><em>infernum</em></strong></span> <span class='ocrx_word' id='word_1_495' title='bbox 1491 3296 1654 3352; x_wconf 88' lang='lat' dir='ltr'><strong><em>inciderunt.</em></strong></span> <span class='ocrx_word' id='word_1_496' title='bbox 1691 3298 1784 3351; x_wconf 89' lang='lat' dir='ltr'><strong><em>Homi·</em></strong></span> <span class='ocrx_word' id='word_1_497' title='bbox 1834 3304 1840 3311; x_wconf 80' lang='lat'>‘</span> 
     </span>
    </p>

    <p class='ocr_par' dir='ltr' id='par_1_36' title="bbox 90 3375 1784 3454">
     <span class='ocr_line' id='line_1_37' title="bbox 90 3375 1784 3454; baseline 0 -16"><span class='ocrx_word' id='word_1_498' title='bbox 90 3379 185 3448; x_wconf 71' lang='lat' dir='ltr'><strong><em>tiabit,</em></strong></span> <span class='ocrx_word' id='word_1_499' title='bbox 204 3395 260 3433; x_wconf 81' lang='lat' dir='ltr'><strong><em>non</em></strong></span> <span class='ocrx_word' id='word_1_500' title='bbox 278 3377 353 3450; x_wconf 78' lang='lat' dir='ltr'><strong><em>quod</em></strong></span> <span class='ocrx_word' id='word_1_501' title='bbox 371 3377 429 3432; x_wconf 66' lang='lat' dir='ltr'><strong><em>ulla</em></strong></span> <span class='ocrx_word' id='word_1_502' title='bbox 447 3376 607 3447; x_wconf 67' lang='lat'><strong><em>018819208</em></strong></span> <span class='ocrx_word' id='word_1_503' title='bbox 626 3375 765 3431; x_wconf 56' lang='lat' dir='ltr'><strong><em>dumi&amp;</em></strong></span> <span class='ocrx_word' id='word_1_504' title='bbox 782 3377 925 3430; x_wconf 66' lang='lat' dir='ltr'><strong><em>wmssfitss·</em></strong></span> <span class='ocrx_word' id='word_1_505' title='bbox 952 3401 1001 3440; x_wconf 86' lang='lat' dir='ltr'><strong><em>nes</em></strong></span> <span class='ocrx_word' id='word_1_506' title='bbox 1018 3383 1096 3454; x_wconf 90' lang='lat' dir='ltr'><strong><em>impii</em></strong></span> <span class='ocrx_word' id='word_1_507' title='bbox 1116 3388 1180 3452; x_wconf 87' lang='lat' dir='ltr'><strong><em>post</em></strong></span> <span class='ocrx_word' id='word_1_508' title='bbox 1204 3387 1320 3436; x_wconf 86' lang='lat' dir='ltr'><strong><em>mortem</em></strong></span> <span class='ocrx_word' id='word_1_509' title='bbox 1346 3383 1522 3450; x_wconf 88' lang='lat' dir='ltr'><strong><em>temporalem</em></strong></span> <span class='ocrx_word' id='word_1_510' title='bbox 1546 3384 1697 3438; x_wconf 90' lang='lat' dir='ltr'><strong><em>secundum</em></strong></span> <span class='ocrx_word' id='word_1_511' title='bbox 1726 3386 1784 3439; x_wconf 91' lang='lat' dir='ltr'><strong><em>ani-</em></strong></span> 
     </span>
    </p>

    <p class='ocr_par' dir='ltr' id='par_1_37' title="bbox 91 3461 1783 3540">
     <span class='ocr_line' id='line_1_38' title="bbox 91 3461 1783 3540; baseline -0.001 -14"><span class='ocrx_word' id='word_1_512' title='bbox 91 3466 208 3534; x_wconf 73' lang='lat' dir='ltr'><strong><em>relione,</em></strong></span> <span class='ocrx_word' id='word_1_513' title='bbox 227 3463 277 3519; x_wconf 70' lang='lat' dir='ltr'><strong><em>sed</em></strong></span> <span class='ocrx_word' id='word_1_514' title='bbox 296 3464 364 3535; x_wconf 62' lang='lat' dir='ltr'><strong><em>quit</em></strong></span> <span class='ocrx_word' id='word_1_515' title='bbox 382 3462 417 3517; x_wconf 65' lang='lat' dir='ltr'><strong><em>ab</em></strong></span> <span class='ocrx_word' id='word_1_516' title='bbox 436 3462 535 3516; x_wconf 65' lang='lat' dir='ltr'><strong><em>iisdem</em></strong></span> <span class='ocrx_word' id='word_1_517' title='bbox 554 3461 707 3532; x_wconf 64' lang='lat' dir='ltr'><strong><em>tuppliefiti</em></strong></span> <span class='ocrx_word' id='word_1_518' title='bbox 725 3478 797 3532; x_wconf 70' lang='lat'>(1⁰⁸³</span> <span class='ocrx_word' id='word_1_519' title='bbox 814 3461 842 3515; x_wconf 75' lang='lat' dir='ltr'><strong><em>in</em></strong></span> <span class='ocrx_word' id='word_1_520' title='bbox 863 3462 925 3516; x_wconf 65' lang='lat' dir='ltr'><strong><em>stliit</em></strong></span> <span class='ocrx_word' id='word_1_521' title='bbox 952 3488 1010 3526; x_wconf 88' lang='lat' dir='ltr'><strong><em>mas</em></strong></span> <span class='ocrx_word' id='word_1_522' title='bbox 1030 3471 1137 3524; x_wconf 88' lang='lat' dir='ltr'><strong><em>dolores</em></strong></span> <span class='ocrx_word' id='word_1_523' title='bbox 1154 3467 1303 3524; x_wconf 84' lang='lat' dir='ltr'><strong><em>infernales</em></strong></span> <span class='ocrx_word' id='word_1_524' title='bbox 1320 3469 1423 3523; x_wconf 85' lang='lat' dir='ltr'><strong><em>sentire</em></strong></span> <span class='ocrx_word' id='word_1_525' title='bbox 1449 3468 1593 3540; x_wconf 89' lang='lat' dir='ltr'><strong><em>incipiunt,</em></strong></span> <span class='ocrx_word' id='word_1_526' title='bbox 1617 3472 1693 3540; x_wconf 91' lang='lat' dir='ltr'><strong><em>quod</em></strong></span> <span class='ocrx_word' id='word_1_527' title='bbox 1710 3472 1783 3525; x_wconf 86' lang='lat' dir='ltr'><strong><em>enim</em></strong></span> 
     </span>
    </p>

    <p class='ocr_par' dir='ltr' id='par_1_38' title="bbox 92 3547 1784 3625">
     <span class='ocr_line' id='line_1_39' title="bbox 92 3547 1784 3625; baseline -0.004 -8"><span class='ocrx_word' id='word_1_528' title='bbox 92 3552 244 3617; x_wconf 61' lang='lat' dir='ltr'><strong><em>intuemur,</em></strong></span> <span class='ocrx_word' id='word_1_529' title='bbox 261 3551 315 3608; x_wconf 67' lang='lat' dir='ltr'><strong><em>’libi</em></strong></span> <span class='ocrx_word' id='word_1_530' title='bbox 332 3557 467 3615; x_wconf 62' lang='lat' dir='ltr'><strong>metuunt·</strong></span> <span class='ocrx_word' id='word_1_531' title='bbox 488 3549 562 3605; x_wconf 56' lang='lat' dir='ltr'>1¹¹¹(st</span> <span class='ocrx_word' id='word_1_532' title='bbox 579 3549 663 3605; x_wconf 60' lang='lat' dir='ltr'><strong><em>elim</em></strong></span> <span class='ocrx_word' id='word_1_533' title='bbox 680 3547 925 3619; x_wconf 66' lang='lat' dir='ltr'><strong><em>dil0³ellul0f1⁸·</em></strong></span> <span class='ocrx_word' id='word_1_534' title='bbox 950 3557 1058 3623; x_wconf 76' lang='lat' dir='ltr'><strong><em>anpclis</em></strong></span> <span class='ocrx_word' id='word_1_535' title='bbox 1086 3573 1182 3623; x_wconf 88' lang='lat' dir='ltr'><strong><em>casus,</em></strong></span> <span class='ocrx_word' id='word_1_536' title='bbox 1213 3554 1282 3609; x_wconf 91' lang='lat' dir='ltr'><strong><em>illud</em></strong></span> <span class='ocrx_word' id='word_1_537' title='bbox 1306 3555 1464 3609; x_wconf 80' lang='lat' dir='ltr'><strong><em>bominibus</em></strong></span> <span class='ocrx_word' id='word_1_538' title='bbox 1489 3574 1585 3625; x_wconf 87' lang='lat' dir='ltr'><strong><em>mors,</em></strong></span> <span class='ocrx_word' id='word_1_539' title='bbox 1619 3557 1728 3611; x_wconf 89' lang='lat' dir='ltr'><strong><em>interim</em></strong></span> <span class='ocrx_word' id='word_1_540' title='bbox 1756 3559 1784 3610; x_wconf 89' lang='lat' dir='ltr'><strong><em>iu</em></strong></span> 
     </span>
    </p>

    <p class='ocr_par' dir='ltr' id='par_1_39' title="bbox 91 3634 1784 3713">
     <span class='ocr_line' id='line_1_40' title="bbox 91 3634 1784 3713; baseline -0.002 -14"><span class='ocrx_word' id='word_1_541' title='bbox 91 3645 148 3694; x_wconf 72' lang='lat' dir='ltr'><strong><em>tres</em></strong></span> <span class='ocrx_word' id='word_1_542' title='bbox 165 3637 340 3710; x_wconf 62' lang='lat' dir='ltr'><strong><em>praemoneri</em></strong></span> <span class='ocrx_word' id='word_1_543' title='bbox 357 3634 489 3708; x_wconf 71' lang='lat' dir='ltr'><strong><em>r08⁸b⁸l2</em></strong></span> <span class='ocrx_word' id='word_1_544' title='bbox 515 3653 549 3690; x_wconf 69' lang='grc' dir='ltr'><em>Μ</em></span> <span class='ocrx_word' id='word_1_545' title='bbox 568 3637 599 3690; x_wconf 69' lang='lat'><strong><em>⁸⁸¹⁸</em></strong></span> <span class='ocrx_word' id='word_1_546' title='bbox 617 3637 737 3689; x_wconf 57' lang='lat' dir='ltr'><strong><em>twedtm</em></strong></span> <span class='ocrx_word' id='word_1_547' title='bbox 756 3635 847 3690; x_wconf 60' lang='lat' dir='ltr'><strong><em>imm</em></strong></span> <span class='ocrx_word' id='word_1_548' title='bbox 868 3644 931 3695; x_wconf 54' lang='lat'><strong><em>²0²·-¹</em></strong></span> <span class='ocrx_word' id='word_1_549' title='bbox 952 3646 1004 3698; x_wconf 88' lang='lat' dir='ltr'><strong><em>hao</em></strong></span> <span class='ocrx_word' id='word_1_550' title='bbox 1022 3643 1080 3698; x_wconf 86' lang='lat' dir='ltr'><strong><em>rita</em></strong></span> <span class='ocrx_word' id='word_1_551' title='bbox 1098 3640 1241 3713; x_wconf 83' lang='lat' dir='ltr'><strong><em>praeludia</em></strong></span> <span class='ocrx_word' id='word_1_552' title='bbox 1259 3646 1289 3695; x_wconf 87' lang='lat' dir='ltr'><strong><em>et</em></strong></span> <span class='ocrx_word' id='word_1_553' title='bbox 1307 3640 1387 3695; x_wconf 90' lang='lat' dir='ltr'><strong><em>initia</em></strong></span> <span class='ocrx_word' id='word_1_554' title='bbox 1407 3642 1544 3711; x_wconf 87' lang='lat' dir='ltr'><strong><em>quaedam</em></strong></span> <span class='ocrx_word' id='word_1_555' title='bbox 1569 3642 1678 3696; x_wconf 90' lang='lat' dir='ltr'><strong><em>illorum</em></strong></span> <span class='ocrx_word' id='word_1_556' title='bbox 1704 3661 1784 3712; x_wconf 84' lang='lat' dir='ltr'><strong><em>erpe-</em></strong></span> 
     </span>
    </p>

    <p class='ocr_par' dir='ltr' id='par_1_40' title="bbox 91 3723 1784 3797">
     <span class='ocr_line' id='line_1_41' title="bbox 91 3723 1784 3797; baseline -0.001 -12"><span class='ocrx_word' id='word_1_557' title='bbox 91 3736 247 3782; x_wconf 73' lang='lat' dir='ltr'><strong><em>mtntorstm</em></strong></span> <span class='ocrx_word' id='word_1_558' title='bbox 264 3727 391 3780; x_wconf 58' lang='lat' dir='ltr'><strong><em>venatui</em></strong></span> <span class='ocrx_word' id='word_1_559' title='bbox 414 3725 483 3779; x_wconf 73' lang='lat' dir='ltr'><strong><em>Luc·</em></strong></span> <span class='ocrx_word' id='word_1_560' title='bbox 503 3729 542 3795; x_wconf 79' lang='lat'><strong><em>16,</em></strong></span> <span class='ocrx_word' id='word_1_561' title='bbox 560 3740 585 3778; x_wconf 75' lang='lat' dir='ltr'><strong><em>v·</em></strong></span> <span class='ocrx_word' id='word_1_562' title='bbox 605 3728 646 3780; x_wconf 82' lang='lat'><strong><em>28·</em></strong></span> <span class='ocrx_word' id='word_1_563' title='bbox 681 3723 764 3778; x_wconf 71' lang='lat' dir='ltr'><strong><em>Adde</em></strong></span> <span class='ocrx_word' id='word_1_564' title='bbox 787 3723 862 3794; x_wconf 74' lang='lat' dir='ltr'><strong><em>quod</em></strong></span> <span class='ocrx_word' id='word_1_565' title='bbox 885 3724 925 3778; x_wconf 82' lang='lat' dir='ltr'><strong><em>in·</em></strong></span> <span class='ocrx_word' id='word_1_566' title='bbox 952 3732 1072 3793; x_wconf 82' lang='lat' dir='ltr'><strong><em>riantur,</em></strong></span> <span class='ocrx_word' id='word_1_567' title='bbox 1100 3744 1134 3784; x_wconf 90' lang='lat' dir='ltr'><strong><em>ao</em></strong></span> <span class='ocrx_word' id='word_1_568' title='bbox 1157 3728 1186 3783; x_wconf 90' lang='lat' dir='ltr'><strong><em>in</em></strong></span> <span class='ocrx_word' id='word_1_569' title='bbox 1208 3727 1254 3783; x_wconf 88' lang='lat' dir='ltr'><strong><em>dle</em></strong></span> <span class='ocrx_word' id='word_1_570' title='bbox 1278 3727 1378 3796; x_wconf 89' lang='lat' dir='ltr'><strong><em>judicii</em></strong></span> <span class='ocrx_word' id='word_1_571' title='bbox 1395 3731 1454 3782; x_wconf 90' lang='lat' dir='ltr'><strong><em>tam</em></strong></span> <span class='ocrx_word' id='word_1_572' title='bbox 1472 3727 1633 3797; x_wconf 87' lang='lat' dir='ltr'><strong><em>angelorum</em></strong></span> <span class='ocrx_word' id='word_1_573' title='bbox 1651 3729 1784 3784; x_wconf 89' lang='lat' dir='ltr'><strong><em>malorum</em></strong></span> 
     </span>
    </p>

    <p class='ocr_par' dir='ltr' id='par_1_41' title="bbox 91 3808 1784 3888">
     <span class='ocr_line' id='line_1_42' title="bbox 91 3808 1784 3888; baseline -0.001 -17"><span class='ocrx_word' id='word_1_574' title='bbox 91 3813 179 3868; x_wconf 75' lang='lat' dir='ltr'><strong><em>tuitus</em></strong></span> <span class='ocrx_word' id='word_1_575' title='bbox 197 3812 326 3883; x_wconf 78' lang='lat' dir='ltr'><strong><em>supplicii</em></strong></span> <span class='ocrx_word' id='word_1_576' title='bbox 345 3811 481 3868; x_wconf 68' lang='lat' dir='ltr'><strong><em>sociorum</em></strong></span> <span class='ocrx_word' id='word_1_577' title='bbox 503 3810 533 3864; x_wconf 82' lang='lat' dir='ltr'><strong><em>in</em></strong></span> <span class='ocrx_word' id='word_1_578' title='bbox 549 3808 710 3865; x_wconf 66' lang='lat' dir='ltr'><strong><em>memoriam</em></strong></span> <span class='ocrx_word' id='word_1_579' title='bbox 735 3808 792 3863; x_wconf 73' lang='lat' dir='ltr'><strong><em>illit</em></strong></span> <span class='ocrx_word' id='word_1_580' title='bbox 816 3818 928 3866; x_wconf 70' lang='lat' dir='ltr'><strong><em>revocet</em></strong></span> <span class='ocrx_word' id='word_1_581' title='bbox 953 3833 1037 3888; x_wconf 88' lang='lat' dir='ltr'><strong><em>quam</em></strong></span> <span class='ocrx_word' id='word_1_582' title='bbox 1055 3815 1248 3869; x_wconf 77' lang='lat' dir='ltr'><strong><em>damnatorum</em></strong></span> <span class='ocrx_word' id='word_1_583' title='bbox 1264 3812 1402 3884; x_wconf 87' lang='lat' dir='ltr'><strong><em>supplicia</em></strong></span> <span class='ocrx_word' id='word_1_584' title='bbox 1418 3814 1569 3867; x_wconf 85' lang='lat' dir='ltr'><strong><em>marimum</em></strong></span> <span class='ocrx_word' id='word_1_585' title='bbox 1586 3814 1726 3885; x_wconf 87' lang='lat' dir='ltr'><strong><em>accipient</em></strong></span> <span class='ocrx_word' id='word_1_586' title='bbox 1743 3816 1784 3869; x_wconf 90' lang='lat' dir='ltr'><strong><em>in-</em></strong></span> 
     </span>
    </p>

    <p class='ocr_par' dir='ltr' id='par_1_42' title="bbox 91 3895 1784 3973">
     <span class='ocr_line' id='line_1_43' title="bbox 91 3895 1784 3973; baseline 0 -18"><span class='ocrx_word' id='word_1_587' title='bbox 91 3904 223 3970; x_wconf 84' lang='lat' dir='ltr'><strong><em>peceata,</em></strong></span> <span class='ocrx_word' id='word_1_588' title='bbox 245 3897 347 3969; x_wconf 88' lang='lat' dir='ltr'><strong><em>quibus</em></strong></span> <span class='ocrx_word' id='word_1_589' title='bbox 366 3897 529 3952; x_wconf 88' lang='lat' dir='ltr'><strong><em>scandalum</em></strong></span> <span class='ocrx_word' id='word_1_590' title='bbox 551 3896 608 3951; x_wconf 86' lang='lat' dir='ltr'><strong><em>illis</em></strong></span> <span class='ocrx_word' id='word_1_591' title='bbox 627 3895 815 3966; x_wconf 70' lang='lat' dir='ltr'><strong><em>praebeamt</em></strong></span> <span class='ocrx_word' id='word_1_592' title='bbox 837 3903 866 3951; x_wconf 84' lang='lat' dir='ltr'><strong><em>et</em></strong></span> <span class='ocrx_word' id='word_1_593' title='bbox 890 3897 926 3951; x_wconf 81' lang='lat' dir='ltr'><strong><em>ad</em></strong></span> <span class='ocrx_word' id='word_1_594' title='bbox 952 3906 1136 3967; x_wconf 87' lang='lat' dir='ltr'><strong><em>crementum,</em></strong></span> <span class='ocrx_word' id='word_1_595' title='bbox 1160 3906 1192 3955; x_wconf 90' lang='lat' dir='ltr'><strong><em>ut</em></strong></span> <span class='ocrx_word' id='word_1_596' title='bbox 1208 3899 1238 3954; x_wconf 90' lang='lat' dir='ltr'><strong><em>in</em></strong></span> <span class='ocrx_word' id='word_1_597' title='bbox 1255 3903 1336 3953; x_wconf 86' lang='lat' dir='ltr'><strong><em>tract.</em></strong></span> <span class='ocrx_word' id='word_1_598' title='bbox 1357 3898 1392 3953; x_wconf 91' lang='lat' dir='ltr'><strong><em>ds</em></strong></span> <span class='ocrx_word' id='word_1_599' title='bbox 1410 3905 1497 3954; x_wconf 88' lang='lat' dir='ltr'><strong><em>morte</em></strong></span> <span class='ocrx_word' id='word_1_600' title='bbox 1515 3896 1545 3973; x_wconf 63' lang='grc' dir='ltr'>ξ</span> <span class='ocrx_word' id='word_1_601' title='bbox 1564 3904 1620 3955; x_wconf 81' lang='lat'><strong>162.</strong></span> <span class='ocrx_word' id='word_1_602' title='bbox 1639 3906 1667 3953; x_wconf 88' lang='lat' dir='ltr'><strong><em>et</em></strong></span> <span class='ocrx_word' id='word_1_603' title='bbox 1685 3900 1719 3953; x_wconf 89' lang='lat' dir='ltr'><strong><em>dc</em></strong></span> <span class='ocrx_word' id='word_1_604' title='bbox 1739 3917 1784 3955; x_wconf 84' lang='lat' dir='ltr'><strong><em>ex·</em></strong></span> 
     </span>
    </p>

    <p class='ocr_par' dir='ltr' id='par_1_43' title="bbox 92 3981 1785 4058">
     <span class='ocr_line' id='line_1_44' title="bbox 92 3981 1785 4058; baseline 0.001 -17"><span class='ocrx_word' id='word_1_605' title='bbox 92 3985 230 4041; x_wconf 87' lang='lat' dir='ltr'><strong><em>infernum</em></strong></span> <span class='ocrx_word' id='word_1_606' title='bbox 257 4001 351 4040; x_wconf 72' lang='lat' dir='ltr'><strong><em>mcum</em></strong></span> <span class='ocrx_word' id='word_1_607' title='bbox 377 3988 578 4053; x_wconf 79' lang='lat' dir='ltr'><strong><em>pertraxerunt</em></strong></span> <span class='ocrx_word' id='word_1_608' title='bbox 615 3981 826 4053; x_wconf 78' lang='lat' dir='ltr'><strong><em>chrysostomus</em></strong></span> <span class='ocrx_word' id='word_1_609' title='bbox 854 3982 925 4038; x_wconf 86' lang='lat' dir='ltr'><strong><em>hom.</em></strong></span> <span class='ocrx_word' id='word_1_610' title='bbox 953 3996 1029 4045; x_wconf 85' lang='lat' dir='ltr'><strong><em>tram.</em></strong></span> <span class='ocrx_word' id='word_1_611' title='bbox 1042 3987 1105 4058; x_wconf 89' lang='lat' dir='ltr'><strong><em>jud.</em></strong></span> <span class='ocrx_word' id='word_1_612' title='bbox 1123 3991 1148 4051; x_wconf 66' lang='lat' dir='ltr'><strong><em>t.</em></strong></span> <span class='ocrx_word' id='word_1_613' title='bbox 1166 3991 1210 4043; x_wconf 80' lang='lat' dir='ltr'><strong><em>lb.</em></strong></span> <span class='ocrx_word' id='word_1_614' title='bbox 1224 3987 1283 4056; x_wconf 87' lang='lat' dir='ltr'><strong><em>jam</em></strong></span> <span class='ocrx_word' id='word_1_615' title='bbox 1302 3991 1367 4041; x_wconf 88' lang='lat' dir='ltr'><strong><em>ante</em></strong></span> <span class='ocrx_word' id='word_1_616' title='bbox 1382 3985 1557 4041; x_wconf 88' lang='lat' dir='ltr'><strong><em>ostendimus.</em></strong></span> <span class='ocrx_word' id='word_1_617' title='bbox 1578 3988 1705 4040; x_wconf 84' lang='lat' dir='ltr'><strong><em>Duratio</em></strong></span> <span class='ocrx_word' id='word_1_618' title='bbox 1721 4005 1785 4058; x_wconf 90' lang='lat' dir='ltr'><strong><em>poe-</em></strong></span> 
     </span>
    </p>

    <p class='ocr_par' dir='ltr' id='par_1_44' title="bbox 92 4069 1784 4142">
     <span class='ocr_line' id='line_1_45' title="bbox 92 4069 1784 4142; baseline -0.005 -7"><span class='ocrx_word' id='word_1_619' title='bbox 92 4077 133 4130; x_wconf 76' lang='lat'><strong><em>48·</em></strong></span> <span class='ocrx_word' id='word_1_620' title='bbox 152 4072 188 4126; x_wconf 70' lang='lat' dir='ltr'><strong><em>de</em></strong></span> <span class='ocrx_word' id='word_1_621' title='bbox 204 4071 258 4126; x_wconf 65' lang='lat'><strong><em>118²</em></strong></span> <span class='ocrx_word' id='word_1_622' title='bbox 290 4073 358 4126; x_wconf 71' lang='lat' dir='ltr'><strong><em>Nvtt</em></strong></span> <span class='ocrx_word' id='word_1_623' title='bbox 374 4070 458 4124; x_wconf 58' lang='lat' dir='ltr'><strong><em>”dim</em></strong></span> <span class='ocrx_word' id='word_1_624' title='bbox 477 4069 630 4138; x_wconf 49' lang='lat' dir='ltr'><strong><em>misma,</em></strong></span> <span class='ocrx_word' id='word_1_625' title='bbox 653 4077 685 4123; x_wconf 69' lang='lat' dir='ltr'><strong><em>“i</em></strong></span> <span class='ocrx_word' id='word_1_626' title='bbox 702 4069 747 4122; x_wconf 62' lang='lat'><strong><em>&#39;¹⁸⁸⁶</em></strong></span> <span class='ocrx_word' id='word_1_627' title='bbox 766 4069 832 4135; x_wconf 64' lang='lat' dir='ltr'><strong><em>fim&#39;</em></strong></span> <span class='ocrx_word' id='word_1_628' title='bbox 848 4070 925 4134; x_wconf 51' lang='lat'><em>⁸⁰10&amp;</em></span> <span class='ocrx_word' id='word_1_629' title='bbox 953 4090 1049 4130; x_wconf 81' lang='lat' dir='ltr'><strong><em>irarum</em></strong></span> <span class='ocrx_word' id='word_1_630' title='bbox 1065 4072 1243 4129; x_wconf 84' lang='lat' dir='ltr'><strong><em>infernalium</em></strong></span> <span class='ocrx_word' id='word_1_631' title='bbox 1256 4071 1449 4142; x_wconf 77' lang='lat' dir='ltr'><strong><em>complectitur</em></strong></span> <span class='ocrx_word' id='word_1_632' title='bbox 1461 4088 1556 4127; x_wconf 89' lang='lat' dir='ltr'><strong><em>earum</em></strong></span> <span class='ocrx_word' id='word_1_633' title='bbox 1568 4077 1627 4126; x_wconf 91' lang='lat' dir='ltr'><strong><em>tum</em></strong></span> <span class='ocrx_word' id='word_1_634' title='bbox 1648 4076 1784 4127; x_wconf 78' lang='lat' dir='ltr'><strong><em>contirsui·</em></strong></span> 
     </span>
    </p>

    <p class='ocr_par' dir='ltr' id='par_1_45' title="bbox 91 4156 1913 5525">
     <span class='ocr_line' id='line_1_46' title="bbox 95 4156 1913 4229; baseline 0.001 -16"><span class='ocrx_word' id='word_1_635' title='bbox 95 4160 136 4213; x_wconf 85' lang='lat' dir='ltr'><strong><em>ita</em></strong></span> <span class='ocrx_word' id='word_1_636' title='bbox 151 4167 177 4212; x_wconf 86' lang='lat' dir='ltr'><strong><em>ct</em></strong></span> <span class='ocrx_word' id='word_1_637' title='bbox 190 4158 221 4212; x_wconf 85' lang='lat' dir='ltr'><strong><em>in</em></strong></span> <span class='ocrx_word' id='word_1_638' title='bbox 233 4158 336 4220; x_wconf 83' lang='lat' dir='ltr'><strong><em>futura</em></strong></span> <span class='ocrx_word' id='word_1_639' title='bbox 353 4156 413 4211; x_wconf 83' lang='lat' dir='ltr'><strong><em>uita</em></strong></span> <span class='ocrx_word' id='word_1_640' title='bbox 432 4157 602 4226; x_wconf 60' lang='lat' dir='ltr'><strong><em>contingere,</em></strong></span> <span class='ocrx_word' id='word_1_641' title='bbox 618 4163 650 4210; x_wconf 84' lang='lat' dir='ltr'><strong><em>ut</em></strong></span> <span class='ocrx_word' id='word_1_642' title='bbox 667 4157 776 4212; x_wconf 85' lang='lat' dir='ltr'><strong><em>seilicet</em></strong></span> <span class='ocrx_word' id='word_1_643' title='bbox 791 4157 925 4212; x_wconf 86' lang='lat' dir='ltr'><strong><em>solatium</em></strong></span> <span class='ocrx_word' id='word_1_644' title='bbox 952 4169 1044 4229; x_wconf 75' lang='lat' dir='ltr'><strong><em>triten,</em></strong></span> <span class='ocrx_word' id='word_1_645' title='bbox 1062 4164 1122 4214; x_wconf 91' lang='lat' dir='ltr'><strong><em>tum</em></strong></span> <span class='ocrx_word' id='word_1_646' title='bbox 1136 4159 1353 4229; x_wconf 78' lang='lat' dir='ltr'><strong><em>perpetuitatem</em></strong></span> <span class='ocrx_word' id='word_1_647' title='bbox 1368 4159 1635 4212; x_wconf 69' lang='lat' dir='ltr'><strong><em>accusasatum.</em></strong></span> <span class='ocrx_word' id='word_1_648' title='bbox 1675 4166 1696 4213; x_wconf 88' lang='lat'><strong><em>1.</em></strong></span> <span class='ocrx_word' id='word_1_649' title='bbox 1714 4159 1783 4214; x_wconf 88' lang='lat' dir='ltr'><strong><em>Con-</em></strong></span> <span class='ocrx_word' id='word_1_650' title='bbox 1798 4174 1817 4214; x_wconf 88' lang='lat'><strong><em>1.</em></strong></span> <span class='ocrx_word' id='word_1_651' title='bbox 1835 4175 1913 4215; x_wconf 79' lang='lat' dir='ltr'><strong><em>conn-</em></strong></span> 
     </span>
     <span class='ocr_line' id='line_1_47' title="bbox 92 4228 1881 4314; baseline -0.004 -9"><span class='ocrx_word' id='word_1_652' title='bbox 92 4245 213 4313; x_wconf 69' lang='lat' dir='ltr'><strong><em>alt&#39;awd</em></strong></span> <span class='ocrx_word' id='word_1_653' title='bbox 229 4244 307 4305; x_wconf 83' lang='lat' dir='ltr'><strong><em>ferat</em></strong></span> <span class='ocrx_word' id='word_1_654' title='bbox 326 4243 417 4302; x_wconf 76' lang='lat' dir='ltr'><strong><em>socios</em></strong></span> <span class='ocrx_word' id='word_1_655' title='bbox 433 4242 537 4296; x_wconf 67' lang='lat' dir='ltr'><strong><em>labat</em></strong></span> <span class='ocrx_word' id='word_1_656' title='bbox 554 4242 694 4299; x_wconf 62' lang='lat' dir='ltr'><strong><em>masmae.</em></strong></span> <span class='ocrx_word' id='word_1_657' title='bbox 721 4243 800 4296; x_wconf 74' lang='lat' dir='ltr'><strong><em>Unda</em></strong></span> <span class='ocrx_word' id='word_1_658' title='bbox 815 4242 850 4296; x_wconf 83' lang='lat' dir='ltr'><strong><em>id</em></strong></span> <span class='ocrx_word' id='word_1_659' title='bbox 859 4259 925 4296; x_wconf 75' lang='lat' dir='ltr'><strong><em>cosi·</em></strong></span> <span class='ocrx_word' id='word_1_660' title='bbox 952 4247 1088 4304; x_wconf 86' lang='lat' dir='ltr'><strong><em>tinuitatis</em></strong></span> <span class='ocrx_word' id='word_1_661' title='bbox 1122 4245 1232 4300; x_wconf 88' lang='lat' dir='ltr'><strong><em>nomine</em></strong></span> <span class='ocrx_word' id='word_1_662' title='bbox 1260 4243 1457 4314; x_wconf 84' lang='lat' dir='ltr'><strong><em>intelligimus,</em></strong></span> <span class='ocrx_word' id='word_1_663' title='bbox 1486 4243 1560 4312; x_wconf 87' lang='lat' dir='ltr'><strong><em>quod</em></strong></span> <span class='ocrx_word' id='word_1_664' title='bbox 1588 4260 1693 4312; x_wconf 87' lang='lat' dir='ltr'><strong><em>poenae</em></strong></span> <span class='ocrx_word' id='word_1_665' title='bbox 1720 4245 1784 4298; x_wconf 88' lang='lat' dir='ltr'><strong><em>illae</em></strong></span> <span class='ocrx_word' id='word_1_666' title='bbox 1798 4228 1881 4267; x_wconf 57' lang='lat' dir='ltr'><strong><em>&#39;mm&#39;</em></strong></span> 
     </span>
     <span class='ocr_line' id='line_1_48' title="bbox 91 4329 1785 4402; baseline -0.003 -13"><span class='ocrx_word' id='word_1_667' title='bbox 91 4332 169 4387; x_wconf 80' lang='lat' dir='ltr'><strong><em>stati</em></strong></span> <span class='ocrx_word' id='word_1_668' title='bbox 185 4333 230 4385; x_wconf 73' lang='lat' dir='ltr'><strong><em>Ea</em></strong></span> <span class='ocrx_word' id='word_1_669' title='bbox 244 4331 367 4400; x_wconf 76' lang='lat' dir='ltr'><strong><em>rubjoeto</em></strong></span> <span class='ocrx_word' id='word_1_670' title='bbox 380 4330 487 4385; x_wconf 60' lang='lat' dir='ltr'><strong><em>tabeat</em></strong></span> <span class='ocrx_word' id='word_1_671' title='bbox 500 4330 634 4402; x_wconf 67' lang='lat' dir='ltr'><strong><em>mmplo.</em></strong></span> <span class='ocrx_word' id='word_1_672' title='bbox 654 4331 712 4384; x_wconf 71' lang='lat' dir='ltr'><strong><em>Dia</em></strong></span> <span class='ocrx_word' id='word_1_673' title='bbox 729 4330 803 4383; x_wconf 72' lang='lat' dir='ltr'><strong><em>onim</em></strong></span> <span class='ocrx_word' id='word_1_674' title='bbox 813 4345 925 4398; x_wconf 67' lang='lat' dir='ltr'><strong><em>amo,</em></strong></span> <span class='ocrx_word' id='word_1_675' title='bbox 952 4335 1059 4389; x_wconf 90' lang='lat' dir='ltr'><strong><em>nullum</em></strong></span> <span class='ocrx_word' id='word_1_676' title='bbox 1074 4331 1219 4387; x_wconf 83' lang='lat' dir='ltr'><strong><em>habebunt</em></strong></span> <span class='ocrx_word' id='word_1_677' title='bbox 1229 4331 1414 4397; x_wconf 83' lang='lat' dir='ltr'><strong><em>intervallum,</em></strong></span> <span class='ocrx_word' id='word_1_678' title='bbox 1431 4329 1536 4383; x_wconf 88' lang='lat' dir='ltr'><strong><em>nullam</em></strong></span> <span class='ocrx_word' id='word_1_679' title='bbox 1549 4330 1785 4401; x_wconf 84' lang='lat' dir='ltr'><strong><em>interruptionem,</em></strong></span> 
     </span>
     <span class='ocr_line' id='line_1_49' title="bbox 93 4415 1785 4491; baseline -0.001 -19"><span class='ocrx_word' id='word_1_680' title='bbox 93 4419 121 4472; x_wconf 86' lang='lat' dir='ltr'><strong><em>si</em></strong></span> <span class='ocrx_word' id='word_1_681' title='bbox 139 4419 204 4487; x_wconf 81' lang='lat' dir='ltr'><strong><em>quis</em></strong></span> <span class='ocrx_word' id='word_1_682' title='bbox 223 4420 376 4472; x_wconf 58' lang='lat' dir='ltr'><strong><em>wmnatm</em></strong></span> <span class='ocrx_word' id='word_1_683' title='bbox 392 4417 607 4486; x_wconf 79' lang='lat' dir='ltr'><strong><em>ipnibusfilium</em></strong></span> <span class='ocrx_word' id='word_1_684' title='bbox 625 4432 734 4484; x_wconf 69' lang='lat' dir='ltr'><strong><em>promte</em></strong></span> <span class='ocrx_word' id='word_1_685' title='bbox 755 4432 815 4470; x_wconf 85' lang='lat' dir='ltr'><strong><em>uua</em></strong></span> <span class='ocrx_word' id='word_1_686' title='bbox 836 4416 925 4469; x_wconf 83' lang='lat' dir='ltr'><strong><em>intuc-</em></strong></span> <span class='ocrx_word' id='word_1_687' title='bbox 953 4421 1056 4477; x_wconf 82' lang='lat' dir='ltr'><strong><em>nullam</em></strong></span> <span class='ocrx_word' id='word_1_688' title='bbox 1081 4420 1210 4491; x_wconf 84' lang='lat' dir='ltr'><strong><em>quietem.</em></strong></span> <span class='ocrx_word' id='word_1_689' title='bbox 1246 4416 1281 4472; x_wconf 92' lang='lat' dir='ltr'><strong><em>In</em></strong></span> <span class='ocrx_word' id='word_1_690' title='bbox 1305 4417 1357 4470; x_wconf 87' lang='lat' dir='ltr'><strong><em>huc</em></strong></span> <span class='ocrx_word' id='word_1_691' title='bbox 1377 4415 1433 4469; x_wconf 84' lang='lat' dir='ltr'><strong><em>rita</em></strong></span> <span class='ocrx_word' id='word_1_692' title='bbox 1459 4415 1482 4467; x_wconf 91' lang='lat' dir='ltr'><strong><em>si</em></strong></span> <span class='ocrx_word' id='word_1_693' title='bbox 1505 4415 1567 4486; x_wconf 90' lang='lat' dir='ltr'><strong><em>quis</em></strong></span> <span class='ocrx_word' id='word_1_694' title='bbox 1590 4415 1785 4471; x_wconf 86' lang='lat' dir='ltr'><strong><em>ardentissima</em></strong></span> 
     </span>
     <span class='ocr_line' id='line_1_50' title="bbox 93 4501 1784 4575; baseline -0.001 -17"><span class='ocrx_word' id='word_1_695' title='bbox 93 4513 160 4560; x_wconf 85' lang='lat' dir='ltr'><strong><em>atur</em></strong></span> <span class='ocrx_word' id='word_1_696' title='bbox 179 4504 363 4575; x_wconf 62' lang='lat' dir='ltr'><strong><em>Marcusque</em></strong></span> <span class='ocrx_word' id='word_1_697' title='bbox 386 4520 420 4559; x_wconf 84' lang='lat' dir='ltr'><strong><em>ca</em></strong></span> <span class='ocrx_word' id='word_1_698' title='bbox 444 4503 535 4575; x_wconf 85' lang='lat' dir='ltr'><strong><em>ipsius</em></strong></span> <span class='ocrx_word' id='word_1_699' title='bbox 558 4501 690 4555; x_wconf 82' lang='lat' dir='ltr'><strong><em>carnibus</em></strong></span> <span class='ocrx_word' id='word_1_700' title='bbox 713 4503 925 4555; x_wconf 83' lang='lat' dir='ltr'><strong><em>adscendentem</em></strong></span> <span class='ocrx_word' id='word_1_701' title='bbox 953 4507 1024 4561; x_wconf 75' lang='lat' dir='ltr'><strong><em>febri</em></strong></span> <span class='ocrx_word' id='word_1_702' title='bbox 1043 4511 1160 4569; x_wconf 78' lang='lat' dir='ltr'><strong><em>aestuat,</em></strong></span> <span class='ocrx_word' id='word_1_703' title='bbox 1183 4504 1351 4560; x_wconf 84' lang='lat' dir='ltr'><strong><em>levationem</em></strong></span> <span class='ocrx_word' id='word_1_704' title='bbox 1370 4501 1511 4573; x_wconf 84' lang='lat' dir='ltr'><strong><em>quandam</em></strong></span> <span class='ocrx_word' id='word_1_705' title='bbox 1532 4502 1668 4556; x_wconf 89' lang='lat' dir='ltr'><strong><em>interdum</em></strong></span> <span class='ocrx_word' id='word_1_706' title='bbox 1688 4504 1784 4568; x_wconf 75' lang='lat' dir='ltr'><strong><em>sentit,</em></strong></span> 
     </span>
     <span class='ocr_line' id='line_1_51' title="bbox 92 4586 1783 4663; baseline -0.001 -18"><span class='ocrx_word' id='word_1_707' title='bbox 92 4591 208 4646; x_wconf 84' lang='lat' dir='ltr'><strong><em>bauriat</em></strong></span> <span class='ocrx_word' id='word_1_708' title='bbox 225 4591 350 4654; x_wconf 79' lang='lat' dir='ltr'><strong><em>naribsrs,</em></strong></span> <span class='ocrx_word' id='word_1_709' title='bbox 375 4607 466 4644; x_wconf 81' lang='lat' dir='ltr'><strong><em>nonne</em></strong></span> <span class='ocrx_word' id='word_1_710' title='bbox 483 4588 639 4643; x_wconf 75' lang='lat' dir='ltr'><strong><em>morictml</em></strong></span> <span class='ocrx_word' id='word_1_711' title='bbox 672 4587 750 4640; x_wconf 85' lang='lat' dir='ltr'><strong><em>Nam</em></strong></span> <span class='ocrx_word' id='word_1_712' title='bbox 769 4587 843 4641; x_wconf 85' lang='lat' dir='ltr'><strong><em>sibi</em></strong></span> <span class='ocrx_word' id='word_1_713' title='bbox 859 4605 926 4656; x_wconf 81' lang='lat' dir='ltr'><strong><em>qao·</em></strong></span> <span class='ocrx_word' id='word_1_714' title='bbox 954 4593 1001 4663; x_wconf 88' lang='lat' dir='ltr'><strong><em>qui</em></strong></span> <span class='ocrx_word' id='word_1_715' title='bbox 1018 4591 1102 4646; x_wconf 89' lang='lat' dir='ltr'><strong><em>animi</em></strong></span> <span class='ocrx_word' id='word_1_716' title='bbox 1119 4590 1269 4660; x_wconf 80' lang='lat' dir='ltr'><strong><em>angoribus</em></strong></span> <span class='ocrx_word' id='word_1_717' title='bbox 1279 4586 1430 4659; x_wconf 85' lang='lat' dir='ltr'><strong><em>torquetur,</em></strong></span> <span class='ocrx_word' id='word_1_718' title='bbox 1449 4588 1645 4644; x_wconf 86' lang='lat' dir='ltr'><strong><em>relaxationem</em></strong></span> <span class='ocrx_word' id='word_1_719' title='bbox 1660 4591 1783 4659; x_wconf 89' lang='lat' dir='ltr'><strong><em>quando·</em></strong></span> 
     </span>
     <span class='ocr_line' id='line_1_52' title="bbox 91 4665 1783 4749; baseline -0.001 -19"><span class='ocrx_word' id='word_1_720' title='bbox 91 4694 146 4748; x_wconf 76' lang='lat' dir='ltr'><strong><em>quc</em></strong></span> <span class='ocrx_word' id='word_1_721' title='bbox 163 4678 214 4746; x_wconf 81' lang='lat' dir='ltr'><strong><em>qui</em></strong></span> <span class='ocrx_word' id='word_1_722' title='bbox 228 4676 295 4732; x_wconf 84' lang='lat' dir='ltr'><strong><em>sani</em></strong></span> <span class='ocrx_word' id='word_1_723' title='bbox 311 4681 386 4744; x_wconf 84' lang='lat' dir='ltr'><strong><em>sunt,</em></strong></span> <span class='ocrx_word' id='word_1_724' title='bbox 407 4665 475 4728; x_wconf 86' lang='lat' dir='ltr'><strong><em>dum</em></strong></span> <span class='ocrx_word' id='word_1_725' title='bbox 493 4675 563 4730; x_wconf 65' lang='lat' dir='ltr'><strong><em>llaec</em></strong></span> <span class='ocrx_word' id='word_1_726' title='bbox 579 4673 644 4739; x_wconf 74' lang='lat' dir='ltr'><strong><em>fieri</em></strong></span> <span class='ocrx_word' id='word_1_727' title='bbox 660 4673 765 4737; x_wconf 82' lang='lat' dir='ltr'><strong><em>uident,</em></strong></span> <span class='ocrx_word' id='word_1_728' title='bbox 775 4688 870 4742; x_wconf 86' lang='lat' dir='ltr'><strong><em>paene</em></strong></span> <span class='ocrx_word' id='word_1_729' title='bbox 882 4691 926 4728; x_wconf 88' lang='lat' dir='ltr'><strong><em>re·</em></strong></span> <span class='ocrx_word' id='word_1_730' title='bbox 954 4694 1008 4749; x_wconf 89' lang='lat' dir='ltr'><strong><em>que</em></strong></span> <span class='ocrx_word' id='word_1_731' title='bbox 1027 4676 1182 4748; x_wconf 87' lang='lat' dir='ltr'><strong><em>experitur,</em></strong></span> <span class='ocrx_word' id='word_1_732' title='bbox 1206 4674 1295 4731; x_wconf 84' lang='lat' dir='ltr'><strong><em>Exod.</em></strong></span> <span class='ocrx_word' id='word_1_733' title='bbox 1315 4679 1339 4740; x_wconf 80' lang='lat'><strong><em>8,</em></strong></span> <span class='ocrx_word' id='word_1_734' title='bbox 1357 4693 1381 4729; x_wconf 82' lang='lat' dir='ltr'><strong><em>r.</em></strong></span> <span class='ocrx_word' id='word_1_735' title='bbox 1404 4682 1446 4731; x_wconf 68' lang='lat'><strong><em>152</em></strong></span> <span class='ocrx_word' id='word_1_736' title='bbox 1469 4676 1621 4729; x_wconf 77' lang='lat' dir='ltr'><strong><em>Pharaoni</em></strong></span> <span class='ocrx_word' id='word_1_737' title='bbox 1637 4678 1723 4729; x_wconf 77' lang='lat' dir='ltr'><strong><em>datia</em></strong></span> <span class='ocrx_word' id='word_1_738' title='bbox 1741 4692 1783 4730; x_wconf 88' lang='lat' dir='ltr'><strong><em>re-</em></strong></span> 
     </span>
     <span class='ocr_line' id='line_1_53' title="bbox 91 4759 1784 4834; baseline -0.004 -15"><span class='ocrx_word' id='word_1_739' title='bbox 91 4764 248 4830; x_wconf 85' lang='lat' dir='ltr'><strong><em>soluuntur,</em></strong></span> <span class='ocrx_word' id='word_1_740' title='bbox 266 4763 353 4816; x_wconf 73' lang='lat' dir='ltr'><strong><em>mun</em></strong></span> <span class='ocrx_word' id='word_1_741' title='bbox 369 4761 460 4830; x_wconf 78' lang='lat' dir='ltr'><strong><em>napis</em></strong></span> <span class='ocrx_word' id='word_1_742' title='bbox 477 4760 512 4815; x_wconf 83' lang='lat' dir='ltr'><strong><em>id</em></strong></span> <span class='ocrx_word' id='word_1_743' title='bbox 526 4759 644 4831; x_wconf 83' lang='lat' dir='ltr'><strong><em>passuri</em></strong></span> <span class='ocrx_word' id='word_1_744' title='bbox 662 4766 735 4824; x_wconf 85' lang='lat' dir='ltr'><strong><em>runt,</em></strong></span> <span class='ocrx_word' id='word_1_745' title='bbox 747 4759 797 4828; x_wconf 80' lang='lat' dir='ltr'><strong><em>qui</em></strong></span> <span class='ocrx_word' id='word_1_746' title='bbox 814 4775 849 4813; x_wconf 87' lang='lat' dir='ltr'><strong><em>ca</em></strong></span> <span class='ocrx_word' id='word_1_747' title='bbox 869 4761 927 4815; x_wconf 91' lang='lat' dir='ltr'><strong><em>cla·</em></strong></span> <span class='ocrx_word' id='word_1_748' title='bbox 954 4765 1032 4834; x_wconf 69' lang='lat' dir='ltr'><strong><em>maias</em></strong></span> <span class='ocrx_word' id='word_1_749' title='bbox 1048 4782 1066 4816; x_wconf 85' lang='lat' dir='ltr'><strong><em>a</em></strong></span> <span class='ocrx_word' id='word_1_750' title='bbox 1081 4763 1188 4833; x_wconf 64' lang='lat' dir='ltr'><strong><em>piaque.</em></strong></span> <span class='ocrx_word' id='word_1_751' title='bbox 1224 4761 1356 4828; x_wconf 88' lang='lat' dir='ltr'><strong><em>Dimitte,</em></strong></span> <span class='ocrx_word' id='word_1_752' title='bbox 1379 4778 1458 4815; x_wconf 85' lang='lat' dir='ltr'><strong><em>cessa</em></strong></span> <span class='ocrx_word' id='word_1_753' title='bbox 1475 4780 1495 4814; x_wconf 89' lang='lat' dir='ltr'><strong><em>a</em></strong></span> <span class='ocrx_word' id='word_1_754' title='bbox 1511 4777 1553 4815; x_wconf 87' lang='lat' dir='ltr'><strong><em>me</em></strong></span> <span class='ocrx_word' id='word_1_755' title='bbox 1572 4769 1598 4814; x_wconf 92' lang='lat' dir='ltr'><strong><em>ct</em></strong></span> <span class='ocrx_word' id='word_1_756' title='bbox 1616 4763 1784 4826; x_wconf 79' lang='lat' dir='ltr'><strong><em>confortabo</em></strong></span> 
     </span>
     <span class='ocr_line' id='line_1_54' title="bbox 93 4846 1784 4919; baseline -0.002 -14"><span class='ocrx_word' id='word_1_757' title='bbox 93 4852 129 4905; x_wconf 89' lang='lat' dir='ltr'><strong><em>dc</em></strong></span> <span class='ocrx_word' id='word_1_758' title='bbox 146 4857 292 4904; x_wconf 77' lang='lat' dir='ltr'><strong><em>venamur.</em></strong></span> <span class='ocrx_word' id='word_1_759' title='bbox 327 4849 367 4902; x_wconf 86' lang='lat' dir='ltr'><strong><em>Et</em></strong></span> <span class='ocrx_word' id='word_1_760' title='bbox 383 4849 425 4900; x_wconf 89' lang='lat' dir='ltr'><strong><em>ad</em></strong></span> <span class='ocrx_word' id='word_1_761' title='bbox 437 4847 600 4915; x_wconf 82' lang='lat' dir='ltr'><strong><em>passionem</em></strong></span> <span class='ocrx_word' id='word_1_762' title='bbox 615 4863 740 4915; x_wconf 85' lang='lat' dir='ltr'><strong><em>pronum</em></strong></span> <span class='ocrx_word' id='word_1_763' title='bbox 766 4863 854 4915; x_wconf 76' lang='lat' dir='ltr'><strong><em>peritis</em></strong></span> <span class='ocrx_word' id='word_1_764' title='bbox 879 4847 928 4900; x_wconf 83' lang='lat' dir='ltr'><strong><em>bu·</em></strong></span> <span class='ocrx_word' id='word_1_765' title='bbox 955 4867 1004 4919; x_wconf 81' lang='lat' dir='ltr'><strong><em>ms,</em></strong></span> <span class='ocrx_word' id='word_1_766' title='bbox 1022 4847 1238 4916; x_wconf 70' lang='lat' dir='ltr'><strong><em>altionem,</em></strong></span> <span class='ocrx_word' id='word_1_767' title='bbox 1257 4846 1448 4903; x_wconf 56' lang='lat' dir='ltr'><strong><em>spondis</em></strong></span> <span class='ocrx_word' id='word_1_768' title='bbox 1465 4846 1575 4902; x_wconf 89' lang='lat' dir='ltr'><strong><em>inferno</em></strong></span> <span class='ocrx_word' id='word_1_769' title='bbox 1592 4847 1784 4902; x_wconf 88' lang='lat' dir='ltr'><strong><em>damnatorum</em></strong></span> 
     </span>
     <span class='ocr_line' id='line_1_55' title="bbox 92 4931 1784 5003; baseline -0.002 -11"><span class='ocrx_word' id='word_1_770' title='bbox 92 4955 205 4993; x_wconf 78' lang='lat' dir='ltr'><strong><em>mmmm</em></strong></span> <span class='ocrx_word' id='word_1_771' title='bbox 230 4936 407 5003; x_wconf 80' lang='lat' dir='ltr'><strong><em>aliorumque</em></strong></span> <span class='ocrx_word' id='word_1_772' title='bbox 430 4932 638 4989; x_wconf 83' lang='lat' dir='ltr'><strong><em>calamitatibus</em></strong></span> <span class='ocrx_word' id='word_1_773' title='bbox 663 4933 755 4998; x_wconf 78' lang='lat' dir='ltr'><strong><em>facilc</em></strong></span> <span class='ocrx_word' id='word_1_774' title='bbox 777 4950 928 4988; x_wconf 85' lang='lat' dir='ltr'><strong><em>commoue-</em></strong></span> <span class='ocrx_word' id='word_1_775' title='bbox 953 4936 1094 4991; x_wconf 83' lang='lat' dir='ltr'><strong><em>cruciatus</em></strong></span> <span class='ocrx_word' id='word_1_776' title='bbox 1110 4951 1161 4989; x_wconf 90' lang='lat' dir='ltr'><strong><em>nec</em></strong></span> <span class='ocrx_word' id='word_1_777' title='bbox 1180 4932 1264 4988; x_wconf 88' lang='lat' dir='ltr'><strong><em>finem</em></strong></span> <span class='ocrx_word' id='word_1_778' title='bbox 1282 4931 1437 5000; x_wconf 85' lang='lat' dir='ltr'><strong><em>habebant,</em></strong></span> <span class='ocrx_word' id='word_1_779' title='bbox 1465 4950 1517 4988; x_wconf 88' lang='lat' dir='ltr'><strong><em>neo</em></strong></span> <span class='ocrx_word' id='word_1_780' title='bbox 1539 4934 1672 5003; x_wconf 89' lang='lat' dir='ltr'><strong><em>requiem.</em></strong></span> <span class='ocrx_word' id='word_1_781' title='bbox 1707 4935 1784 4989; x_wconf 89' lang='lat' dir='ltr'><strong><em>Haec</em></strong></span> 
     </span>
     <span class='ocr_line' id='line_1_56' title="bbox 92 5019 1783 5094; baseline -0.004 -16"><span class='ocrx_word' id='word_1_782' title='bbox 92 5042 162 5081; x_wconf 88' lang='lat' dir='ltr'><strong><em>mur.</em></strong></span> <span class='ocrx_word' id='word_1_783' title='bbox 202 5022 263 5087; x_wconf 81' lang='lat' dir='ltr'><strong><em>Quo</em></strong></span> <span class='ocrx_word' id='word_1_784' title='bbox 279 5031 364 5093; x_wconf 88' lang='lat' dir='ltr'><strong><em>pacto</em></strong></span> <span class='ocrx_word' id='word_1_785' title='bbox 377 5029 464 5094; x_wconf 83' lang='lat' dir='ltr'><strong><em>pater</em></strong></span> <span class='ocrx_word' id='word_1_786' title='bbox 481 5022 573 5086; x_wconf 56' lang='lat' dir='ltr'><strong><em>murm</em></strong></span> <span class='ocrx_word' id='word_1_787' title='bbox 588 5022 619 5076; x_wconf 87' lang='lat' dir='ltr'><strong><em>in</em></strong></span> <span class='ocrx_word' id='word_1_788' title='bbox 637 5024 735 5077; x_wconf 86' lang='lat' dir='ltr'><strong><em>cadem</em></strong></span> <span class='ocrx_word' id='word_1_789' title='bbox 747 5022 928 5077; x_wconf 72' lang='lat' dir='ltr'><strong><em>munuum</em></strong></span> <span class='ocrx_word' id='word_1_790' title='bbox 954 5037 1104 5094; x_wconf 86' lang='lat' dir='ltr'><strong><em>poenarum</em></strong></span> <span class='ocrx_word' id='word_1_791' title='bbox 1116 5019 1285 5076; x_wconf 85' lang='lat' dir='ltr'><strong><em>continuitas</em></strong></span> <span class='ocrx_word' id='word_1_792' title='bbox 1297 5019 1430 5089; x_wconf 87' lang='lat' dir='ltr'><strong><em>probatur</em></strong></span> <span class='ocrx_word' id='word_1_793' title='bbox 1449 5024 1471 5074; x_wconf 88' lang='lat'><strong><em>1.</em></strong></span> <span class='ocrx_word' id='word_1_794' title='bbox 1486 5035 1520 5072; x_wconf 82' lang='lat' dir='ltr'><strong><em>ea</em></strong></span> <span class='ocrx_word' id='word_1_795' title='bbox 1531 5019 1692 5072; x_wconf 87' lang='lat' dir='ltr'><strong><em>clarissima</em></strong></span> <span class='ocrx_word' id='word_1_796' title='bbox 1707 5021 1783 5073; x_wconf 81' lang='lat' dir='ltr'><strong><em>Scri-</em></strong></span> 
     </span>
     <span class='ocr_line' id='line_1_57' title="bbox 93 5105 1785 5179; baseline -0.004 -13"><span class='ocrx_word' id='word_1_797' title='bbox 93 5112 272 5166; x_wconf 84' lang='lat' dir='ltr'><strong><em>comtitutum</em></strong></span> <span class='ocrx_word' id='word_1_798' title='bbox 289 5111 389 5164; x_wconf 78' lang='lat' dir='ltr'><strong><em>oidcm</em></strong></span> <span class='ocrx_word' id='word_1_799' title='bbox 407 5109 541 5165; x_wconf 63' lang='lat' dir='ltr'><strong><em>mianum</em></strong></span> <span class='ocrx_word' id='word_1_800' title='bbox 568 5109 685 5179; x_wconf 88' lang='lat' dir='ltr'><strong><em>capiatt</em></strong></span> <span class='ocrx_word' id='word_1_801' title='bbox 711 5116 810 5163; x_wconf 86' lang='lat' dir='ltr'><strong><em>contra</em></strong></span> <span class='ocrx_word' id='word_1_802' title='bbox 836 5125 928 5178; x_wconf 83' lang='lat' dir='ltr'><strong><em>poena</em></strong></span> <span class='ocrx_word' id='word_1_803' title='bbox 951 5116 1055 5179; x_wconf 72' lang='lat' dir='ltr'><strong><em>prinae</em></strong></span> <span class='ocrx_word' id='word_1_804' title='bbox 1072 5107 1235 5166; x_wconf 71' lang='lat' dir='ltr'><strong><em>martiane.</em></strong></span> <span class='ocrx_word' id='word_1_805' title='bbox 1269 5105 1332 5162; x_wconf 75' lang='lat' dir='ltr'><strong><em>usu</em></strong></span> <span class='ocrx_word' id='word_1_806' title='bbox 1354 5110 1499 5173; x_wconf 79' lang='lat' dir='ltr'><strong><em>34,v.1o:</em></strong></span> <span class='ocrx_word' id='word_1_807' title='bbox 1518 5107 1650 5158; x_wconf 85' lang='lat' dir='ltr'><strong><em>Noctcct</em></strong></span> <span class='ocrx_word' id='word_1_808' title='bbox 1669 5106 1716 5159; x_wconf 85' lang='lat' dir='ltr'><strong><em>dic</em></strong></span> <span class='ocrx_word' id='word_1_809' title='bbox 1729 5125 1785 5159; x_wconf 83' lang='lat' dir='ltr'><strong><em>non</em></strong></span> 
     </span>
     <span class='ocr_line' id='line_1_58' title="bbox 93 5189 1782 5271; baseline -0.005 -19"><span class='ocrx_word' id='word_1_810' title='bbox 93 5197 142 5252; x_wconf 89' lang='lat' dir='ltr'><strong><em>illi</em></strong></span> <span class='ocrx_word' id='word_1_811' title='bbox 156 5214 190 5252; x_wconf 82' lang='lat' dir='ltr'><strong><em>ea</em></strong></span> <span class='ocrx_word' id='word_1_812' title='bbox 214 5213 249 5250; x_wconf 90' lang='lat' dir='ltr'><strong><em>ca</em></strong></span> <span class='ocrx_word' id='word_1_813' title='bbox 274 5198 406 5250; x_wconf 73' lang='lat' dir='ltr'><strong><em>reddata</em></strong></span> <span class='ocrx_word' id='word_1_814' title='bbox 428 5195 546 5250; x_wconf 67' lang='lat' dir='ltr'><strong><em>aucdon</em></strong></span> <span class='ocrx_word' id='word_1_815' title='bbox 582 5194 768 5266; x_wconf 82' lang='lat' dir='ltr'><strong><em>Gregoriusl</em></strong></span> <span class='ocrx_word' id='word_1_816' title='bbox 789 5203 814 5252; x_wconf 84' lang='lat' dir='ltr'><strong><em>a.</em></strong></span> <span class='ocrx_word' id='word_1_817' title='bbox 831 5196 928 5253; x_wconf 87' lang='lat' dir='ltr'><strong><em>moral.</em></strong></span> <span class='ocrx_word' id='word_1_818' title='bbox 954 5194 1144 5264; x_wconf 73' lang='lat' dir='ltr'><strong><em>eastinpuetur</em></strong></span> <span class='ocrx_word' id='word_1_819' title='bbox 1161 5193 1212 5246; x_wconf 87' lang='lat' dir='ltr'><strong><em>ille</em></strong></span> <span class='ocrx_word' id='word_1_820' title='bbox 1228 5192 1303 5271; x_wconf 80' lang='lat' dir='ltr'><strong><em>ipnis</em></strong></span> <span class='ocrx_word' id='word_1_821' title='bbox 1322 5190 1487 5256; x_wconf 74' lang='lat' dir='ltr'><strong><em>infamatis.</em></strong></span> <span class='ocrx_word' id='word_1_822' title='bbox 1521 5189 1610 5259; x_wconf 85' lang='lat' dir='ltr'><strong><em>Apoo.</em></strong></span> <span class='ocrx_word' id='word_1_823' title='bbox 1633 5196 1674 5258; x_wconf 79' lang='lat'><strong><em>14,</em></strong></span> <span class='ocrx_word' id='word_1_824' title='bbox 1688 5209 1713 5246; x_wconf 86' lang='lat' dir='ltr'><strong><em>r.</em></strong></span> <span class='ocrx_word' id='word_1_825' title='bbox 1736 5198 1782 5248; x_wconf 85' lang='lat'><strong><em>11:</em></strong></span> 
     </span>
     <span class='ocr_line' id='line_1_59' title="bbox 94 5278 1784 5352; baseline -0.004 -13"><span class='ocrx_word' id='word_1_826' title='bbox 94 5299 118 5342; x_wconf 85' lang='lat' dir='ltr'><strong><em>c.</em></strong></span> <span class='ocrx_word' id='word_1_827' title='bbox 143 5287 190 5339; x_wconf 80' lang='lat'><strong><em>39:</em></strong></span> <span class='ocrx_word' id='word_1_828' title='bbox 234 5283 373 5352; x_wconf 66' lang='lat' dir='ltr'><strong><em>&amp;quercet</em></strong></span> <span class='ocrx_word' id='word_1_829' title='bbox 396 5296 505 5351; x_wconf 78' lang='lat' dir='ltr'><strong><em>quoque</em></strong></span> <span class='ocrx_word' id='word_1_830' title='bbox 527 5297 593 5335; x_wconf 76' lang='lat' dir='ltr'><strong><em>neos</em></strong></span> <span class='ocrx_word' id='word_1_831' title='bbox 613 5296 707 5336; x_wconf 81' lang='lat' dir='ltr'><strong><em>secum</em></strong></span> <span class='ocrx_word' id='word_1_832' title='bbox 737 5282 768 5335; x_wconf 83' lang='lat' dir='ltr'><strong><em>in</em></strong></span> <span class='ocrx_word' id='word_1_833' title='bbox 794 5289 930 5336; x_wconf 68' lang='lat' dir='ltr'><strong><em>maseato</em></strong></span> <span class='ocrx_word' id='word_1_834' title='bbox 955 5281 1094 5335; x_wconf 84' lang='lat' dir='ltr'><strong><em>Damnati</em></strong></span> <span class='ocrx_word' id='word_1_835' title='bbox 1118 5297 1175 5333; x_wconf 87' lang='lat' dir='ltr'><strong><em>non</em></strong></span> <span class='ocrx_word' id='word_1_836' title='bbox 1204 5279 1305 5332; x_wconf 83' lang='lat' dir='ltr'><strong><em>babent</em></strong></span> <span class='ocrx_word' id='word_1_837' title='bbox 1327 5278 1451 5345; x_wconf 84' lang='lat' dir='ltr'><strong><em>requiem</em></strong></span> <span class='ocrx_word' id='word_1_838' title='bbox 1476 5278 1524 5331; x_wconf 89' lang='lat' dir='ltr'><strong><em>die</em></strong></span> <span class='ocrx_word' id='word_1_839' title='bbox 1546 5295 1580 5331; x_wconf 85' lang='lat' dir='ltr'><strong><em>ac</em></strong></span> <span class='ocrx_word' id='word_1_840' title='bbox 1602 5285 1691 5333; x_wconf 83' lang='lat' dir='ltr'><strong><em>nocte.</em></strong></span> <span class='ocrx_word' id='word_1_841' title='bbox 1725 5294 1784 5348; x_wconf 87' lang='lat' dir='ltr'><strong><em>cap.</em></strong></span> 
     </span>
     <span class='ocr_line' id='line_1_60' title="bbox 93 5363 1785 5442; baseline -0.004 -17"><span class='ocrx_word' id='word_1_842' title='bbox 93 5369 209 5442; x_wconf 81' lang='lat' dir='ltr'><strong><em>reprobi</em></strong></span> <span class='ocrx_word' id='word_1_843' title='bbox 226 5370 347 5439; x_wconf 78' lang='lat' dir='ltr'><strong><em>stamma</em></strong></span> <span class='ocrx_word' id='word_1_844' title='bbox 364 5368 526 5423; x_wconf 70' lang='lat' dir='ltr'><strong><em>illustrarat</em></strong></span> <span class='ocrx_word' id='word_1_845' title='bbox 543 5366 635 5421; x_wconf 66' lang='lat' dir='ltr'><strong><em>vistai</em></strong></span> <span class='ocrx_word' id='word_1_846' title='bbox 649 5375 729 5435; x_wconf 85' lang='lat' dir='ltr'><strong><em>sunt,</em></strong></span> <span class='ocrx_word' id='word_1_847' title='bbox 751 5384 869 5436; x_wconf 71' lang='lat' dir='ltr'><strong><em>quum</em></strong></span> <span class='ocrx_word' id='word_1_848' title='bbox 897 5385 929 5420; x_wconf 91' lang='lat' dir='ltr'><strong><em>a·</em></strong></span> <span class='ocrx_word' id='word_1_849' title='bbox 956 5374 997 5431; x_wconf 80' lang='lat' dir='ltr'><strong><em>io,</em></strong></span> <span class='ocrx_word' id='word_1_850' title='bbox 1014 5385 1040 5424; x_wconf 84' lang='lat' dir='ltr'><strong><em>v.</em></strong></span> <span class='ocrx_word' id='word_1_851' title='bbox 1061 5372 1106 5422; x_wconf 87' lang='lat'><strong><em>10:</em></strong></span> <span class='ocrx_word' id='word_1_852' title='bbox 1137 5365 1344 5420; x_wconf 81' lang='lat' dir='ltr'><strong><em>Cruciabuntur</em></strong></span> <span class='ocrx_word' id='word_1_853' title='bbox 1364 5364 1411 5417; x_wconf 91' lang='lat' dir='ltr'><strong><em>dic</em></strong></span> <span class='ocrx_word' id='word_1_854' title='bbox 1436 5380 1470 5417; x_wconf 89' lang='lat' dir='ltr'><strong><em>ac</em></strong></span> <span class='ocrx_word' id='word_1_855' title='bbox 1493 5371 1585 5420; x_wconf 67' lang='lat' dir='ltr'><strong><em>nocte,</em></strong></span> <span class='ocrx_word' id='word_1_856' title='bbox 1617 5363 1678 5427; x_wconf 77' lang='lat' dir='ltr'><strong><em>Quo</em></strong></span> <span class='ocrx_word' id='word_1_857' title='bbox 1703 5381 1785 5418; x_wconf 86' lang='lat' dir='ltr'><strong><em>sensu</em></strong></span> 
     </span>
     <span class='ocr_line' id='line_1_61' title="bbox 94 5444 1785 5525; baseline -0.004 -14"><span class='ocrx_word' id='word_1_858' title='bbox 94 5473 170 5513; x_wconf 86' lang='lat' dir='ltr'><strong><em>more</em></strong></span> <span class='ocrx_word' id='word_1_859' title='bbox 190 5456 378 5524; x_wconf 78' lang='lat' dir='ltr'><strong><em>deliqununt,</em></strong></span> <span class='ocrx_word' id='word_1_860' title='bbox 395 5444 532 5525; x_wconf 74' lang='lat' dir='ltr'><strong><em>queuntis</em></strong></span> <span class='ocrx_word' id='word_1_861' title='bbox 550 5453 601 5523; x_wconf 80' lang='lat' dir='ltr'><strong><em>qai</em></strong></span> <span class='ocrx_word' id='word_1_862' title='bbox 616 5460 712 5509; x_wconf 69' lang='lat' dir='ltr'><strong><em>mnan</em></strong></span> <span class='ocrx_word' id='word_1_863' title='bbox 728 5452 814 5508; x_wconf 59' lang='lat' dir='ltr'><strong><em>mum</em></strong></span> <span class='ocrx_word' id='word_1_864' title='bbox 826 5469 927 5509; x_wconf 75' lang='lat' dir='ltr'><strong><em>carru·</em></strong></span> <span class='ocrx_word' id='word_1_865' title='bbox 940 5486 942 5490; x_wconf 29' lang='grc' dir='ltr'><strong><em>ι</em></strong></span> <span class='ocrx_word' id='word_1_866' title='bbox 955 5453 1015 5508; x_wconf 88' lang='lat' dir='ltr'><strong><em>dies</em></strong></span> <span class='ocrx_word' id='word_1_867' title='bbox 1032 5469 1066 5508; x_wconf 89' lang='lat' dir='ltr'><strong><em>sc</em></strong></span> <span class='ocrx_word' id='word_1_868' title='bbox 1083 5469 1137 5507; x_wconf 86' lang='lat' dir='ltr'><strong><em>nor</em></strong></span> <span class='ocrx_word' id='word_1_869' title='bbox 1155 5451 1248 5506; x_wconf 87' lang='lat' dir='ltr'><strong><em>futuro</em></strong></span> <span class='ocrx_word' id='word_1_870' title='bbox 1265 5449 1359 5505; x_wconf 85' lang='lat' dir='ltr'><strong><em>seculo</em></strong></span> <span class='ocrx_word' id='word_1_871' title='bbox 1377 5448 1525 5518; x_wconf 88' lang='lat' dir='ltr'><strong><em>tribuatur,</em></strong></span> <span class='ocrx_word' id='word_1_872' title='bbox 1541 5465 1606 5505; x_wconf 89' lang='lat' dir='ltr'><strong><em>oum</em></strong></span> <span class='ocrx_word' id='word_1_873' title='bbox 1624 5449 1731 5505; x_wconf 88' lang='lat' dir='ltr'><strong><em>dierum</em></strong></span> <span class='ocrx_word' id='word_1_874' title='bbox 1752 5467 1785 5505; x_wconf 85' lang='lat' dir='ltr'><strong><em>ac</em></strong></span> 
     </span>
    </p>
   </div>
   <div class='ocr_carea' id='block_1_3' title="bbox 0 0 2031 6004">
    <p class='ocr_par' dir='ltr' id='par_1_46' title="bbox 0 0 2031 6004">
     <span class='ocr_line' id='line_1_62' title="bbox 0 0 2031 6004; baseline 0 0"><span class='ocrx_word' id='word_1_875' title='bbox 0 0 2031 6004; x_wconf 95' lang='lat' dir='ltr'><strong><em> </em></strong></span> 
     </span>
    </p>
   </div>
  </div>
 </body>
</html>
